3200 5159
683 431 1330 502 ms'r-t'ru'rloms
1367 434 1949 520 ORAT.L113.X‚
2001 464 2054 506 1.
2329 451 2418 537 ⁴9

323 553 754 654 eloquendo,
784 555 1235 655 neutriusque
1256 569 1271 598 ¹
1318 581 1588 655 aequare
1625 558 1945 651 virtutes;
1976 563 2277 639 alterum
2313 589 2416 641 ta-

304 695 494 741 ,men
537 671 631 742 ab
655 696 737 742 eo
777 670 1099 759 materia,
1124 669 1419 743 alterum
1454 670 1871 769 disponendi
1907 678 2169 751 ratione
2202 708 2413 782 supe-

322 782 531 855 rari'.
579 781 1039 883 Apollonius-'⁶
1087 784 1160 856 iu
1209 784 1526 857 ordinem
1569 814 1612 858 a
1655 794 2120 884 grammaticis
2168 794 2412 869 datum

322 919 474 968 non
529 898 750 988 veuit,
810 898 974 997 quia
1036 898 1517 971 Aristarchus4
1577 922 1784 1000 atque
1842 903 2413 1009 ⁵A1istophaneS‚

324 1032 693 1110 poetarum
712 1013 1053 1114 judices⁶‚
1089 1013 1449 1100 nerninem
1480 1015 1585 1086 sui
1631 1019 2000 1117 temporis?
2041 1021 2111 1093 in
2152 1051 2413 1096 nume-

294 1152 488 1200 -1·um
542 1125 988 1225 redegerunt3
1041 1154 1185 1200 non
1231 1147 1461 1199 tamen
1510 1134 2107 1207 contemnendum
2151 1135 2417 1211 ⁸edidit

319 1248 501 1321 opus
547 1223 841 1324 aequalis
918 1225 1222 1323 quadam
1263 1224 1757 1316 mediocritate.
1801 1234 2006 1303 Arati
2040 1247 2094 1277 ¹⁰
2130 1237 2419 1309 materia
2447 1268 2519 1323 55

319 1442 454 1496 dum
495 1443 792 1518 respondeo
828 1445 1048 1518 intelligi
1087 1461 1140 1501 et
1175 1448 1328 1500 Ami-

321 1522 591 1576 machum.
622 1525 735 1575 Hoc
759 1526 831 1590 is,
861 1527 952 1595 qui
974 1526 1160 1578 similia
1183 1525 1329 1578 hisce

318 1603 538 1674 prodit,
576 1605 858 1677 Dionysius
899 1603 1125 1656 dubitari
1171 1618 1326 1656 vetat.

320 1682 606 1734 Recensito
627 1683 764 1734 enim
780 1683 1009 1734 Homero
1024 1720 1042 1749 ,
1062 1681 1294 1734 Hesiodo
1310 1720 1328 1749 ,

322 1759 642 1812 Antimacho
657 1759 767 1814 haee
784 1755 992 1831 subjicit
1008 1785 1019 1813 ι
1034 1760 1327 1816 Πανύασις...

319 1836 468 1894 τὶς...
485 1839 648 1904 ιζιφοΐν
665 1839 827 1907 iper&
844 1842 1086 1906 ἦπγκειτο.
1100 1842 1333 1913 Spectari

290 1973 301 1978 ,
322 1931 501 1970 autem
537 1920 753 1972 virtutes
790 1917 1075 1991 eloquendi
1112 1933 1333 1991 apparet

314 1999 414 2062 iis,
440 2016 554 2068 quae
580 2012 934 2050 memorantur
955 2001 1010 2051 in
1034 1998 1330 2071 praecedenv

324 2074 468 2128 tilius
502 2078 614 2129 istis
645 2075 887 2129 duobus:
912 2073 1119 2133 Ἠσίοδος
1140 2075 1270 2143 μὲν..
1286 2114 1297 2127 .
1315 2117 1327 2129 .

318 2152 629 2223 inisti-aen...
648 2151 879 2221 ὀνομάσων
894 2155 1119 2214 anime
1133 2157 1213 2209 aa}
1229 2178 1331 2209 evr-

322 2231 487 2291 θὶσως
516 2235 753 2301 ὅμμιλοῧς.
769 2275 780 2287 .
797 2273 810 2287 .
827 2272 842 2287 .
872 2236 1149 2301 Ἀντίμαχος
1173 2235 1238 2286 δ’.
1255 2272 1269 2287 .
1287 2275 1298 2287 .
1313 2275 1326 2288 .

323 2313 629 2378 dyona-1135
657 2311 948 2384 τραχύτητος
974 2313 1056 2365 καὶ
1080 2312 1169 2366 ‘reia'
1193 2312 1328 2367 ouri-'-

323 2393 427 2449 owe
448 2394 529 2449 ‘rii'c
556 2393 824 2460 ὂξαλλαγῗς
847 2394 1094 2465 (minime
1118 2383 1330 2466 vulgare

321 2468 601 2543 eloquendi
615 2492 811 2547 genus,
836 2471 1071 2542 Quium).
1106 2472 1331 2543 Superat

319 2551 483 2616 igitur
502 2550 746 2624 Panyasis
770 2553 986 2604 ‚nater-ia
1009 2550 1296 2602 Hesiodum
1310 2587 1328 2616 ,

322 2627 645 2698 disponendi
668 2632 869 2681 ratione
893 2627 1225 2697 (πραγματείᾳ,
1248 2628 1329 2678 καὶ

322 2705 577 2779 οἰκονομίᾳ)
593 2707 979 2760 Antimachum.
994 2708 1329 2778 Quamquam

318 2803 522 2857 graeeus
540 2801 830 2859 preceptor
842 2790 1050 2858 utrique
1065 2785 1164 2838 hac
1178 2801 1329 2859 parte

320 2866 530 2938 praefert
551 2868 822 2940 panyasin.

402 2963 447 2997 t.
474 2946 826 3018 Neutriusque
840 2967 860 3007 ‚·
889 2946 962 2997 sic
984 2946 1160 2996 Turic.
1186 2943 1325 2996 Flor.

319 3025 487 3074 Cau».
505 3022 851 3095 (quamquam
863 3023 950 3075 hic
966 3042 1031 3074 ue
1043 3022 1330 3095 utriusque)

320 3121 448 3153 cum
473 3101 594 3154 Ald.
625 3103 825 3156 Primus
854 3122 885 3154 a
914 3121 1017 3154 sec.
1045 3119 1203 3153 manu
1234 3101 1330 3154 ad-

323 3184 579 3252 scriptum
599 3201 755 3254 supra
776 3180 937 3235 babet
955 3201 1061 3232 una
1077 3199 1214 3252 pars.
1231 3183 1330 3232 Re-

322 3260 456 3331 liqui
477 3262 726 3313 omittunt
747 3261 1069 3320 encliticam3
1090 3273 1140 3310 et
1154 3278 1331 3312 recen-

327 3344 487 3392 tiores
502 3340 740 3413 plerique
755 3338 1006 3412 virgulam
1019 3377 1035 3405 ,
1050 3358 1207 3411 quam
1229 3359 1327 3409 ego

325 3434 451 3492 post
473 3420 791 3493 eloquendo,
818 3432 944 3496 post
967 3428 1166 3491 putant
1184 3417 1331 3470 exhi-

320 3496 470 3550 bent.

404 3596 456 3630 a.
482 3576 763 3648 Superat-k
786 3578 860 3629 sic
883 3575 1016 3630 Van.
1042 3572 1133 3627 lib.
1159 3576 1265 3628 BR.
1290 3593 1341 3645 7,

329 3657 393 3720 8,
419 3671 481 3723 9,
510 3652 709 3724 12(hic
733 3672 763 3705 a
790 3672 894 3706 sec.
920 3653 1104 3724 manu)
1133 3652 1221 3719 14,
1248 3652 1340 3718 15,

331 3734 445 3786 ctu
456 3750 496 3784 r.
520 3732 682 3784 Andr.
707 3733 848 3784 Jens.
865 3731 983 3785 Ald.
1000 3732 1308 3802 Superatum
1320 3751 1339 3791 ,-

334 3815 408 3867 sic
434 3813 541 3863 Ru.
572 3827 661 3876 to,
689 3829 778 3876 ια,
801 3814 916 3862 Put.
941 3812 1077 3870 Prat.
1104 3811 1195 3861 En.

404 3889 457 3941 3.
471 3888 807 3961 Apollonius.
817 3888 914 3940 Hic
928 3899 1108 3960 poeta,
1124 3886 1341 3938 Alexan·

335 3967 447 4021 dn'a
473 3967 730 4021 oriundus
745 4006 762 4034 ,
785 3967 955 4020 dictus
982 3979 1058 4017 est
1081 3964 1338 4030 Rhodius,

339 4050 460 4121 quia
484 4046 661 4099 Rhodi
682 4044 882 4098 litteras
906 4046 1104 4098 docuit.
1130 4045 1206 4096 Ex
1231 4063 1341 4094 om-

336 4126 495 4186 nibus
512 4164 530 4193 ,
574 4145 689 4198 qun
731 4137 1100 4197 composuerat
1115 4155 1141 4192 ,-
1172 4123 1346 4194 operi-

550 4214 604 4283 4.

1410 1444 1509 1500 bus
1544 1463 1712 1503 exstat
1740 1464 1941 1504 tantum
1971 1452 2036 1506 de
2057 1454 2414 1529 Arqonautica

1410 1527 1746 1598 expeditione
1767 1549 1986 1602 poema,
2010 1534 2154 1604 quod
2179 1536 2413 1590 Valerius

1409 1603 1629 1658 Flaccus
1654 1608 1752 1660 sibi
1781 1615 2058 1682 proposuit
2083 1613 2411 1668 imitandum.

1407 1684 1541 1737 Vide
1566 1685 1610 1757 §.
1635 1687 1730 1755 88,
1752 1707 1874 1759 pag.
1904 1709 1997 1761 7²⁹
2023 1707 2135 1744 not.
2163 1694 2212 1746 5.
2239 1697 2332 1747 Eo.

1482 1764 1533 1830 4.
1546 1766 1881 1820 Aristarchus.
1903 1771 1996 1821 Hic
2014 1784 2244 1824 veterum
2261 1774 2417 1826 facile

1412 1843 1658 1915 princeps
1678 1848 1978 1898 criticorum
1992 1887 2008 1914 ,
2030 1853 2144 1920 qui,
2165 1869 2415 1921 regnante

1410 1919 1691 1994 Ptolemaeo
1703 1923 2074 1994 Philometore,
2085 1928 2279 1992 floruit,
2296 1953 2423 2004 ope-

1410 1998 1554 2051 ribus
1580 2000 1820 2068 Pindari,
1843 2005 2020 2071 Arati,
2052 2020 2104 2058 et
2133 2014 2417 2077 praesertim

1412 2077 1626 2128 Homeri
1650 2081 1971 2148 corrigendis
2001 2097 2052 2135 et
2079 2088 2417 2142 restituendis

1408 2155 1566 2205 vitam
1591 2157 1864 2228 impendit.
1897 2161 1984 2211 En.

1482 2232 1531 2285 5.
1561 2234 1945 2306 Aristophanes.
1977 2241 2106 2309 Hic,
2130 2243 2420 2313 Byzantius

1409 2310 1602 2379 dictus,
1618 2312 1827 2367 celeber
1840 2317 1958 2385 fuit,
1975 2335 2223 2389 regnante
2237 2324 2415 2378 Ptole-

1409 2410 1540 2444 maeo
1557 2396 1827 2463 Evergete,
1840 2403 2228 2466 grammaticus.
2241 2405 2414 2472 Quem

1410 2469 1740 2524 Glossemata
1754 2474 2016 2527 Laconica
2032 2480 2300 2550 scripsisse
2317 2495 2419 2534 tes·
2511 2479 2518 2488 ”

1412 2560 1551 2600 tatur
1566 2548 1848 2618 Athenaeus
1859 2589 1877 2615 ,
1893 2551 1980 2605 lib.
1995 2555 2097 2622 111,
2112 2575 2227 2629 cap.
2249 2559 2302 2625 4.
2316 2562 2410 2614 En.

1480 2627 1530 2678 6.
1544 2626 1972 2697 Judicesffuric„
1978 2632 2246 2704 judicium
2257 2674 2273 2700 ,
2293 2654 2416 2691 cum

1407 2705 1544 2758 Alm.
1579 2706 1682 2760 Sed
1716 2726 1746 2759 a
1775 2727 1884 2760 sec.
1919 2730 2078 2763 manu
2102 2715 2297 2784 juditio
2310 2755 2331 2784 ,
2364 2731 2418 2770 et

1411 2787 1485 2836 sic
1509 2785 1672 2837 Cam».
1687 2823 1703 2851 ,
1728 2788 1828 2838 nisi
1852 2781 1994 2859 qtiod
2016 2809 2113 2860 per
2134 2809 2178 2841 c.

1482 2881 1531 2934 7.
1550 2863 1876 2938 Temporis...
1900 2868 2210 2939 redeyentnt.
2231 2870 2289 2923 Id
2306 2887 2413 2941 est,

1409 2945 1460 2995 in
1478 2956 1756 3014 poetarum
1772 2945 1980 3015 album,
2000 2967 2096 3000 seu
2115 2951 2416 3023 catalogum

1409 3023 1717 3075 retulerunt.
1740 3023 1872 3077 Vide
1894 3025 1986 3078 lib.
2010 3029 2062 3095 1,
2081 3048 2198 3101 cap.
2225 3032 2286 3100 4,
2306 3035 2353 3101 S.
2376 3034 2414 3085 3

1412 3116 1573 3169 extr.,
1595 3116 1707 3154 not.
1735 3098 1785 3153 5.
1811 3105 1904 3155 En.

1480 3180 1529 3231 8.
1556 3179 1755 3233 Edidit.
1776 3181 1956 3232 Turic.
1975 3180 2114 3234 Flor.
2137 3183 2161 3255 (
2173 3183 2261 3237 hic
2281 3205 2310 3237 a
2329 3206 2410 3258 pr.

1409 3258 1595 3329 manu)
1625 3258 1822 3325 reddit,
1852 3278 1970 3311 cum
1995 3261 2155 3314 Goth.
2181 3267 2329 3318 Voss.
2363 3285 2413 3321 2.

1408 3337 1655 3388 Reddidit
1676 3356 1739 3388 ex
1760 3335 1895 3388 Alm.
1922 3339 2157 3393 affertur.

1485 3435 1535 3486 9.
1552 3415 1776 3487 AEquali
1793 3416 2022 3488 quadam
2043 3420 2414 3477 mediocritate.

1401 3486 1643 3547 'Ammon
1668 3493 1899 3566 appellat
1921 3497 2188 3567 Longinus
2217 3501 2284 3553 33
2301 3540 2319 3568 ,
2348 3504 2382 3556 6
2397 3544 2415 3570 ,

1412 3573 1616 3644 judicio
1653 3575 1789 3625 inter
1819 3575 2052 3627 eruditos
2080 3578 2327 3650 vulgato,
2360 3598 2423 3636 ut

1419 3651 1643 3714 videtur,
1661 3651 1714 3700 in
1736 3669 1842 3720 quo
1862 3670 1972 3703 non
1988 3658 2271 3728 acquiescit
2288 3662 2423 3734 Hey-

1420 3732 1539 3781 nius
1573 3729 1775 3800 Opusc.
1811 3732 1867 3796 I,
1908 3751 1963 3801 p.
2005 3734 2089 3784 81.
2128 3736 2272 3788 Idem
2311 3742 2424 3794 fere

1419 3810 1616 3861 Noster
1636 3808 1778 3873 Vni,
1804 3808 1865 3874 ⁵,
1890 3810 1986 3861 32:
2017 3835 2041 3857 ιι
2059 3810 2186 3865 dum
2211 3819 2424 3888 timent,

1425 3909 1448 3932 ιι
1469 3905 1535 3939 ne
1561 3884 1844 3957 aliquando
1869 3887 2087 3955 cadant,
2111 3909 2318 3964 semper
2337 3899 2425 3966 ja-

1427 3989 1449 4012 «
1470 3978 1620 4026 cent;
1641 3988 1663 4012 a·
1688 3966 1813 4017 item
1836 3968 1905 4030 11,
1926 3967 1989 4034 4.,
2009 3987 2072 4038 9:
2105 3992 2128 4017 κ
2147 3969 2274 4024 dum
2298 3979 2425 4030 satis

1427 4068 1451 4092 κ
1470 4057 1718 4117 putant...
1744 4045 2020 4097 virtutibus
2044 4065 2239 4103 carent.
2263 4076 2285 4100 ιο

1499 4139 1580 4175 10.
1606 4122 1776 4180 Arati.
1799 4124 1934 4190 huc,
1960 4123 2134 4179 dictus
2168 4127 2432 4201 Solensis,

2106 4214 2150 4283 4
