3200 5159
713 1482 773 1521 12

818 524 938 590 116
1371 523 1465 586 M.
1505 522 1739 586 mnu
1775 517 2332 604 QUINTILIANI

811 646 1111 718 maxime
1134 644 1522 731 videantur,
1548 644 1789 742 utique
1819 641 2214 715 discrimine
2244 642 2483 743 aliquo
2514 644 2909 719 discernan-

714 793 769 829 n
809 784 922 835 tur
946 776 963 807 ¹
989 790 1006 834 t
1033 761 1211 835 adde
1245 761 1434 861 quod
1465 757 1814 859 quidquid
1846 757 2035 829 alteri
2072 758 2295 831 simile
2325 780 2457 849 est,
2488 787 2764 833 necesse
2807 780 2907 834 est

808 877 1086 949 minus²
1139 877 1226 948 sit
1274 903 1356 948 eo
1376 931 1394 963 ,
1429 874 1620 974 quod
1675 873 2014 961 imitatur,
2062 893 2139 944 ut
2189 872 2443 948 umbra
2488 901 2814 973 corpore,
2841 894 2911 946 et

808 992 1044 1091 imago
1064 989 1093 1036 ³
1147 991 1358 1080 facie,
1417 1009 1489 1062 et
1536 1009 1728 1060 actus
1778 986 2199 1060 histrionum
2217 985 2248 1045 4
2290 988 2467 1062 veris
2515 990 2909 1061 affectibus.

737 1141 744 1150 ·
809 1107 1023 1197 Quod
1047 1107 1115 1178 in
1139 1101 1611 1178 orationibus-»⁵
1634 1123 1914 1201 quoque
1930 1101 2226 1174 evenitG:
2252 1130 2561 1203 namque
2582 1105 2913 1203 eis⁷‚quae

808 1220 882 1293 in
903 1219 1303 1321 exemplum
1328 1214 1819 1307 assumimus⁸,
1841 1214 2078 1289 subest
2101 1238 2345 1290 natura
2359 1233 2413 1306 9,
2443 1239 2508 1290 et
2525 1246 2684 1292 vera
2710 1218 2911 1308 ¹⁰vis;

810 1356 1044 1407 contra
1061 1348 1077 1378 ¹
1094 1349 1111 1378 ¹
1139 1332 1366 1406 omnis
1384 1331 1675 1403 imitatio
1693 1331 1851 1403 ficta
1870 1345 1922 1375 ¹²
1946 1350 2073 1420 est,
2091 1331 2265 1405 etad
2286 1332 2591 1404 alienum
2610 1334 2919 1433 proposi·

809 1471 963 1522 tum
980 1444 1637 1521 accommodatur-¹³.
1652 1447 1817 1538 Quo
1835 1442 1999 1535 ΕΜ,
2013 1464 2094 1516 ut
2107 1444 2343 1517 minus
2359 1473 2574 1546 sangu
2586 1445 2721 1517 inis
2737 1474 2816 1518 ac
2826 1446 2921 1516 vi·-

811 1628 1150 1682 indicativum
1174 1625 1392 1678 habent.
1420 1625 1684 1678 -Nostri
1706 1641 1823 1697 quoe

811 1710 905 1762 sim
916 1708 1099 1759 iuimoe
1118 1707 1407 1770 videantur,
1421 1724 1533 1757 exc.
1550 1706 1613 1755 R.
1636 1721 1651 1753 1
1671 1721 1715 1767 1,
1732 1705 1825 1775 qui

814 1788 959 1840 solus
985 1800 1247 1858 receptam
1275 1805 1305 1838 a
1336 1784 1513 1857 Spald.
1541 1784 1825 1835 lectionem

813 1861 991 1920 habet.
1013 1870 1075 1919 R.
1097 1885 1131 1936 9
1152 1866 1296 1917 solus
1323 1884 1419 1937 pro
1441 1864 1717 1917 videantur
1732 1861 1825 1914 dat

813 1946 1068 1999 videntur.
1096 1947 1187 1996 Eu.
1203 1974 1274 1984 —
1291 1944 1385 1995 Res
1406 1941 1825 2014 simplicissimi-v,

813 2028 848 2078 i.
885 2047 962 2090 e.,
997 2027 1208 2078 minime
1232 2025 1418 2088 variae,
1445 2026 1501 2075 in
1526 2022 1718 2094 quibus
1745 2021 1828 2072 ni-

813 2107 889 2159 hil
902 2123 1224 2176 magnopere
1236 2115 1570 2174 exspectetur
1578 2100 1830 2153 discrimi-

815 2186 925 2250 nis,
952 2180 1120 2255 qualis
1150 2183 1305 2233 fuerit
1338 2197 1584 2250 gramen,
1617 2177 1827 2228 foiium.

812 2268 974 2317 Recte
997 2263 1262 2315 Gesner-us
1286 2259 1372 2311 hic
1399 2258 1649 2310 admonet
1672 2256 1828 2309 indis-

814 2341 1137 2397 cernibilium
1162 2339 1390 2392 iilorum.
1425 2336 1559 2390 Vide
1582 2337 1676 2388 lib.
1701 2338 1794 2390 vu
1808 2372 1827 2401 ,

818 2421 1012 2488 Praef.4
1035 2459 1047 2471 .

896 2516 943 2551 ι.
973 2498 1354 2549 Discernantur.
1381 2494 1556 2545 Turio.
1575 2531 1591 2558 ,
1618 2494 1831 2545 disnan-

821 2589 931 2639 tur,-
962 2594 990 2626 τι
1017 2591 1119 2626 sec.
1162 2591 1356 2635 manu,
1389 2570 1753 2632 dissocientur,-
1778 2585 1831 2624 et

821 2659 894 2710 sic
910 2654 1039 2708 Obr.
1059 2656 1126 2705 At
1142 2654 1280 2704 Flor.
1293 2690 1311 2717 ,
1326 2650 1656 2713 desinantur3
1674 2669 1702 2702 a
1721 2669 1826 2702 sec.

820 2754 983 2787 manu
1019 2746 1275 2785 nostrum.
1313 2732 1427 2782 Hoc
1466 2730 1679 2801 quidem
1718 2748 1828 2782 non

823 2811 1100 2866 ferendum
1113 2809 1254 2862 duco
1272 2845 1288 2874 ‚
1309 2808 1380 2859 ob
1395 2810 1650 2877 ingratam
1670 2809 1829 2880 etymi

823 2893 1156 2945 iterationem
1194 2886 1489 2939 discrimine
1530 2883 1832 2937 discernan-

826 2981 926 3022 tur.
961 2971 1146 3020 Latere
1186 2965 1428 3035 suspicor
1469 2962 1830 3015 distineantur.

824 3047 960 3100 Vide
987 3043 1253 3099 Drakenb.
1280 3041 1344 3093 ad
1368 3043 1477 3092 Liv.
1502 3043 1590 3106 IV,
1618 3041 1718 3110 59,
1744 3039 1795 3092 3.

902 3143 949 3179 2.
975 3125 1069 3176 Est
1089 3123 1259 3173 minus
1276 3120 1340 3172 sit
1360 3137 1437 3171 eo.
1459 3120 1666 3184 Τηνία,
1692 3136 1735 3170 e.
1763 3138 1834 3171 m.

827 3225 920 3268 ee,-
950 3223 979 3257 a
1004 3222 1108 3257 sec.
1140 3219 1299 3253 manu
1322 3217 1421 3251 esse
1442 3216 1514 3249 m.
1537 3216 1616 3250 eo.
1650 3200 1801 3250 Ber-n.
1819 3237 1837 3266 ‚

829 3294 902 3339 est
926 3302 1026 3336 esse
1051 3300 1122 3332 m.
1153 3280 1219 3332 sit
1246 3296 1323 3329 eo.
1349 3277 1545 3339 Cute„
1571 3294 1616 3327 e.
1642 3293 1742 3327 esse
1763 3294 1836 3327 m.

833 3383 923 3430 eo,
953 3375 1005 3415 et
1037 3364 1111 3413 sic
1142 3357 1271 3412 Obr.
1301 3356 1513 3408 Necesse
1541 3364 1617 3407 est
1646 3356 1839 3406 omittit

835 3443 1007 3497 Guelf.

905 3523 960 3575 3.
995 3522 1065 3572 Et
1096 3521 1283 3588 imago.
1304 3554 1317 3567 .
1337 3553 1350 3564 .
1381 3526 1433 3566 et
1457 3523 1617 3566 actus.
1652 3513 1832 3566 Tur-ic.

831 3600 972 3655 Flor.
998 3599 1246 3651 omittunt
1279 3592 1526 3662 copulam
1551 3592 1837 3644 secundam

836 3699 959 3733 cum
986 3676 1122 3729 Alm.
1139 3714 1157 3743 ‚
1180 3688 1457 3743 utramque
1478 3673 1641 3723 Cnu’.
1681 3685 1732 3724 et
1761 3674 1834 3724 sic

837 3759 967 3814 Obr.

909 3838 959 3904 4.
981 3834 1138 3888 Actus
1155 3831 1459 3884 histrionum
1485 3832 1612 3882 veris
1628 3828 1836 3902 affecti-

837 3919 943 3971 bus.
964 3913 1094 3966 Vide
1103 3910 1271 3983 falsos
1292 3907 1520 3979 affectus
1545 3909 1638 3973 vl,
1662 3926 1689 3960 2
1707 3946 1724 3971 .,
1747 3908 1835 3962 35.

837 3994 1019 4047 Minus
1048 3992 1230 4060 accipe
1252 3985 1319 4039 de
1343 3999 1454 4039 tota
1478 3988 1551 4037 rei
1580 3987 1837 4058 cujusque

835 4076 919 4139 vi,
952 4089 1060 4123 non
1097 4069 1164 4120 de
1199 4065 1312 4120 sola
1349 4065 1737 4136 magnitudine,
1769 4087 1838 4119 ne

835 4154 976 4205 forte
1012 4149 1206 4201 herens
1242 4148 1297 4199 in
1334 4148 1511 4198 umbra
1532 4169 1551 4208 ;
1585 4165 1746 4218 quare
1787 4159 1839 4199 et

839 4230 1124 4303 Gedoynue
1143 4240 1283 4280 recte
1301 4227 1479 4293 vortit,
1505 4248 1528 4274 ι
1544 4227 1680 4279 ainsi
1697 4224 1841 4278 l’om·

1908 1647 1931 1671 ι
1952 1623 2048 1676 bre
2068 1639 2145 1676 est
2166 1624 2285 1697 plus
2299 1623 2474 1696 foible
2493 1644 2596 1697 que
2614 1625 2664 1678 le
2688 1645 2864 1698 corps.
2888 1651 2913 1674 ι

1976 1703 2027 1756 5.
2063 1704 2408 1756 Orationibus.
2445 1710 2600 1757 Voss·
2643 1721 2689 1771 1,
2713 1706 2775 1770 3,
2800 1725 2920 1758 ora-

1907 1780 2048 1833 tione
2075 1821 2094 1848 ,
2141 1782 2258 1835 soli.
2322 1783 2518 1836 Placet.
2578 1785 2877 1839 Oratoribus
2898 1827 2918 1853 ‚

1908 1859 2108 1931 Gryph.
2132 1890 2202 1902 —
2225 1862 2407 1914 Nostri
2430 1883 2615 1916 omnes
2644 1866 2700 1917 in
2725 1867 2924 1918 oratio·-

1910 1939 2075 1989 nibus.
2102 1939 2196 1990 Eu.

1977 2017 2030 2071 6.
2055 2019 2262 2070 Evenit.
2283 2023 2459 2075 Turio.
2476 2023 2616 2076 Flor.
2639 2022 2694 2095 (a
2712 2044 2793 2097 pr.
2815 2044 2923 2076 ma·

1908 2116 1982 2148 nu
2006 2099 2259 2169 uterque)
2284 2117 2374 2152 ven
2384 2103 2440 2154 it.

1980 2194 2030 2246 7.
2048 2177 2102 2226 E
2106 2177 2166 2237 1⁸5,-
2180 2180 2252 2229 sic
2269 2179 2407 2233 Flor.
2425 2182 2589 2234 Cur.
2607 2182 2722 2250 His,
2738 2182 2916 2236 Guelfl

1907 2255 2116 2325 Reliqui
2145 2255 2220 2308 iis.
2250 2259 2383 2310 Vide
2414 2260 2505 2312 lib.
2532 2263 2683 2328 vm,
2708 2282 2829 2337 cap.
2856 2264 2919 2331 6,

1910 2333 1956 2405 §.
1980 2334 2085 2397 63;
2117 2333 2206 2385 lib.
2232 2338 2329 2404 vl,
2352 2357 2469 2410 cap.
2505 2356 2549 2404 1,
2581 2339 2626 2412 §.
2650 2358 2703 2411 9.

1981 2414 2031 2465 8.
2054 2414 2386 2469 Assumimus.
2402 2419 2542 2471 Flor.
2554 2458 2570 2486 ‚
2585 2421 2917 2475 absumimus.

1910 2491 2406 2562 Guelf.‚sumimus,
2432 2516 2552 2549 cum
2577 2499 2733 2551 Voss.
2768 2517 2811 2552 1.

1979 2586 2032 2636 9.
2054 2571 2282 2637 Natura,
2309 2585 2360 2624 et
2384 2593 2518 2626 vera.
2540 2575 2751 2644 Tui-im,
2774 2588 2923 2629 natu·

1911 2668 2022 2702 ram
2050 2659 2103 2702 et
2126 2649 2153 2719 ξ
2186 2654 2294 2719 (ita
2320 2673 2351 2704 a
2376 2657 2549 2724 posita
2575 2673 2737 2727 super
2763 2658 2862 2728 u);
2888 2678 2918 2710 a

1910 2728 2143 2781 secunda
2168 2748 2330 2784 manu
2354 2743 2555 2786 nature
2570 2737 2733 2787 varia.
2760 2737 2920 2804 obn,

1912 2815 2114 2857 naturoe
2134 2825 2271 2862 vera.

1993 2900 2070 2935 to.
2087 2885 2267 2939 Subest
2285 2898 2500 2955 natum,
2516 2900 2699 2943 etvera
2717 2894 2805 2946 vis.
2828 2897 2918 2946 Vi-

1913 2961 1981 3015 de
2004 2960 2310 3037 lib-1,cap.
2339 2968 2405 3034 3,
2432 2966 2478 3038 §.
2506 2970 2554 3022 5.

1994 3057 2011 3090 1
2031 3058 2074 3092 1.
2100 3045 2308 3097 Contra.
2329 3045 2503 3100 Turio.
2530 3049 2581 3119 (a
2608 3067 2714 3102 sec.
2742 3053 2929 3123 manu)

1919 3121 2200 3172 contraria.

1998 3211 2016 3245 ι
2030 3213 2077 3247 2.
2090 3197 2430 3254 Fictalruric.
2445 3203 2787 3276 Flor.‚facta‚
2803 3227 2917 3261 cum

1917 3273 2056 3325 Alm.
2081 3276 2250 3330 Stoer.
2271 3279 2498 3334 Chouet.
2524 3284 2670 3336 Leid.
2695 3287 2828 3340 Vide
2850 3290 2918 3353 11,

1926 3353 2016 3416 13,
2040 3371 2092 3422 9.
2129 3355 2314 3428 Neque
2351 3361 2490 3412 enim
2522 3360 2604 3413 vel
2642 3362 2730 3414 hic
2765 3364 2917 3435 plane

1917 3444 1997 3482 est
2016 3431 2083 3484 de
2102 3433 2288 3487 nihilo.
2308 3438 2531 3491 Praefero
2548 3455 2729 3494 tamen
2748 3462 2919 3515 recep-

1917 3523 2024 3561 tam
2038 3547 2054 3574 ‚
2071 3528 2290 3586 propter
2313 3522 2585 3588 sequentia
2610 3523 2919 3575 maxime.—

1916 3589 2113 3643 Eadem
2139 3598 2322 3647 nostri.
2352 3599 2443 3649 En.

1996 3670 2071 3721 13.
2120 3673 2572 3730 Accommodatur.
2610 3678 2880 3733 Guelferb.
2901 3720 2920 3746 ,

1916 3752 2302 3820 commodatur,
2339 3773 2461 3806 cum
2493 3756 2638 3810 Leid.
2671 3773 2725 3811 et
2757 3779 2914 3832 marg.

1920 3828 2165 3884 Choueti.

2001 3908 2082 3974 14.
2116 3909 2328 3984 Quofit.
2354 3915 2530 3967 Tui-ic.
2556 3917 2696 3970 Fior.
2728 3920 2920 3986 Cana,

1919 3992 2062 4062 quod
2083 3990 2251 4062 facit,
2290 4012 2411 4045 cum
2454 3995 2589 4047 Atm.
2639 3998 2794 4067 Quod
2813 3998 2921 4072 fit,

1916 4071 2060 4121 Jens.
2085 4070 2240 4123 Tarv.
2263 4102 2330 4112 —
2357 4074 2538 4126 Nostri
2560 4074 2787 4129 Codices
2818 4095 2917 4149 quo

1902 4145 2247 4299 {unescept
2280 4153 2341 4206 R.
2380 4169 2400 4204 1
2417 4169 2434 4203 1
2454 4190 2470 4219 ,
2496 4155 2588 4225 qui
2608 4154 2758 4209 solus
2785 4154 2923 4229 quod

1959 4237 1996 4279 t.
2098 4267 2113 4282 .
2398 4233 2413 4246 '
