3200 5159
777 470 904 556 494
1338 468 1432 532 M.
1476 470 1707 534 FABn
1743 472 2305 554 QUINTILIANI

771 588 950 661 tueri
984 613 1393 661 eoncessum
1427 588 1551 660 sit:
1590 588 1712 661 sed
1744 592 1956 664 etiam
1979 608 1996 638 ¹
2035 596 2093 666 si
2129 622 2329 670 nosse
2367 600 2539 697 quid
2571 605 2868 704 quisque

765 703 1054 775 senserit
1078 702 1286 794 volet,
1312 702 1628 775 lectionis
1656 731 1831 804 opns
1855 727 1987 797 est3
2020 735 2159 806 qua
2183 711 2360 785 nihil
2385 735 2486 787 est
2517 716 2590 788 in
2613 720 2868 794 studiis

706 842 741 896 9
768 819 1002 891 minus
1033 816 1717 910 laboriosuthuod
1744 820 1799 891 si
1835 821 2173 921 plerique,
2209 826 2603 929 desperata²
2636 834 2865 909 facul-

764 955 900 1007 tate
942 933 1225 1033 agendi‚
1260 933 1351 1005 ad
1392 932 1857 1006 discendum³
1879 937 2002 1038 jus
2045 938 2598 1039 declinaverunt3
2640 976 2862 1048 quam

765 1052 835 1124 id
865 1053 1032 1125 scire
1053 1051 1250 1124 facile
1275 1072 1376 1124 est
1401 1051 1689 1142 oratori,
1726 1055 1918 1150 quod
1943 1055 2252 1149 diseunt,
2283 1066 2405 1160 qui
2433 1092 2558 1137 sua
2582 1093 2862 1168 quoque

765 1167 1200 1240 confessione
1218 1187 1516 1239 oratores
1535 1193 1681 1239 esse
1698 1194 1841 1239 non
1861 1173 2185 1268 possunt?
2204 1178 2473 1250 Verum
2489 1201 2557 1253 et
2569 1183 2671 1254 Μ.
2690 1185 2862 1266 Cato

766 1309 990 1381 quum
1026 1283 1102 1354 in
1136 1280 1431 1354 dicendo
1461 1283 2091 1381 praestantissinmS,
2131 1309 2281 1361 tum
2307 1291 2488 1394 juris
2516 1295 2704 1369 idem
2727 1298 2862 1371 fuit

763 1397 1264 1498 peritissimus3
1310 1416 1377 1468 et
1414 1398 1724 1470 Scaevolae
1775 1401 2146 1502 Servioque
2188 1404 2494 1506 Sulpicio
2536 1437 2862 1485 concessa

670 1547 734 1583 ιο
764 1534 861 1585 est
900 1513 1112 1585 etiam
1153 1510 1499 1584 facundiae
1544 1512 1789 1603 virtus;
1825 1535 1896 1586 et
1938 1515 2043 1588 Μ.
2086 1518 2408 1593 Tullius4
2450 1550 2595 1596 non
2642 1527 2855 1600 modo

763 1629 942 1714 inter
969 1626 1372 1727 agendum⁵
1398 1653 1770 1726 nunquam
1800 1648 1903 1700 est
1937 1629 2304 1707 destitutus
2336 1637 2621 1712 scientia
2639 1642 2853 1742 juris,

763 1745 883 1818 sed
918 1745 1129 1816 etiam
1169 1769 1584 1842 componere
1619 1742 1851 1842 aliqua
1883 1745 1971 1818 de
2012 1774 2093 1820 eo
2133 1773 2459 1851 coeperat;
2509 1776 2589 1828 ut
2633 1783 2853 1856 appa-

763 1881 935 1949 reat,
972 1885 1167 1958 posse
1202 1878 1542 1931 oratorem
1576 1885 1723 1931 non
1753 1857 2082 1934 discendo
2121 1885 2390 1939 tantum
2418 1868 2561 1971 juri
2594 1898 2854 1963 vacare,

669 2005 723 2041 ιι
762 1975 883 2049 sed
912 1975 1121 2047 etiam
1154 1974 1488 2047 docendo.
1527 1977 1796 2046 Verum
1837 2002 1948 2068 ea,
1983 2006 2136 2075 quae
2169 1981 2257 2054 de
2297 1984 2608 2058 moribus
2645 2016 2852 2062 exco—
2921 2055 2932 2064 .

760 2090 983 2164 lendis
1013 2089 1381 2191 studioque
1416 2090 1598 2193 juris
1636 2090 2077 2192 praecipimus
2091 2093 2145 2186 ⁶,
2182 2123 2271 2169 ne
2309 2099 2467 2197 qui‘s
2509 2127 2592 2175 eo
2624 2102 2853 2177 credat

836 2305 854 2340 ι
870 2327 881 2338 .
904 2289 1138 2340 Etiam...
1153 2289 1373 2341 senserit.
1396 2288 1560 2339 Cain».
1573 2323 1590 2351 ‚
1605 2286 1765 2337 etiam
1846 2288 2051 2342 omissis
2067 2289 2138 2344 ob
2152 2289 2549 2346 homoemeleut.
2564 2297 2845 2369 seqq.Et...

758 2386 900 2419 nosse
912 2366 958 2419 si
978 2369 1096 2439 quis
1112 2384 1226 2439 quoe
1239 2385 1365 2418 sens.
1380 2364 1557 2418 Guelf.
1570 2401 1587 2429 ‚
1606 2362 1764 2417 nolle.
1843 2365 2121 2424 destitutus.

754 2447 930 2498 Turio.
945 2484 963 2513 ,
984 2462 1126 2498 nosse
1143 2444 1287 2518 quod
1306 2447 1540 2517 quisque.
1569 2441 1762 2508 Goth„
1918 2451 1969 2518 4.
1986 2451 2066 2502 Μ.
2089 2451 2352 2506 Tullius...
2368 2468 2606 2528 coeperat.
2624 2455 2848 2511 Constat

753 2546 896 2580 nosse
915 2527 1145 2599 quisque.
1163 2525 1298 2577 Alm.
1318 2523 1451 2576 vall.
1476 2522 1598 2576 Bad.
1615 2562 1632 2589 ‚
1656 2521 1761 2574 lec·
1842 2549 1871 2582 e
1897 2528 2068 2584 Gellio
2095 2529 2154 2597 (Ι
2169 2571 2186 2598 ,
2213 2533 2311 2604 υ)
2348 2531 2539 2584 librum
2575 2536 2845 2607 scripsisse

756 2606 921 2673 tione,
946 2623 1067 2657 cum
1091 2602 1210 2656 edd.
1228 2602 1431 2675 aliquot
1452 2614 1588 2674 post.
1610 2602 1761 2671 geni·
1837 2611 2144 2664 Ciceronem
2184 2613 2276 2681 qui
2313 2612 2596 2684 inscriptus
2633 2628 2745 2666 emt
2780 2615 2843 2666 de

752 2687 916 2736 tivum
955 2681 1255 2733 vindicante
1291 2681 1355 2732 G.
1394 2681 1443 2731 J.
1477 2681 1666 2732 Vossio
1704 2682 1758 2731 in
1830 2692 1949 2760 jure
1962 2686 2107 2740 civili
2121 2688 2176 2740 in
2191 2699 2356 2741 artem
2373 2690 2845 2764 redigendaQuem

752 2760 1053 2816 Aristarcho
1076 2761 1197 2826 Vn,
1222 2761 1271 2812 8.
1293 2760 1419 2811 Mox
1438 2758 1565 2831 quia
1588 2756 1755 2823 nihil,
1838 2784 2005 2838 quum
2031 2765 2334 2818 absolutum
2371 2787 2642 2841 nunquam
2682 2773 2846 2826 fnisse

750 2845 925 2897 Turic.
949 2842 1093 2894 Flor.
1118 2841 1282 2891 Cnn’.
1649 2869 1656 2875 ⁴
1838 2862 1901 2897 ex
1931 2843 2037 2896 hoc
2058 2844 2208 2896 Fabii
2240 2844 2360 2896 loco
2385 2849 2683 2919 suspicatus
2705 2864 2842 2904 esset

825 2940 872 2974 2.
925 2921 1221 2993 Desperata.
1243 2958 1254 2969 .
1277 2958 1288 2969 .
1344 2915 1754 2970 declinaverunt.
1835 2922 2353 2996 Bynckershoeckius
2372 2963 2390 2991 ‚
2441 2940 2564 2998 apte
2614 2928 2840 2983 Baebius

757 3026 779 3049 «ι
800 3004 985 3055 Cicero
1009 3017 1108 3073 pro
1134 3000 1383 3064 Murena,
1407 3014 1523 3068 cap.
1557 2995 1650 3047 13:
1674 2997 1756 3047 vi-
1833 3002 2000 3075 (fflst.
2028 3003 2328 3075 Jurisprud.
2357 3007 2511 3057 Rom.
2533 3007 2578 3057 11
2594 3044 2610 3070 ‚
2640 3025 2667 3059 α
2683 3044 2701 3073 ,
2732 3009 2836 3082 43)

757 3103 779 3126 α
799 3079 991 3132 dentur
1015 3076 1253 3151 plerique
1271 3072 1635 3147 jurisconsulti
1656 3076 1754 3126 ini·
1834 3085 2071 3156 reposuit
2086 3121 2103 3149 ‚
2145 3083 2199 3136 id
2235 3083 2339 3136 hoc
2373 3085 2494 3138 loco
2517 3086 2695 3140 ‘valere
2719 3108 2840 3141 ver-

754 3180 776 3205 ·
799 3161 873 3211 tio
893 3156 1060 3209 multo
1080 3155 1185 3208 hoc
1205 3154 1450 3206 maluisse
1472 3152 1555 3222 (nt
1579 3166 1753 3205 orato·
1832 3160 1960 3212 bum
1989 3162 2192 3232 coepisse
2204 3201 2223 3227 ‚
2249 3163 2394 3233 quod
2421 3163 2526 3217 hoo
2557 3184 2665 3218 uno
2697 3167 2834 3221 libro

755 3263 777 3287 a
797 3258 880 3291 res
900 3237 1121 3308 fierent).
1141 3239 1267 3287 Post
1283 3252 1447 3305 quum
1471 3232 1523 3284 id
1543 3235 1754 3304 assequi
1832 3239 1974 3293 edito
1995 3243 2200 3293 initium
2219 3243 2405 3295 Cicero
2420 3244 2605 3296 fecerit
2623 3265 2833 3316 eorunm,

755 3342 777 3364 ι
797 3336 906 3369 non
926 3317 1249 3388 potuissent,
1269 3314 1405 3364 istuc
1421 3313 1750 3382 potissimum
1832 3338 1946 3391 que
1974 3321 2042 3372 de
2064 3323 2184 3391 jure
2207 3323 2344 3375 civili
2369 3323 2600 3378 scribere
2630 3328 2686 3378 in
2717 3330 2832 3380 gni..

755 3421 777 3444 «
798 3412 919 3449 sunt
942 3394 1176 3466 delapsi,
1213 3405 1273 3445 ut
1309 3394 1454 3443 aiunt
1487 3392 1540 3441 in
1567 3391 1749 3461 graecis
1829 3418 1918 3451 mo
1937 3399 2174 3453 baberet.
2198 3402 2454 3456 Ceterum
2484 3408 2574 3477 qui
2601 3406 2670 3458 de
2688 3409 2834 3460 Cice-

753 3499 773 3522 ·
795 3473 1108 3539 artificibus,
1131 3495 1153 3518 κ
1183 3483 1281 3523 etc.
1317 3467 1543 3541 [Ca-tera
1579 3486 1750 3541 quoeoe
1829 3481 1973 3530 ronis
1995 3480 2026 3529 J
2030 3479 2413 3552 urisprudentia
2433 3485 2736 3554 scripserint
2758 3488 2834 3538 in-

744 3554 886 3627 apud
911 3552 1352 3617 Nostrum‚V111‚
1373 3549 1432 3614 3,
1454 3545 1561 3621 79.]
1586 3549 1745 3600 Gesn·
1829 3554 2021 3608 dicavit
2051 3558 2317 3611 Harlesius
2351 3562 2406 3612 in
2436 3562 2605 3614 Notit.
2641 3562 2828 3637 Script.

815 3635 867 3686 3.
887 3632 973 3684 Ad
990 3629 1306 3683 discendum.
1329 3626 1527 3693 Guelf.,
1578 3627 1631 3679 el
1647 3625 1750 3678 dis·
1828 3633 1996 3685 Latin.
2024 3637 2099 3701 11,
2124 3654 2242 3706 pag.
2274 3638 2385 3708 ¹49·
2776 3661 2788 3690 :

742 3710 982 3763 cendum.
1003 3707 1183 3760 Ambr.
1207 3724 1234 3757 2
1245 3747 1264 3773 ‚
1284 3725 1376 3758 sua
1394 3723 1509 3779 quae
1542 3723 1625 3756 ue·
1647 3708 1746 3757 Pro
1899 3711 1948 3765 5.
1987 3715 2135 3766 Inter
2152 3717 2426 3788 agendum.
2457 3718 2700 3774 Ambros.
2718 3760 2737 3788 ‚
2771 3722 2830 3774 in

741 3789 820 3841 M.
840 3791 966 3841 Cato
981 3786 1072 3838 dst
1086 3795 1322 3837 monento
1337 3784 1476 3837 Flor.
1492 3785 1749 3837 Proestan-
1825 3792 2086 3866 agendum
2097 3834 2115 3861 ‚
2141 3808 2193 3846 et
2215 3797 2291 3848 sic
2313 3798 2486 3850 Guelf.
2518 3799 2582 3850 In
2607 3802 2829 3873 agendo,

736 3869 971 3933 animos,
986 3866 1164 3918 Turic.
1184 3864 1377 3915 Tum...
1391 3863 1744 3935 peritissimus,
1825 3873 1987 3923 Caum
2013 3874 2314 3947 Nusquam,
2342 3876 2473 3931 obr.
2498 3879 2621 3932 Non
2650 3881 2826 3933 dicen-

739 3949 989 4001 omittunt
1003 3948 1181 3998 Tui-ic.
1203 3943 1434 3997 Florent.
1456 3960 1578 3996 cum
1600 3944 1737 3997 Alm.
1822 3950 1920 4016 do,
1956 3949 2117 4003 Goth.
2148 3953 2295 4006 Voss.
2331 3971 2357 4005 2
2375 3991 2394 4020 ‚
2426 3955 2620 4009 Joann.
2658 3956 2821 4011 Can».

738 4028 863 4079 Fuit
892 4026 1061 4092 idern,
1089 4023 1250 4076 Goth.
1274 4025 1417 4075 Jem.
1444 4041 1567 4075 eum
1590 4023 1736 4077 editt.
1827 4028 1986 4082 Tanti
2005 4032 2152 4102 juri,
2190 4032 2459 4087 Guelferb.
2495 4036 2656 4089 Tanti
2689 4037 2824 4105 viri,

735 4119 963 4178 posterr.
981 4116 1103 4176 ante
1120 4103 1287 4158 Stoer.
1302 4102 1573 4172 Seruique,
1597 4102 1736 4155 Flor.
1821 4107 2002 4160 Ambr.
2034 4127 2079 4161 α.
2111 4112 2288 4163 Etiam
2313 4113 2557 4180 dicendo,
2588 4115 2730 4168 Flor.

733 4184 916 4238 Iustus
943 4201 1043 4254 pro
1078 4185 1241 4235 virtus
1257 4183 1531 4235 Turicens.
1567 4180 1740 4250 Flor.‚
1890 4184 1942 4238 6.
1976 4187 2329 4262 Proecipimus.
2354 4192 2544 4265 Neque
2570 4194 2627 4247 in
2647 4194 2826 4264 Jenm,
