3200 5159
685 510 1335 580 msTrTu‘rloNts
1372 512 1626 577 onA‘r.
1671 512 1829 576 Lm.
1869 506 1993 592 xi,
2035 534 2096 577 α.

2315 513 2438 604 289

352 637 565 709 domo
609 637 910 709 attulisse
936 650 984 723 ¹,
1011 636 1130 707 sed
1171 635 1268 706 ibi
1303 634 1620 735 protinus
1654 634 2025 734 sumpsisse
2049 636 2439 710 videamur:

354 752 547 851 quod
583 773 649 824 et
680 750 927 823 oratori
961 770 1028 822 et
1060 749 1189 849 ipsi
1224 776 1441 821 causae
1471 748 1858 849 plurimum
1879 764 1903 795 ²
1936 751 2237 825 confert:
2277 781 2444 826 nam
2481 772 2546 841 47

357 889 424 939 et
456 867 673 964 magis
701 866 1033 956 miratur,
1065 885 1136 937 et
1168 864 1407 937 minus
1440 865 1639 937 timet
1658 865 1912 968 judex,
1951 894 2104 967 quae
2138 895 2279 941 non
2319 899 2449 970 pu-

359 1007 457 1057 tat
494 985 815 1056 adversus
849 1009 919 1054 se
954 1003 1359 1081 praeparata:
1406 980 1683 1081 itaque³
1729 982 1802 1054 in
1846 984 2239 1059 actionibus
2272 987 2452 1061 inter

359 1099 710 1200 praecipua
740 1098 1159 1171 servandum
1196 1117 1330 1182 est,
1377 1117 1454 1168 ut
1491 1097 1810 1195 quaedam
1849 1097 2097 1188 etiam,
2133 1128 2285 1199 quae
2321 1130 2452 1202 op-

358 1215 526 1286 time
558 1214 907 1286 vinximus
922 1209 979 1302 4,
1011 1210 1198 1284 velut
1226 1209 1446 1283 soluta
1481 1211 1977 1303 enunciamus,
2008 1234 2075 1285 et
2106 1217 2456 1312 cogitanti·

359 1329 493 1403 bus
531 1355 1047 1427 nonnunquam
1083 1348 1149 1399 et
1189 1326 1671 1400 dubitantibus
1705 1328 1969 1400 similes
2006 1358 2310 1429 quaerere
2351 1334 2456 1405 vi-

363 1444 689 1533 deamur,
724 1469 878 1542 quae
904 1442 1286 1515 attulimus.
1316 1444 1496 1540 Ergo
1523 1443 1693 1540 quid
1726 1444 1807 1515 sit
1827 1440 1853 1489 ⁵
1888 1444 2311 1543 optimum⁶‚
2346 1474 2461 1520 ne-

361 1561 632 1632 minem
668 1560 868 1659 fugit.
914 1559 983 1630 Si
1024 1586 1184 1630 vero
1219 1580 1340 1631 aut
1374 1559 1718 1631 memoria
1748 1582 1991 1632 natura
2025 1560 2265 1633 durior
2298 1564 2460 1654 erit,
2494 1582 2562 1649 48

365 1697 670 1748 aut-non
715 1672 1206 1773 suffragabitur
1250 1693 1563 1772 tempus,
1610 1673 1819 1744 etiam
1864 1674 2159 1746 inutile⁷
2203 1676 2331 1747 erit
2375 1676 2466 1748 ad

365 1793 607 1864 omnia
631 1819 700 1863 se
730 1791 934 1864 verba
963 1790 1282 1890 alligare,
1313 1817 1536 1889 quum
1561 1788 1819 1862 oblivio
1850 1790 2058 1893 unius
2083 1818 2324 1863 eorum
2358 1820 2467 1864 cu-

352 1907 676 2012 juslibet,
711 1927 831 1979 aut
861 1905 1250 1978 deformem
1288 1905 1835 1995 haesitationem,
1870 1925 1991 1977 aut
2017 1905 2224 1978 etiam
2258 1906 2469 1978 silen-

364 2024 545 2096 tium
586 2021 949 2111 inducat⁸;
984 2023 1335 2122 tutiusque
1377 2021 1635 2112 multo,
1682 2021 2200 2120 comprehensis
2229 2024 2469 2097 animo

366 2140 572 2210 rebus
606 2139 803 2237 ipsis,
838 2137 1225 2210 libertatem
1258 2138 1391 2210 sibi
1429 2136 1808 2235 eloquendi
1844 2136 2255 2235 relinquere.
2287 2142 2468 2210 Nam
2502 2152 2571 2220 49
2662 2198 2670 2209 .

370 2274 437 2326 et
469 2254 725 2326 invitus
758 2252 985 2354 perdit
1013 2253 1309 2353 quisque
1351 2252 1457 2343 id,
1502 2251 1692 2350 quod
1732 2252 2098 2351 elegeram,
2134 2253 2469 2345 verbum;

446 2432 465 2467 t
477 2455 490 2467 .
508 2415 679 2467 Domo
696 2413 948 2467 attulisse.
963 2411 1099 2465 Vide
1110 2416 1203 2480 vt,
1221 2412 1273 2479 3,
1289 2414 1374 2467 33.

372 2494 456 2547 Ad
475 2507 711 2546 nostrum
734 2492 909 2544 iocum
934 2494 1260 2545 Burmannus
1284 2491 1380 2544 de-

371 2586 626 2626 monstrat
659 2573 712 2623 in
742 2570 843 2623 hac
878 2570 1146 2624 locutione
1167 2572 1274 2623 Cic.
1312 2570 1379 2624 ad

368 2652 569 2706 Pamin.
592 2652 685 2703 Vll
703 2690 721 2718 ,
744 2652 837 2715 25,
861 2651 1040 2724 ibique
1061 2651 1348 2703 victorium
1363 2689 1379 2717 ,

368 2747 422 2788 et
443 2735 652 2785 Petrou.
679 2751 727 2783 c.
752 2732 836 2784 38.

445 2829 493 2864 α.
528 2810 843 2864 Plurimum.
867 2811 1047 2862 Turic.
1084 2809 1224 2861 Flor.
1260 2808 1378 2880 (hic

373 2909 403 2943 ι
433 2909 513 2962 pr.
540 2889 729 2958 manu)
759 2889 1010 2960 primum.
1048 2887 1212 2941 Modo
1242 2887 1382 2961 quod

372 2971 437 3022 de
450 2968 662 3031 oratori,
674 2970 946 3020 Turicens.
967 2968 1038 3018 Et
1053 2980 1174 3018 ante
1189 2966 1382 3019 omtori

378 3051 630 3102 omittunt
643 3049 782 3099 Jens.
805 3059 855 3117 et
872 3045 992 3098 edd.
1009 3058 1235 3118 posterr.
1257 3057 1380 3096 ante

374 3129 491 3181 Ald.
517 3147 626 3180 acc.
651 3127 773 3178 Bad.
800 3120 924 3178 Mox
948 3126 1153 3188 Guelf.,
1176 3134 1341 3198 putet.

443 3208 494 3260 3.
509 3209 715 3280 Itaque3
732 3208 805 3257 sic
819 3206 946 3257 Tur.
963 3205 1101 3256 Flor.
1120 3202 1238 3275 (hic
1253 3222 1279 3253 a
1296 3222 1373 3275 pr.

372 3286 557 3356 manu)
591 3288 755 3338 Cam».
785 3285 1041 3357 Ideoque,
1079 3286 1221 3336 Jens.
1258 3303 1381 3335 cum

372 3378 595 3439 postet-r.
617 3363 736 3416 edd.
759 3376 880 3416 aute
903 3363 1102 3435 Gryph.
1127 3382 1236 3415 exc.
1256 3362 1373 3415 ΑΜ.

372 3444 527 3510 neu„
546 3442 712 3516 idque.
742 3444 867 3494 Mox
885 3443 1178 3514 junximus,
1199 3442 1372 3494 Gueif.

366 3524 533 3578 Cntr.
556 3540 680 3576 cum
704 3522 851 3575 Bodl.
872 3526 1024 3575 Voss.
1047 3526 1108 3589 3,
1131 3523 1291 3577 Goth.
1322 3536 1377 3576 et

373 3602 493 3656 edd.
520 3615 643 3654 ante
668 3601 786 3654 ΑΜ.
813 3621 921 3653 acc.
949 3603 1073 3654 Bad.
1106 3604 1230 3654 Mox
1254 3617 1374 3675 post

375 3699 759 3753 nonnunquam
777 3680 954 3732 Turic.
976 3680 1117 3731 Flor.
1140 3683 1375 3733 inserunt

373 3780 497 3835 qua.
517 3761 780 3811 —Nostri
806 3759 989 3832 idque,
1015 3772 1219 3831 except.
1246 3760 1305 3811 R.
1324 3758 1377 3825 5,

376 3840 466 3911 qui
490 3838 724 3910 ideoque.
753 3840 873 3889 Mox
898 3836 1055 3888 iidem
1069 3839 1374 3910 junximus,

374 3931 582 3990 except.
606 3920 777 3982 Avia,
800 3920 889 3988 qui
910 3918 1187 3971 vinximus.
1213 3919 1305 3970 Eo.

450 3999 500 4064 4.
544 3998 670 4067 Quoe
710 3996 903 4069 optime
940 3996 1214 4048 vinximus.
1247 3995 1381 4048 Vide

373 4077 423 4149 ᾗ.
456 4077 543 4147 39.
581 4079 1024 4128 pronunciatione
1052 4078 1165 4148 ipsa
1200 4078 1273 4127 sic
1301 4075 1382 4126 di-

374 4154 501 4208 velli
524 4168 577 4208 et
596 4174 775 4207 rursus
799 4156 1051 4224 conjungi
1074 4154 1271 4208 debent
1294 4173 1382 4221 ea,

374 4254 495 4306 qun
515 4253 723 4288 summo
742 4235 1141 4307 compositionis
1161 4235 1381 4287 artificio

558 4323 610 4390 4.

1460 2427 1660 2467 structa
1685 2427 1837 2478 sunt,
1860 2427 1918 2466 ut
1937 2429 2118 2486 pereat
2138 2414 2350 2487 quidem
2376 2415 2469 2468 ali-

1460 2506 1717 2566 quantum
1748 2511 1810 2545 ex
1837 2492 1977 2545 illius
2002 2495 2203 2545 virtutis
2228 2494 2468 2547 animad-

1457 2575 1728 2639 versione,
1760 2571 1852 2625 sed
1882 2571 2034 2624 simul
2060 2591 2245 2643 magna
2273 2572 2468 2646 simpli-

1461 2652 1633 2703 citatis
1672 2653 1873 2723 species
1905 2664 2185 2722 quaeratur.
2205 2650 2335 2703 vide
2369 2653 2469 2718 lx,

1461 2730 1523 2798 4,
1549 2746 1635 2801 77.
1672 2734 1728 2783 In
1756 2731 1842 2783 illa
1869 2751 1896 2782 c
1967 2731 2208 2783 {tantiam
2235 2744 2285 2783 et
2309 2731 2466 2784 dubi-

1461 2822 1548 2864 tan
1557 2811 1682 2862 tium
1702 2751 2312 2863 simihtungineGesnei-us
2326 2825 2469 2865 recte

1459 2889 1711 2942 lectorem
1737 2889 1804 2942 ad
1826 2890 1923 2956 ῐΧ,
1952 2908 2009 2955 2,
2032 2890 2094 2942 61
2126 2893 2360 2942 remittit.

1532 2969 1580 3021 5.
1614 2969 1754 3039 Quid
1778 2969 1859 3020 sit.
1881 2971 2185 3035 Tus-icens„
2207 2971 2303 3043 qui
2319 2990 2385 3035 s.‚
2413 2985 2466 3023 et

1459 3065 1581 3100 mox
1600 3047 2018 3120 suffragantibus
2026 3086 2042 3113 ,
2062 3052 2419 3123 suprascripto
2439 3069 2469 3102 e

1462 3147 1621 3199 super
1659 3140 1710 3191 t,
1757 3146 1822 3178 an
1867 3140 1925 3179 ut
1964 3142 2098 3180 esset
2133 3128 2465 3202 suffmyante

1462 3206 1661 3259 sciiicet
1704 3208 1967 3278 tempore?
2004 3206 2141 3257 Plor.
2182 3207 2360 3259 Ambr.
2405 3226 2462 3276 ει,

1460 3285 1634 3338 Guelf.
1661 3287 1784 3337 Exc.
1811 3286 2021 3338 Samen.
2038 3323 2054 3351 ,
2089 3286 2314 3354 indicat,
2339 3306 2460 3339 cum

1456 3366 1613 3418 Voss.
1638 3364 1700 3429 3,
1727 3366 1875 3416 Bern.

1527 3446 1577 3497 6.
1605 3442 1741 3515 Quid
1761 3444 1824 3495 sit
1848 3442 2122 3516 optimum.
2147 3442 2327 3511 Quum
2347 3463 2460 3496 om-

1455 3525 1543 3576 nia
1569 3536 1766 3575 naturae
1798 3521 1940 3574 bona
1969 3520 2307 3594 respondent.
2327 3523 2460 3577 vid·

1454 3607 1503 3674 S.
1541 3603 1627 3670 45.
1662 3600 1823 3671 Quod
1863 3601 2037 3653 adhuc
2074 3601 2332 3654 tractabat
2368 3603 2459 3655 bo·

1457 3700 1617 3743 nunu
1655 3699 1795 3732 nunc
1835 3683 2020 3733 transit
2056 3678 2123 3732 ad
2155 3681 2454 3739 remedium.

1454 3759 1588 3812 Vide
1619 3762 1665 3824 1,
1699 3775 1742 3823 t,
1778 3776 1854 3810 tr.

1530 3857 1577 3910 7.
1608 3837 1819 3891 Inutile.
1838 3837 1971 3889 Vide
1985 3841 2050 3904 V,
2082 3855 2168 3895 ιο,
2194 3826 2280 3891 82.

1530 3919 1581 3972 8.
1613 3917 1861 3977 Induea13
1888 3917 1962 3968 sic
1981 3914 2113 3967 vall.
2146 3914 2236 3965 lib.
2266 3914 2370 3967 RR.
2399 3916 2457 3984 8,

1462 4017 1524 4068 9,
1546 4000 1707 4049 Cain».
1731 3984 1890 4047 Andr-⁵.
1916 3996 2058 4047 Jens.
2087 3994 2203 4046 ΑΜ.
2225 3996 2461 4048 Iudicat·

1464 4079 1536 4130 sic
1566 4078 1706 4129 Avic.
1741 4075 1887 4127 Poui.
1915 4077 2020 4126 RR.
2050 4074 2101 4137 3,
2123 4070 2174 4141 5,
2196 4093 2245 4146 7,
2275 4090 2354 4142 ιο,
2385 4093 2461 4145 ιε,

1463 4167 1517 4207 et
1545 4153 1690 4226 apud
1721 4154 1893 4205 Burm.
1925 4154 2073 4205 Rern.
2103 4156 2196 4206 Eu.

1534 4250 1586 4301 9.
1608 4231 1905 4305 Eleqerat...
1932 4231 2056 4283 dum
2082 4231 2137 4283 id
2149 4269 2167 4297 ,
2184 4232 2340 4302 quod.
2356 4234 2464 4285 Tu·

2163 4339 2222 4391 ¹9
