3200 5159
630 521 829 587 INST
834 517 1052 585 ITUT
1056 515 1288 585 10le
1325 518 1582 585 ORAT.
1622 519 1783 586 LIB.
1824 523 1912 602 X,
1954 524 2017 589 3.

2252 525 2375 614 139

268 642 367 714 tia
381 639 776 714 Galliarum
796 699 815 732 ‚
841 641 1181 741 quoniam
1206 640 1302 713 ibi
1326 640 1619 714 demum
1639 644 1943 717 exercuit
1959 670 2117 718 eam
2138 699 2159 734 ‚
2183 645 2373 745 prin-

271 785 474 857 ceps,
529 757 797 855 alioqui
828 772 846 802 ¹
899 757 1079 829 inter
1130 781 1394 856 paucos
1445 756 1776 849 disertuS,
1830 779 1898 831 et
1951 758 2206 858 dignus
2254 759 2381 831 illa

271 873 835 973 propinquitate:
885 872 945 944 is
998 900 1226 973 quum
1273 872 1681 945 Secundum
1702 888 1754 965 ²,
1799 873 2101 946 scholae³
2147 875 2379 948 adhuc

273 1009 645 1087 operatum
669 986 741 1077 4,
789 988 1049 1060 tristem
1099 989 1274 1061 forte
1319 987 1598 1060 vidisset
1622 1043 1643 1077 ,
1687 989 2176 1088 interrogavit,
2225 1015 2383 1090 quae

275 1130 486 1177 causa
527 1105 772 1178 frontis
813 1126 958 1177 tant
1001 1101 1410 1178 adductae5?
1451 1131 1581 1178 nec
1616 1105 2077 1179 dissimulavit
2109 1105 2382 1178 adoles-

275 1247 479 1313 cenS,
504 1219 828 1294 tertium⁶
841 1221 995 1322 jam
1021 1221 1213 1294 diem
1238 1234 1450 1311 esse⁷‚
1472 1219 1711 1320 quod⁸
1737 1221 1935 1293 omni
1967 1221 2205 1294 labore
2233 1247 2389 1293 ma-

275 1338 465 1411 terioe
515 1338 605 1410 ad
656 1333 1111 1411 scribendum
1167 1338 1565 1413 destinataeo
1596 1364 1746 1410 non
1792 1337 2138 1411 inveniret
2184 1364 2388 1411 exor-

275 1565 360 1610 est
381 1570 447 1606 ex
475 1574 499 1599 α
516 1552 740 1607 studiosa
763 1552 986 1607 cohorte
1001 1577 1024 1602 n
1050 1555 1294 1607 Horatia-

275 1651 381 1688 nus
415 1630 535 1700 ille,
561 1653 612 1686 v.
645 1633 712 1696 6;
741 1634 883 1686 idem
912 1655 962 1686 v.
1002 1636 1103 1688 23:
1153 1660 1175 1683 a
1194 1635 1293 1688 lin·

281 1734 310 1759 ι
327 1730 492 1784 guam
515 1714 687 1764 causis
711 1714 870 1765 acuit.
893 1736 916 1760 a·
944 1714 1126 1766 Restat
1149 1725 1210 1765 ut
1235 1713 1290 1765 in

271 1790 450 1843 Gallia
485 1805 748 1844 versatum
784 1793 1107 1866 probemus,
1146 1792 1294 1866 quod

273 1869 405 1922 inde
435 1870 833 1942 quodammodo
863 1892 1021 1940 eruo,
1049 1875 1170 1945 quia
1198 1892 1295 1925 vo-

279 1961 434 2001 catus
472 1949 572 2001 fuit
603 1951 775 2004 Julius
806 1950 995 2003 Florus
1027 1951 1118 2003 ille
1149 1948 1296 2023 apud

280 2027 559 2092 Tacitum,
585 2028 655 2078 m
670 2066 687 2094 ,
715 2030 785 2096 4ο
799 2066 817 2094 ,
838 2031 1190 2081 Treverorum
1212 2047 1297 2080 re-

281 2102 470 2170 bellis,
494 2106 704 2158 civitate
726 2107 985 2173 donatus,
1013 2126 1173 2179 quam
1195 2108 1300 2158 fon-

282 2195 427 2236 tasse
457 2185 653 2237 Noster
685 2187 734 2237 ei
764 2187 1080 2257 impetravit.
1117 2184 1299 2237 Galliae

283 2275 544 2334 quantum
554 2262 1306 2336 floruerinteloquentia‚Lug-

283 2341 542 2395 dunensis
556 2342 646 2394 illa
665 2343 937 2395 academia
958 2355 1012 2395 et
1026 2359 1122 2394 ara
1134 2341 1300 2411 (Suet.

281 2421 453 2492 Calig.
495 2438 594 2487 ²03
629 2422 869 2476 Juvenal.
902 2424 957 2490 1,
996 2421 1100 2492 44)
1142 2439 1303 2492 argu-

286 2514 470 2554 mento
497 2515 635 2554 sunt.

367 2598 414 2633 t.
437 2579 676 2654 Alioqui.
696 2578 833 2633 Vide
853 2585 921 2646 V,
944 2580 1006 2646 6,
1034 2581 1095 2648 4,
1122 2582 1304 2650 cujus-

290 2660 440 2715 modi
471 2678 601 2713 usus
639 2659 871 2712 adverbii
895 2674 972 2713 est
998 2674 1050 2714 et
1072 2663 1143 2728 11,
1170 2677 1216 2726 1,
1242 2659 1303 2727 43

291 2743 417 2793 item
434 2740 605 2792 Tacit.
628 2738 816 2790 Annal.
840 2742 937 2802 IV,
959 2740 1053 2810 37:
1082 2762 1104 2785 κ
1122 2737 1308 2809 (Tibe-

295 2817 484 2888 -rius)
518 2816 722 2871 vslidus
752 2814 959 2889 alioqui
990 2815 1302 2890 spernendis

295 2921 320 2945 ι
338 2896 655 2951 honoribus.
678 2919 703 2944 n
730 2896 906 2950 Simile
930 2909 981 2950 et
1002 2896 1138 2951 alias
1161 2896 1306 2970 apud

289 2980 541 3035 eumdem
565 2978 754 3031 Annal.
781 2979 931 3045 xvi,
959 2996 1013 3041 ις
1044 2979 1137 3032 ubi
1164 2981 1307 3032 frus-

291 3075 374 3113 tra
396 3060 647 3111 Heinsius
672 3059 723 3110 εἰ
751 3056 938 3109 suadet
964 3076 1064 3130 pro
1088 3069 1153 3109 et.
1182 3060 1307 3110 Non

290 3138 596 3193 desiderare
618 3136 751 3189 illud
776 3149 827 3190 et
844 3136 1053 3189 videtur
1072 3136 1305 3209 alioqui,

291 3217 387 3272 sed
415 3219 590 3286 ipsum
624 3214 924 3288 complecti.
958 3215 1147 3268 Florus
1180 3234 1310 3287 prse-

292 3314 539 3370 terquam
570 3297 717 3368 qnod
747 3296 1077 3349 «Galliarum
1111 3300 1165 3348 in
1194 3295 1309 3349 elo-

298 3402 322 3427 «
345 3379 561 3451 quentia
616 3380 861 3450 princeps
881 3416 898 3444 ‚
928 3402 950 3426 ιο
1002 3378 1307 3448 ubicunque

295 3478 418 3512 eum
445 3456 747 3527 judicares,
780 3480 804 3504 σι
824 3459 960 3509 inter
992 3474 1197 3528 paucos
1231 3454 1311 3507 ‹li-

300 3561 325 3585 ι
345 3550 517 3591 sertus
537 3559 560 3582 κ
592 3549 717 3588 erat.
743 3535 881 3587 Cave
905 3549 1081 3588 tamen
1105 3535 1312 3608 alioqui

297 3616 367 3669 ad
410 3614 519 3668 loci
558 3615 991 3685 significationem
1035 3615 1308 3685 astringas.

294 3699 378 3750 De
401 3695 644 3760 demum,
667 3692 786 3745 vide
810 3695 880 3744 vl
901 3696 1123 3745 Prooem.
1156 3709 1174 3744 ι
1193 3709 1237 3744 t.

372 3793 421 3828 α.
461 3771 777 3827 Secundum.
809 3773 987 3824 Tui-ic.
1028 3770 1205 3838 Plan,
1238 3789 1312 3824 se-

300 3853 494 3907 eundo.

374 3933 424 3986 3.
453 3930 672 3986 Scholoe.
697 3930 874 3983 Tui-ic.
905 3927 966 4000 (a
991 3946 1095 3982 sec.
1121 3928 1315 4001 manu)

305 4009 516 4064 scevole.
1219 4002 1226 4010 ’

374 4091 424 4159 4.
446 4087 708 4144 Scholoe...
735 4098 1014 4160 operatum.
1043 4087 1316 4149 «Fabiana

309 4194 332 4218 α
353 4171 615 4242 elegantia
634 4170 853 4241 dignum
876 4181 954 4222 est
975 4165 1311 4220 vocabulum.

309 4272 333 4298 α
350 4254 531 4322 Quum
566 4252 704 4305 enim
728 4250 908 4323 facere
936 4261 988 4302 et
1017 4246 1224 4320 operari
1246 4245 1316 4299 ad

1378 1575 1404 1602 α
1425 1555 1602 1606 omnia
1644 1554 1752 1606 sint
1794 1555 2098 1606 communia
2117 1591 2135 1621 ‚
2172 1566 2352 1606 tamen
2370 1590 2391 1622 ‚

1378 1652 1403 1678 α
1424 1649 1588 1703 quum
1612 1650 1709 1703 per
1734 1650 1791 1684 se
1812 1647 2108 1704 ponuntur,
2132 1631 2291 1684 rebus
2314 1651 2393 1685 sa·

1378 1731 1403 1756 a
1423 1711 1522 1763 cris
1538 1749 1556 1777 ‚
1599 1723 1789 1783 utpote
1834 1710 2024 1763 divinis
2041 1751 2058 1780 ,
2104 1724 2159 1763 et
2202 1711 2391 1764 studiis

1378 1810 1403 1836 u
1423 1789 1779 1842 sanctioribus
1815 1779 2035 1862 propria
2067 1802 2209 1843 sunt.
2229 1814 2252 1838 a·
2287 1791 2393 1842 Ba-

1377 1866 1515 1920 dius.

1450 1945 1501 2000 5.
1531 1945 1822 2008 Adductoe3
1852 1948 1928 1999 sic
1950 1947 2127 1999 Tui-ic.
2157 1946 2298 1998 Flor.
2328 1944 2399 2015 (a

1379 2043 1485 2077 sec.
1511 2042 1677 2077 manu
1702 2023 1950 2095 uterque)
1971 2023 2246 2076 Guelferb.
2273 2041 2398 2075 cum

1378 2104 1540 2159 Goth.
1563 2109 1715 2156 Voss.
1747 2121 1775 2154 τι
1790 2140 1808 2169 ,
1833 2105 1986 2155 Bem.
2011 2104 2168 2156 Basil.
2192 2101 2396 2176 Gryph.

1381 2181 1592 2253 (1544)
1628 2180 1849 2251 aliisque
1884 2179 2030 2254 apud
2062 2183 2238 2233 Burin.
2274 2179 2398 2232 edd.

1380 2262 1641 2329 Abdum,
1675 2261 1908 2313 Cannu·
1940 2279 2062 2313 cnm
2089 2263 2269 2328 Jens.‚
2301 2262 2405 2314 nisi

1386 2339 1531 2412 quod
1546 2355 1607 2392 ω.
1624 2337 1835 2411 Reliqui
1854 2338 2114 2406 obductoe,
2132 2337 2277 2409 quod
2287 2341 2402 2410 jam

1383 2421 1538 2472 Tarv.
1575 2418 1803 2489 Ablegat
1831 2420 2005 2470 Bur-m.
2039 2417 2107 2470 ad
2133 2420 2315 2470 Heius.
2342 2420 2400 2471 in

1383 2498 1540 2554 Ovid.
1557 2497 1775 2550 Heroid.
1794 2497 1946 2563 XXI,
1967 2496 2082 2550 165.
2098 2497 2372 2548 Tui-icens.
2384 2534 2405 2565 ,

1383 2578 1746 2630 adducentem.
1782 2576 1957 2644 Flor.‚
1994 2576 2298 2629 adducente.
2331 2605 2407 2618 —

1385 2660 1501 2710 Put.
1523 2657 1661 2710 anl.
1697 2657 1789 2709 lib.
1825 2657 1892 2728 (a
1926 2674 2031 2709 sec.
2068 2676 2230 2709 manu
2256 2669 2404 2709 uter-

1387 2737 1523 2811 que)
1545 2738 1792 2790 obductoe.
1818 2739 1926 2789 RR.
1954 2755 2006 2807 7,
2037 2753 2129 2804 ιο,
2151 2738 2401 2790 abducta·-

1385 2817 1596 2889 Reliqui
1629 2817 1882 2870 adductoe.
1908 2815 2045 2868 vide
2072 2819 2260 2869 Juven.
2294 2817 2402 2870 Sat.

1385 2897 1490 2961 rx3
1515 2910 1568 2950 et
1591 2899 1777 2949 Horat.
1809 2895 1982 2968 Epod.
2014 2897 2165 2962 xm,
2190 2915 2324 2949 vers.
2353 2913 2407 2967 7,

1388 2978 1513 3046 ubi,
1543 2978 1763 3030 obducta
1785 2975 2019 3030 solvatur
2028 2977 2216 3047 finnte
2236 2994 2409 3030 senec-

1389 3070 1484 3110 tus.
1527 3056 1664 3108 Vide
1703 3056 1870 3107 Tacit.
1909 3054 2102 3108 Annal.
2140 3055 2232 3107 lib.
2266 3057 2407 3122 XIV,

1388 3154 1506 3208 cap.
1554 3135 1587 3202 4
1609 3174 1625 3201 ,
1666 3133 1760 3186 nbi
1776 3172 1794 3199 ‚
1830 3133 1990 3185 modo
2030 3128 2410 3206 familiar-iture

1380 3213 1612 3287 juvenili
1641 3213 1783 3266 Nero
1803 3249 1819 3276 ‚
1864 3221 1916 3262 et
1956 3230 2126 3264 rursus
2158 3212 2411 3265 adductus

1389 3293 1543 3366 quasi
1564 3292 1694 3344 seria
1718 3289 2048 3343 consociaret.
2074 3292 2165 3342 En.

1458 3371 1510 3422 6.
1541 3369 1797 3422 Tertium.
1828 3368 2006 3419 Tur-ic.
2025 3405 2043 3434 ,
2073 3367 2297 3420 tertiam.

1462 3468 1512 3523 7.
1555 3448 1848 3501 Tertium...
1891 3447 2028 3499 diem
2066 3463 2168 3497 esse
2185 3484 2203 3510 ‚
2245 3444 2403 3517 quod.

1388 3530 1552 3582 Plane
1572 3532 1647 3582 sic
1668 3528 1863 3580 Plinius
1881 3527 2072 3598 Epistt.
2087 3564 2103 3590 ‚
2124 3527 2214 3591 IV,
2236 3542 2321 3595 27,
2346 3541 2367 3578 ι
2390 3549 2403 3578 z

1398 3632 1422 3656 α
1439 3609 1650 3660 Tertius
1673 3607 1785 3658 dies
1815 3619 1921 3670 est,
1948 3604 2089 3677 quod
2117 3602 2292 3655 audivi
2319 3621 2406 3656 re-

1399 3710 1422 3736 «
1441 3691 1693 3741 citantem
1722 3688 1973 3740 Sentium.
1997 3708 2019 3732 ιι

1463 3768 1514 3820 8.
1545 3765 1697 3838 Quod
1712 3787 1730 3826 ,·
1762 3766 1837 3815 sic
1862 3764 2039 3815 Tui-ic.
2064 3760 2205 3813 Flor.
2230 3759 2409 3813 Gnelf.

1394 3864 1515 3898 cnm
1533 3844 1678 3897 Bodl.
1694 3846 1848 3894 Voss.
1869 3859 1915 3907 t,
1930 3841 2057 3895 Obr.
2081 3841 2194 3910 Quo
2208 3877 2226 3906 ,
2242 3841 2407 3893 Cim.

1395 3944 1516 3978 cum
1541 3927 1686 3977 Jens.
1713 3921 1839 3992 (tac.
1867 3919 2051 3989 Gesn.)
2069 3918 2231 3972 Goth.
2250 3920 2406 3971 Voss.

1399 4022 1427 4056 2
1446 4044 1463 4072 ‚
1489 4005 1645 4057 Tau-v.
1674 4003 1883 4072 Reliqui
1909 4020 1973 4053 ex
2003 4017 2124 4072 quo.
2154 4001 2410 4051 Nostrum

1394 4083 1589 4155 probat
1614 4077 1938 4134 Burm.Vide
1959 4090 2072 4129 not.
2099 4093 2131 4146 7
2156 4094 2333 4146 supra.

1466 4179 1517 4232 9.
1532 4160 1826 4214 Destinatoe.
1838 4157 2016 4211 Tui-ic.
2031 4159 2083 4230 (a
2098 4175 2205 4211 sec.
2217 4154 2407 4226 mann)

1399 4241 1671 4295 destinato.
