3200 5159
827 475 952 542 552
1394 475 1485 540 Μ.
1526 477 1754 541 FABn
1789 477 2344 561 an‘rmum

825 601 926 673 les
991 628 1069 674 ac
1120 601 1374 674 multos
1426 624 1914 701 persuaserunt
1967 599 2274 704 maigistri
2302 662 2323 696 ,
2382 614 2697 695 παράδειγμα
2734 614 2758 647 '
2811 604 2908 674 di·

826 700 1049 789 condo
1078 774 1096 807 ,
1143 731 1400 808 ἐνθύμημα
1446 718 1811 790 scribendo
1875 745 2016 790 esse
2072 719 2301 818 aptius
2329 732 2390 808 ²,
2456 718 2905 791 tradiderunt.

824 830 1021 903 Mihi‘
1050 858 1277 904 unum
1316 852 1523 929 atque
1570 832 1762 907 idem
1801 832 2072 906 videtur
2121 831 2286 906 bene
2331 834 2584 922 dicere,
2630 858 2711 906 ac
2749 831 2913 905 bene

824 945 1146 1031 scriberffl
1186 973 1416 1047 neque
1447 947 1638 1020 aliud
1667 975 1808 1020 esse
1838 947 2052 1021 oratio
2082 947 2366 1047 scripta,
2407 975 2625 1045 quam
2661 971 2910 1019 monu-

824 1083 1145 1135 mentum
1176 1063 1459 1137 actionis
1485 1064 1757 1137 habitae.
1790 1066 2029 1164 ltaque
2052 1063 2081 1109 3
2115 1063 2345 1136 nullas
2364 1061 2396 1120 4
2437 1091 2583 1137 non
2602 1120 2621 1153 ,
2661 1082 2743 1134 ut
2766 1059 2910 1160 opi·

821 1204 982 1267 nor,
1021 1178 1230 1250 debet
1260 1178 1515 1250 habere
1550 1178 1832 1250 virtutes
1859 1176 2081 1270 dic05,
2123 1205 2271 1251 non
2309 1177 2515 1252 vitia:
2563 1204 2734 1249 nam
2781 1175 2911 1246 im·

819 1352 957 1392 stare
1004 1357 1114 1393 uon
1157 1341 1341 1393 ausim.
1389 1343 1521 1393 Rem
1566 1341 1826 1411 integram

819 1421 1001 1490 itaque
1023 1418 1286 1490 relinquo.

898 1515 939 1549 1.
986 1494 1359 1565 Παιριίἢιγμι...
1404 1494 1661 1563 Momm.
1689 1496 1825 1551 Vide

818 1573 888 1628 ad
913 1574 1003 1627 lib.
1024 1576 1090 1641 V,
1114 1594 1230 1645 cap.
1262 1590 1280 1627 t
1298 1594 1343 1639 ι,
1364 1576 1413 1644 §-
1441 1592 1490 1628 2.

894 1673 941 1707 2.
957 1655 1079 1707 Esse
1092 1656 1278 1726 aptius.
1297 1654 1489 1726 Scripti
1509 1668 1560 1708 et
1575 1654 1700 1707 editi
1720 1674 1827 1706 om-

817 1751 914 1785 nes
931 1746 1053 1784 ante
1068 1732 1195 1786 Obr.
1212 1771 1228 1799 ,
1243 1752 1345 1786 esse
1362 1732 1542 1798 altius,
1560 1736 1660 1786 nisi
1678 1732 1823 1805 quod

816 1814 958 1865 Jens.
983 1811 1127 1864 solus
1146 1813 1391 1883 praeclare
1414 1831 1512 1865 esse
1533 1833 1565 1864 a
1587 1815 1703 1866 tuis.
1724 1814 1823 1864 Re-

820 1904 1005 1963 cepta,
1040 1909 1145 1962 qua
1177 1893 1369 1943 certius
1399 1891 1563 1957 nihil,
1591 1894 1646 1943 in
1675 1892 1820 1945 Leid.

814 1972 1046 2043 primum
1066 1969 1274 2041 prolata
1294 1983 1375 2022 est
1394 1989 1517 2023 eum
1541 1971 1670 2042 sigla
1690 1973 1822 2024 Dan.

815 2049 955 2122 (vide
984 2047 1028 2120 3.
1052 2049 1143 2120 38)
1167 2049 1489 2122 stribligines
1513 2071 1613 2122 pro
1640 2054 1822 2123 graecis

815 2130 1009 2181 afferre
1038 2126 1112 2180 nil
1135 2131 1338 2181 attinet.
1361 2129 1440 2182 Ac
1464 2129 1599 2181 idem
1615 2169 1634 2197 ,
1657 2130 1818 2183 Goth.

818 2209 889 2260 Et
916 2207 1071 2275 bene,
1094 2207 1270 2260 Guelf.

888 2288 937 2339 3.
965 2288 1166 2359 Itaque.
1188 2328 1200 2339 .
1224 2327 1234 2338 .
1260 2289 1462 2359 opinor.
1496 2288 1684 2361 Itaque
1715 2305 1821 2339 non

819 2365 938 2419 illas
967 2365 1123 2419 modo
1153 2377 1211 2417 ut
1238 2368 1443 2439 opinor,
1471 2367 1650 2419 Turio.
1679 2367 1817 2417 Flor.

817 2444 940 2512 (nisi
958 2442 1103 2515 quod
1116 2443 1203 2495 hic
1219 2444 1446 2516 opinior)
1463 2444 1640 2497 Guelf.
1656 2444 1819 2497 Cim».

816 2522 877 2573 In
915 2524 1038 2574 Exc.
1079 2523 1289 2575 Santen.
1330 2541 1438 2576 non
1468 2521 1588 2576 illas
1617 2537 1823 2576 tantum

819 2612 1059 2652 notatum
1087 2614 1182 2651 est.
1214 2601 1258 2651 1.
1288 2618 1391 2652 non
1423 2599 1542 2654 illas
1568 2621 1635 2652 ne
1662 2622 1714 2653 u.
1742 2621 1821 2668 o.‚

817 2678 956 2730 Alm.
990 2679 1037 2729 I.
1066 2696 1171 2729 non
1206 2677 1345 2731 ullas
1373 2698 1475 2730 non
1508 2699 1560 2731 u.
1591 2697 1664 2746 o.‚
1685 2679 1823 2731 van.

820 2759 868 2809 I.
906 2756 1082 2809 nullas
1115 2774 1224 2807 non
1261 2775 1339 2821 o.‚
1365 2760 1517 2810 voss.
1555 2777 1603 2810 2.
1645 2758 1825 2826 Quum

822 2838 946 2889 satis
971 2848 1112 2887 certa
1137 2836 1203 2886 sit
1226 2836 1392 2906 prima
1417 2835 1529 2887 haec
1553 2838 1825 2889 sententie

819 2933 973 2987 pars,
998 2915 1195 2966 servavi
1215 2911 1509 2983 vulgatam,
1535 2934 1598 2966 ex
1624 2932 1728 2986 qua
1750 2915 1826 2965 fa-

823 2994 1017 3046 cillime
1040 3005 1160 3045 nata
1187 3006 1265 3046 est
1287 2990 1375 3045 illa
1401 3012 1515 3065 qum
1540 3008 1619 3045 est
1641 2996 1695 3045 in
1714 2996 1825 3047 Tu-

821 3074 917 3125 ric.
948 3073 1261 3125 confusione
1289 3072 1727 3143 compendiorum
1756 3077 1825 3125 πό

822 3164 876 3203 et
896 3154 1011 3221 mo,
1035 3163 1088 3200 et
1110 3149 1394 3202 coalitione
1413 3158 1605 3203 vocum
1630 3147 1670 3204 ἦ
1686 3151 1823 3206 illas.

824 3228 1057 3281 —Poul.
1073 3228 1209 3281 Van.
1235 3228 1326 3281 lib.
1348 3230 1453 3283 RR.
1477 3230 1538 3295 8,
1562 3247 1596 3299 9
1629 3230 1828 3283 habent

821 3308 1105 3379 vulgatam.
1136 3309 1243 3361 RB.
1284 3326 1344 3378 7,
1385 3326 1478 3376 to,
1518 3326 1535 3360 1
1552 3327 1569 3362 1
1589 3347 1607 3376 ,
1646 3309 1681 3361 i.
1721 3328 1826 3362 non

822 3386 943 3443 illos
964 3386 1147 3451 modo,
1178 3405 1229 3437 u.
1259 3404 1308 3437 o.
1338 3385 1432 3438 En.
1458 3394 1467 3401 “

893 3465 944 3532 4.
961 3467 1148 3538 Itaque
1171 3462 1346 3517 nullas
1363 3483 1527 3517 non...
1546 3482 1654 3517 mm
1680 3465 1823 3519 vitia.

822 3543 1082 3614 Impedita
1108 3542 1218 3594 haec
1248 3545 1431 3613 utique
1455 3544 1624 3594 oratio
1649 3555 1732 3609 et,
1764 3555 1825 3594 ut

822 3621 1048 3687 videtur,
1065 3632 1314 3693 corrupta
1328 3618 1471 3690 (vide
1486 3633 1599 3672 not.
1621 3621 1820 3693 super).

824 3702 1049 3755 Omnem
1082 3711 1260 3751 autem
1291 3700 1705 3753 ratiocinationis
1737 3719 1823 3753 se-

822 3780 954 3832 riem
1006 3772 1285 3850 'reputanti
1350 3777 1456 3830 hoc
1509 3778 1823 3831 verisimilli-

823 3878 966 3911 mum
985 3856 1117 3910 mihi
1133 3856 1430 3924 videbatur,
1452 3858 1824 3928 geminandam

823 3955 934 3991 esse
956 3956 1143 3990 vocem
1167 3938 1389 3991 virentes.
1411 3938 1627 4009 Quippe
1657 3955 1822 4009 quum

824 4017 1042 4071 subtiles
1070 4017 1146 4070 illi
1170 4018 1352 4071 abesse
1376 4016 1615 4088 quaedam
1637 4018 1823 4071 volue-

824 4098 928 4148 rint
962 4116 1026 4149 ex
1063 4100 1301 4150 oratione
1334 4098 1559 4169 scripta,
1599 4117 1715 4170 quoe
1743 4111 1823 4151 ta·

826 4194 948 4228 men
986 4175 1272 4247 probarent
1318 4179 1372 4229 in
1417 4178 1534 4249 ipsa
1574 4179 1820 4242 actione;

1904 1339 2125 1407 Quintil.
2143 1358 2305 1393 unam
2319 1338 2668 1409 eamdemque
2682 1355 2802 1390 esse
2815 1353 2908 1408 po-

1903 1434 2036 1470 nens
2055 1432 2109 1470 et
2127 1420 2376 1489 scriptam
2395 1431 2450 1470 et
2467 1429 2669 1481 actam,
2687 1414 2815 1467 hinc
2835 1416 2908 1466 in-

1903 1495 2033 1562 fert,
2061 1497 2117 1548 in
2137 1498 2332 1567 scripta
2357 1497 2532 1547 omnia
2553 1512 2669 1548 ase
2687 1493 2906 1557 debere,

1908 1592 2023 1646 quae
2048 1574 2263 1625 vicerint
2296 1576 2411 1646 ipsa
2438 1576 2664 1625 actione.
2700 1572 2840 1623 Nm
2866 1571 2909 1622 si

1903 1655 2142 1705 vicerunt
2154 1692 2170 1720 ,
2189 1652 2406 1706 virtutes
2421 1653 2520 1706 ine
2539 1665 2716 1719 erant,
2737 1670 2908 1723 neque

1902 1735 1965 1786 iis
1997 1752 2177 1786 carere
2209 1732 2371 1786 debet
2409 1735 2605 1805 scripta
2641 1735 2696 1785 in
2730 1749 2908 1783 exem-

1901 1812 2049 1884 plum
2069 1814 2256 1864 oratio.
2272 1811 2433 1864 Addit
2448 1824 2626 1864 autem
2637 1849 2655 1878 ,
2670 1829 2726 1862 se
2741 1808 2907 1883 probe

1904 1892 2036 1942 scire
2054 1891 2307 1961 imperitis
2322 1890 2449 1942 vitia
2464 1908 2680 1962 quoque
2696 1888 2907 1962 placere

1905 1969 2192 2042 aliquando
2209 2008 2226 2037 ,
2271 1972 2504 2043 ipsisque
2546 1972 2728 2040 itaque
2773 1970 2907 2020 vitiis

1903 2050 2112 2102 vincere
2131 2049 2398 2101 interdum
2412 2060 2694 2100 oratorem.
2705 2050 2908 2100 Tamen

1901 2126 2023 2180 ideo
2048 2146 2156 2180 nou
2179 2126 2282 2180 hoc
2305 2142 2363 2180 se
2386 2127 2588 2193 dicere,
2621 2129 2746 2178 vitia
2773 2145 2906 2197 quo-

1903 2226 2005 2279 que
2024 2204 2302 2260 inserenda
2323 2224 2439 2260 esse
2458 2205 2535 2258 illi
2554 2207 2780 2258 actionis
2800 2224 2909 2257 mo-

1902 2301 2175 2340 numento.
2219 2288 2383 2357 Cujus
2420 2290 2495 2340 rei
2529 2304 2747 2339 causam
2787 2304 2910 2338 mox

1901 2367 2090 2420 reddit.
2122 2370 2243 2419 Haec
2270 2370 2482 2438 itaque,
2517 2383 2630 2437 quae
2655 2366 2909 2437 exposui,

1902 2449 2079 2499 omnia
2116 2449 2374 2499 contineri
2413 2460 2544 2518 puto
2578 2445 2660 2496 his
2691 2444 2869 2497 verbis
2890 2465 2903 2495 ε

1909 2548 1931 2572 ιι
1951 2529 2136 2598 Itaque
2156 2528 2346 2594 (oratio
2361 2524 2574 2597 scripta)
2589 2522 2760 2577 nullas
2781 2543 2904 2589 non,

1912 2626 1934 2651 a
1955 2618 2014 2657 ut
2035 2606 2245 2676 opinor,
2265 2604 2424 2658 debet
2443 2603 2641 2657 habere
2660 2605 2904 2656 virtutes:

1912 2705 1935 2729 ι
1958 2685 2175 2737 virtutes
2193 2684 2343 2750 dico,
2363 2704 2470 2736 non
2489 2686 2642 2736 vitia:
2669 2702 2794 2735 uam
2813 2686 2907 2735 im-

1912 2784 1935 2807 e·
1955 2764 2137 2833 peritis
2160 2763 2371 2835 placere.
2394 2759 2682 2834 aliquando
2706 2778 2824 2834 que
2841 2763 2909 2813 vi-

1912 2864 1935 2886 ·
1953 2842 2089 2892 tiosa
2112 2855 2236 2893 sunt
2250 2879 2267 2907 ‚
2292 2843 2419 2894 scio.
2442 2865 2464 2888 n
2497 2842 2555 2891 In
2582 2858 2687 2911 qua
2709 2858 2907 2893 sermo-

1905 2922 1987 2972 nis
2005 2920 2181 2972 forma
2205 2939 2330 2973 nam
2354 2938 2567 2973 causam
2587 2918 2790 2985 reddit,
2814 2937 2906 2971 eur

1905 2996 1973 3050 de
1989 2998 2128 3051 vitiis
2144 2996 2227 3050 vel
2245 2994 2462 3069 cogitari
2480 2996 2568 3050 hic
2584 3016 2617 3050 a
2636 3016 2903 3070 quoquam

1904 3078 2087 3150 possit.
2115 3076 2470 3130 Nihilominus
2502 3088 2680 3130 nutem
2701 3080 2906 3130 veniam

1906 3154 2124 3207 daturus
2150 3155 2410 3227 aliquibus
2435 3158 2593 3207 etiam
2614 3157 2750 3207 vitiis
2770 3158 2907 3226 ejus-

1906 3232 2052 3287 modi
2074 3234 2383 3287 voluntariis
2398 3273 2416 3301 ,
2438 3246 2490 3286 et
2517 3235 2572 3285 in
2595 3232 2703 3286 hoc
2726 3233 2904 3286 discri-

1907 3331 2025 3364 men
2060 3310 2275 3384 aliquod
2303 3326 2476 3364 tamen
2501 3314 2639 3364 inter
2660 3314 2904 3383 scriptam

1907 3392 2198 3443 orationem
2224 3403 2276 3442 et
2300 3390 2535 3444 habitam
2557 3408 2793 3463 ponens»,
2813 3389 2902 3441 illo

1908 3472 2056 3543 quasi
2079 3489 2175 3543 per
2197 3469 2456 3541 pudorem
2481 3472 2703 3522 circuitu
2722 3473 2903 3536 utitur,

1909 3567 2067 3622 quem
2089 3553 2363 3603 continent
2386 3549 2464 3622 33.
2486 3550 2673 3605 52-55.

1978 3632 2028 3684 5.
2065 3631 2116 3684 V
2112 3632 2288 3683 irtutes
2321 3631 2463 3697 dico,
2503 3649 2611 3683 non
2646 3630 2802 3691 vitia,·
2830 3629 2901 3680 sic

1904 3711 2084 3781 scripti
2110 3723 2165 3761 et
2186 3708 2312 3762 editi
2336 3727 2519 3762 omnes
2541 3707 2759 3779 (parum
2783 3706 2900 3759 dili-

1903 3802 2058 3860 gente
2081 3791 2133 3841 in
2156 3788 2384 3841 Gothan.
2409 3802 2465 3853 et
2480 3791 2626 3842 Jene.
2646 3785 2899 3857 Gesnero)

1904 3880 2026 3920 ante
2056 3868 2320 3920 invectum
2351 3865 2481 3920 illud
2516 3886 2626 3940 quo
2649 3869 2900 3920 recentio-

1900 3964 1983 3998 res
2023 3946 2336 4017 praeferunt,
2381 3943 2630 4018 quodque
2670 3963 2734 3996 ex
2769 3941 2892 3995 edit.

1899 4023 2035 4075 Rob.
2070 4020 2251 4094 Steph.
2289 4020 2455 4091 1542,
2487 4025 2719 4095 primum
2745 4020 2895 4073 affert

1898 4101 2194 4155 Gibsonuz:
2218 4101 2443 4155 wimares.
2464 4102 2589 4154 Non
2610 4101 2727 4155 dico
2749 4096 2897 4151 nulla

1901 4180 2046 4234 vitia.
2066 4181 2265 4253 Sponte
2279 4193 2452 4234 autem
2473 4193 2621 4253 patet
2640 4168 2770 4231 iuu'd
2785 4194 2895 4229 esee
