3200 5159
770 484 853 550 28

1335 486 1429 549 M.
1473 484 1698 547 FABu
1737 482 2306 565 QUINTILIANI

769 607 856 679 de
899 606 1147 679 domo¹
1205 606 1560 679 Ciceronis
1605 606 1776 678 dixit
1821 605 2220 696 Calidius23
2271 628 2342 679 et
2382 632 2506 706 pro
2554 604 2873 681 ³Milone

768 721 1151 794 orationem
1182 724 1437 793 Brutus
1466 721 1968 794 exercitationis
2000 722 2224 821 gratia
2261 721 2568 822 scripsit,
2604 724 2874 796 etiamsi

664 842 733 911 ²4
768 836 986 934 egisse
1006 833 1039 890 4
1068 862 1235 907 eum
1267 834 1636 908 Cornelius
1664 835 1908 907 Celsus
1936 834 2109 908 falso
2140 836 2511 909 existimat.
2549 836 2678 909 Et⁵
2719 838 2878 910 Pol-

771 947 866 1022 lio
917 970 982 1022 et
1024 948 1370 1021 Messala⁶
1413 948 1883 1022 defenderunt
1923 950 2242 1040 eosdem,
2286 969 2358 1022 et
2393 949 2595 1023 nobis
2647 952 2878 1050 pueris

776 1063 1128 1163 insignes7
1178 1090 1303 1164 pro
1346 1063 1707 1137 Voluseno
1756 1064 2045 1154 Catulo,
2082 1065 2375 1138 Domitii
2421 1065 2605 1156 Afri,
2649 1065 2874 1166 Crispi

767 1270 867 1322 erit
889 1269 1045 1330 δοίη,-
1072 1268 1168 1321 sed
1193 1282 1314 1340 post
1337 1271 1507 1321 varias
1532 1268 1785 1320 emenda-

770 1352 944 1403 tiones
977 1362 1160 1402 nostra
1192 1350 1406 1402 demum
1438 1353 1493 1401 in
1527 1349 1681 1401 Basil.
1723 1368 1785 1401 ex

768 1427 1021 1500 praeclara
1043 1429 1184 1497 conj.
1200 1466 1218 1494 ,
1245 1429 1346 1480 nisi
1372 1428 1550 1494 fallor,
1574 1427 1787 1480 Philan-

769 1506 882 1570 dri,
902 1508 995 1576 qui
1012 1507 1297 1576 Regianam
1322 1506 1391 1558 ud
1410 1525 1589 1558 verum
1609 1509 1784 1578 ipsum

769 1584 1006 1636 deduxit.
1055 1584 1126 1636 Ut
1158 1586 1376 1657 quisque
1411 1586 1673 1657 quantivis
1706 1597 1786 1637 est

813 1676 947 1714 rem.

772 1682 810 1734 p
849 1756 891 1790 ι.
922 1740 998 1789 De
1021 1738 1209 1800 domo,·
1236 1741 1309 1791 sie
1337 1741 1517 1792 Turic.
1549 1740 1781 1792 Floreat.

771 1814 944 1869 Guelf.
970 1815 1093 1886 (nisi
1113 1817 1257 1888 quod
1278 1817 1365 1871 hic
1390 1821 1584 1871 omittit
1607 1818 1784 1888 domo)

771 1899 932 1949 Cum
965 1894 1126 1948 Goth.
1150 1897 1300 1948 Voss.
1335 1915 1363 1948 2
1381 1933 1399 1962 ‚
1430 1910 1484 1950 et
1511 1897 1633 1950 edd.
1662 1913 1785 1950 aute

774 1975 893 2027 Ald.
922 1994 1028 2027 acc.
1055 1976 1184 2029 Obr.
1210 1975 1420 2050 Reliqui
1438 1997 1537 2050 pro
1560 1978 1644 2044 d.,
1670 1997 1789 2030 cor-

776 2057 977 2124 rigente
1000 2057 1182 2125 Regio.
1210 2086 1278 2102 -v-
1302 2057 1483 2109 Nostri
1509 2057 1574 2108 de
1599 2056 1786 2124 domo,

776 2148 981 2206 except.
1003 2132 1138 2186 Van.
1164 2134 1257 2187 lib.
1287 2154 1318 2188 a
1346 2155 1450 2189 sec.
1481 2156 1551 2188 m.
1582 2139 1673 2207 qui
1692 2155 1789 2208 pro

780 2214 955 2265 domo.
982 2216 1075 2266 En.
1096 2244 1166 2254 —
1188 2216 1269 2267 De
1295 2215 1451 2268 domo
1478 2217 1789 2268 Ciceronis...

780 2292 1024 2346 Calidius.
1060 2296 1215 2346 Hunc
1248 2308 1511 2347 oratorem
1530 2332 1548 2361 ‚
1574 2312 1791 2366 quoque

773 2371 1060 2442 eloquendi
1086 2391 1280 2441 genere
1312 2389 1442 2425 usus
1475 2374 1670 2438 fuerit,
1693 2390 1791 2424 co-

772 2469 998 2519 gnoscas
1024 2470 1053 2503 e
1081 2452 1351 2503 Ciceronis
1381 2453 1541 2503 Bruto
1571 2468 1669 2521 79,
1698 2452 1783 2504 80.

772 2532 1130 2583 Meminerunt
1153 2531 1389 2600 ejusdem
1413 2533 1542 2585 Coes.
1569 2533 1626 2582 B.
1649 2533 1706 2584 C.
1735 2533 1787 2599 1,

775 2625 825 2671 23
840 2607 1102 2660 Eusebius
1118 2611 1171 2659 in
1186 2608 1452 2661 Chronico
1469 2628 1611 2661 anno
1636 2610 1787 2678 1960;

772 2689 900 2738 item
924 2690 1118 2739 Noster
1145 2688 1251 2753 xl,
1279 2687 1346 2751 3.,
1373 2687 1661 2755 155;X11,
1694 2701 1788 2755 ιο,

781 2781 860 2828 ιι,
898 2765 984 2834 39.
1025 2767 1218 2818 Noster
1254 2778 1430 2818 autem
1466 2766 1617 2818 locus
1653 2766 1785 2820 nihil

772 2846 902 2897 facit
928 2848 1181 2896 momenti
1210 2847 1263 2897 in
1292 2848 1390 2898 ista
1418 2848 1673 2899 orationis
1694 2848 1786 2900 ci·

775 2926 1068 2976 neroniana:
1080 2961 1097 2989 ,
1113 2942 1270 2994 quam
1286 2943 1429 2975 nunc
1446 2924 1599 2995 legim
1607 2944 1667 2977 ns
1685 2944 1785 2997 pro

773 3002 964 3066 domo,
989 3020 1166 3053 causa.
1192 3002 1380 3074 Neque
1405 3006 1545 3055 enim
1570 3003 1785 3056 dubita-

773 3096 888 3148 tur,
927 3084 1053 3154 quin
1093 3080 1161 3132 ad
1198 3082 1477 3153 pontifices
1517 3082 1585 3134 de
1623 3083 1785 3134 domo

774 3179 871 3212 sua
896 3159 1085 3211 dixerit
1101 3160 1286 3211 Cicero
1306 3182 1318 3211 τ
1337 3160 1459 3213 vide
1480 3161 1544 3213 ad
1566 3164 1673 3213 Att.
1695 3164 1787 3227 lv,

778 3259 825 3291 2.
853 3240 1159 3291 Orationem
1184 3238 1249 3290 de
1271 3240 1425 3291 domo
1444 3238 1576 3309 (non
1592 3259 1692 3313 pro
1712 3240 1789 3308 d.)

776 3319 1079 3389 inscriptam
1119 3330 1413 3370 memorant
1449 3320 1642 3390 Aquila
1677 3321 1789 3372 no-

776 3416 961 3449 manus
999 3410 1049 3447 et
1087 3397 1260 3450 Julius
1292 3397 1601 3450 Rufinianus
1620 3437 1638 3465 ‚
1670 3398 1788 3451 vide

774 3475 935 3528 Wolf.
966 3479 1019 3527 in
1039 3478 1184 3546 praef.
1207 3490 1437 3549 quatuor
1455 3479 1787 3532 orationibus

779 3555 940 3624 (Berl.
966 3556 1119 3621 1801,
1140 3555 1214 3625 8.)
1230 3556 1593 3628 praemissa‚p.
1620 3559 1709 3620 15;
1728 3559 1786 3609 it.

775 3633 1072 3685 Maroland.
1100 3634 1201 3700 ib.‚
1225 3653 1279 3705 p.
1308 3635 1396 3687 68.

849 3731 897 3765 2.
929 3711 1174 3766 calidius.
1209 3715 1384 3766 Turic.
1429 3713 1603 3780 Flor.‚
1635 3713 1791 3768 calli-

778 3796 886 3844 dus.
924 3795 1085 3845 Canu.
1106 3831 1122 3857 .‚
1160 3791 1394 3846 callidio.
1414 3793 1548 3845 Vide
1577 3795 1688 3847 Cic.
1723 3795 1791 3847 de

774 3876 880 3924 inv.
920 3876 995 3936 ll,
1032 3888 1099 3940 9,
1137 3870 1221 3923 ed.
1266 3873 1439 3922 Burm.
1483 3884 1538 3923 et
1578 3871 1789 3924 Schutz.

775 3954 992 4004 Retineo
1038 3951 1121 4002 hic
1168 3963 1221 4004 et
1256 3950 1456 4023 ubique
1499 3951 1791 4023 simplicem

775 4031 1047 4101 liquidam.
1078 4031 1162 4083 Sic
1192 4034 1333 4083 enim
1360 4042 1415 4081 et
1442 4029 1547 4096 XI,
1571 4029 1606 4081 3
1624 4068 1641 4095 ‚
1673 4032 1787 4085 123.

778 4109 916 4162 Flor.
946 4110 1154 4181 (Turio.
1186 4124 1235 4163 et
1270 4110 1447 4162 Ambr.
1488 4127 1515 4161 2
1551 4128 1583 4161 a
1612 4112 1787 4163 Burm.

777 4194 867 4260 qui
902 4190 972 4242 ibi
1010 4189 1205 4258 duplici
1244 4208 1436 4242 nomon
1468 4189 1644 4242 scribit
1666 4205 1795 4252 ,ϊο-

1865 1269 2056 1322 cedere
2071 1289 2180 1321 non
2195 1271 2496 1342 narrantur)
2515 1268 2690 1323 Guelf.
2712 1268 2874 1322 Goth.

1863 1347 1989 1418 (tac.
2016 1349 2204 1421 Gesn.)
2237 1348 2438 1404 Calidio
2448 1374 2468 1413 ,-
2503 1350 2598 1402 sed
2625 1353 2779 1402 Voss.
2822 1367 2877 1415 1,

1864 1427 1898 1479 3
1914 1465 1934 1493 ‚
1973 1426 2191 1491 Calido‚·
2238 1440 2293 1480 et
2328 1447 2447 1480 mox
2489 1428 2617 1481 ibid.
2663 1427 2707 1499 §-
2761 1428 2875 1482 155.

1863 1507 2039 1560 Guelf.
2073 1508 2234 1560 Goth.
2264 1507 2391 1578 (tac.
2420 1508 2608 1579 Gesn.)
2639 1507 2877 1571 Calidio,-

1865 1586 1960 1639 sed
1994 1588 2173 1638 Turic.
2216 1586 2392 1652 Flor.,
2426 1585 2580 1638 calio.
2620 1584 2805 1637 Ambr.
2846 1604 2876 1638 2

1864 1685 1974 1717 non
1999 1679 2337 1719 memoratur.
2363 1668 2493 1717 Item
2518 1665 2643 1730 ΧΠ,
2669 1681 2762 1732 ιο,
2795 1682 2814 1716 1
2832 1683 2875 1718 ι.

1863 1744 2039 1798 Guelf.
2078 1745 2240 1799 Goth.
2281 1745 2408 1816 (tac.
2450 1746 2638 1812 Gesn.)
2677 1745 2844 1797 CAur.
2861 1786 2880 1812 ,

1868 1824 2062 1879 Galidii
2075 1848 2093 1886 ;
2124 1825 2218 1877 sed
2245 1827 2422 1877 Turio.
2441 1863 2457 1891 ‚
2491 1823 2666 1877 calidi.
2701 1824 2842 1876 Flor.
2860 1864 2879 1892 ,

1865 1901 2067 1955 callidi.
2093 1903 2334 1976 Denique
2357 1905 2482 1968 XII,
2509 1919 2601 1967 ιο,
2623 1901 2711 1970 39.
2735 1901 2878 1953 Flor.

1866 1980 2041 2033 Guelf.
2059 1980 2219 2034 Goth.
2237 1979 2362 2050 (tac.
2379 1981 2567 2050 Gesn.)
2581 1978 2734 2033 Colb.
2748 2017 2766 2046 ‚
2784 1980 2882 2033 ca-

1869 2056 1996 2111 lidio
2005 2082 2027 2122 ,·
2050 2062 2226 2112 Turio.
2253 2079 2362 2112 non
2388 2073 2737 2121 memoratur-3
2762 2063 2882 2111 Am-

1870 2136 2040 2191 bross.
2076 2138 2186 2190 duo
2219 2137 2472 2190 deficiunt
2505 2139 2558 2190 in
2590 2135 2673 2190 his
2707 2149 2881 2189 extre-

1869 2218 1994 2279 mis;
2019 2216 2139 2268 edd.
2167 2216 2267 2268 sibi
2291 2234 2398 2267 non
2423 2227 2685 2267 constant.

1942 2296 1993 2347 3.
2023 2297 2095 2346 Et
2112 2314 2211 2367 pro
2234 2292 2454 2345 Milone.
2481 2291 2643 2346 Goth.
2669 2293 2881 2344 omittit.

1869 2404 1942 2415 —
1965 2374 2071 2425 Pro
2095 2373 2359 2426 Milone...
2390 2372 2594 2424 Brutus.
2615 2371 2752 2423 Vide
2781 2372 2883 2436 111,

1869 2453 1932 2518 6,
1956 2453 2042 2523 93.
2068 2452 2299 2505 Attende
2315 2450 2526 2504 Celsum
2546 2453 2602 2502 in
2622 2469 2688 2502 eo
2708 2468 2885 2502 erran-

1870 2545 1974 2584 tem
1992 2571 2010 2599 ,
2053 2531 2199 2604 quod
2238 2533 2365 2583 satis
2405 2544 2592 2582 notum
2631 2531 2680 2581 ei
2716 2529 2884 2581 fuisse

1869 2612 2024 2664 nobis
2039 2611 2206 2664 videri
2220 2623 2446 2683 poterat.
2465 2609 2726 2662 Pedianus
2740 2609 2884 2661 idem

1871 2692 2014 2762 quod
2042 2689 2264 2759 Quintil.
2287 2701 2484 2742 narrat.

1940 2769 1992 2836 4.
2018 2769 2195 2842 eq‘sse
2217 2787 2355 2821 eum.
2381 2767 2553 2834 Flor„
2574 2786 2619 2819 e.
2646 2786 2781 2819 eam.

1939 2851 1991 2902 5.
2012 2851 2085 2901 Et
2103 2848 2283 2902 Pollio
2302 2860 2355 2900 et
2371 2846 2613 2902 Messala.
2630 2849 2882 2919 Suspicor

1868 2939 1975 2980 et...
2001 2937 2052 2980 et
2073 2927 2276 2979 dictum
2299 2939 2361 2979 ut
2383 2936 2552 2977 tam...
2578 2944 2755 2999 quam.

1939 3007 1990 3059 6.
2031 3007 2104 3057 Et
2137 3003 2393 3066 Messala3
2428 3007 2501 3058 sic
2536 3006 2716 3056 Turio.
2745 3004 2880 3056 Flor.

1867 3085 2042 3138 Guelf.
2074 3086 2238 3137 Cur.
2274 3083 2434 3136 Goth.
2469 3084 2612 3135 Jens.
2640 3080 2884 3151 (tacente

1867 3164 2050 3234 Gesn.)
2070 3181 2191 3214 cum
2212 3161 2334 3214 edd.
2359 3175 2481 3214 ante
2502 3159 2655 3212 Basil.
2675 3161 2884 3232 Reliqui

1870 3263 1936 3295 ac
1961 3244 2039 3293 M.

1942 3337 1992 3389 7.
2029 3319 2263 3391 Insiqnes
2290 3336 2405 3391 pro.
2434 3318 2611 3369 Turio.
2645 3316 2881 3369 Florem.

1869 3398 2044 3452 Guelf.
2080 3399 2243 3451 Cmr.
2277 3396 2438 3449 Goth.
2474 3399 2622 3448 Jens.
2653 3395 2885 3464 (tacente

1868 3476 2129 3547 Gesnero)
2148 3479 2388 3528 inserunt
2405 3483 2489 3538 at,
2507 3492 2630 3525 cum
2645 3473 2802 3524 Voss.
2827 3490 2886 3538 2,

1869 3571 1925 3610 et
1964 3556 2083 3609 edd.
2130 3568 2254 3607 ante
2293 3553 2415 3606 Ald.
2454 3552 2560 3606 Sed
2595 3551 2724 3604 Bad.
2765 3570 2847 3622 pr.
2869 3591 2887 3618 ‚

1873 3649 1994 3700 tres,
2021 3634 2168 3706 quod
2195 3636 2250 3685 in
2272 3631 2407 3685 vall.
2437 3633 2730 3704 repositum
2758 3648 2888 3682 nar-

1874 3728 1972 3767 rat.
1994 3713 2232 3765 Vidimus
2256 3722 2314 3762 at
2334 3711 2421 3782 (V,
2449 3728 2540 3776 10,
2562 3711 2620 3782 9)
2641 3727 2891 3781 compen·

1872 3793 1962 3847 dio
1978 3792 2134 3846 scribi
2149 3811 2248 3863 pro
2264 3789 2373 3844 alia
2384 3829 2402 3856 ,
2417 3789 2569 3851 alim
2585 3789 2692 3842 hoc
2709 3803 2888 3842 autem

1871 3873 2208 3926 librariorum
2229 3888 2406 3923 errore
2426 3869 2692 3922 interdum
2708 3884 2891 3921 succe-

1873 3955 1998 4008 dere
2015 3955 2138 4006 voci
2153 3950 2261 4004 illoe
2274 3951 2362 4022 (V,
2386 3949 2446 4017 14
2458 3987 2476 4015 ,
2494 3950 2599 4021 29).
2625 3951 2712 4001 An
2730 3951 2889 4019 igitur

1873 4036 2035 4088 fuerit
2055 4031 2142 4084 hic
2167 4031 2310 4084 illoe?
2333 4043 2391 4082 ut
2413 4028 2776 4100 intelligantur
2797 4047 2886 4081 ce·

1874 4111 2235 4165 lebratissimae
2284 4107 2523 4180 quaedam
2576 4108 2849 4159 orationes
2868 4142 2888 4171 ,

1873 4204 2011 4244 notae
2056 4187 2362 4242 lectoribus.
2410 4188 2751 4260 Supprimere
2792 4204 2889 4238 vo·
