3200 5159
645 460 1300 532 ms‘rrrn‘rloms
1339 464 1595 531 ORAT.
1639 450 1799 530 Lm.
1840 465 1998 544 xn,
2048 488 2145 529 10.

2318 461 2441 547 537

347 607 628 658 necesse
655 586 742 660 sit
764 589 1163 678 transferre,
1198 608 1321 660 aut
1348 588 1760 676 circumire3
1801 588 2008 681 etiam
2041 588 2113 659 in
2143 587 2255 677 iis,
2291 611 2444 682 quae

347 699 798 775 denominata
841 724 1005 776 sunt
1032 718 1082 792 ¹,
1141 728 1424 776 summa
1470 725 1845 803 paupertas
1900 705 1974 775 in
2022 703 2266 776 eadem
2319 726 2447 770 nos

345 816 909 916 frequentissime
952 818 1279 892 revolvit:
1331 841 1402 892 at
1432 820 1565 893 illis
1607 848 1750 892 non
1789 821 2160 893 verborum
2190 817 2403 890 modo
2426 873 2445 906 ,

346 931 470 1003 sed
508 933 907 1034 linguarum
953 937 1163 1009 etiam
1212 935 1394 1009 inter
1430 963 1501 1009 se
1553 935 2032 1008 differentium
2082 933 2280 1034 copia
2331 952 2450 1003 est.

349 1048 632 1139 Quare²
682 1053 804 1150 qui
846 1080 889 1125 a
923 1055 1192 1127 Latinis
1232 1051 1506 1153 exiget3
1551 1038 1746 1126 illam
1786 1053 2077 1153 gratiam
2112 1049 2452 1154 sermonis
2478 1053 2549 1110 35

351 1166 560 1255 attici,
585 1166 700 1240 det
727 1169 905 1241 mihi
932 1169 1003 1242 in
1036 1170 1431 1269 eloquendo
1458 1170 1784 1243 eamdem
1813 1169 2351 1271 jucunditatem,
2383 1186 2453 1238 et

348 1307 589 1381 parem
625 1285 898 1385 copiam
929 1314 944 1358 ε
978 1288 1167 1386 quod
1198 1287 1252 1360 si
1282 1308 1625 1386 negatum
1655 1307 1788 1376 est,
1827 1280 2246 1358 sententiasff*
2269 1303 2454 1382 apta·

347 1393 586 1469 bimus
609 1397 696 1470 iis
718 1400 1000 1473 vocibus
1017 1458 1036 1493 ,
1062 1428 1238 1501 quas
1270 1401 1647 1491 habemuS,
1673 1429 1807 1474 nec
1841 1428 2073 1473 rerum
2093 1398 2118 1445 ⁵
2152 1398 2453 1471 nimiam

350 1511 763 1585 tenuitatem
793 1569 812 1604 ,
864 1536 942 1587 ut
986 1543 1130 1589 non
1184 1517 1412 1590 dicam
1464 1514 1954 1618 pinguioribus
1983 1572 2002 1604 ,
2057 1512 2456 1587 fortioribus

349 1645 534 1699 certe
567 1628 790 1702 verbis
822 1630 1313 1723 miscebimus,
1350 1660 1440 1705 ne
1468 1632 1685 1705 virtus
1719 1653 2011 1731 utraque
2039 1650 2274 1729 pereat
2305 1628 2454 1726 ipsa

352 1742 787 1817 confusione.
840 1748 1021 1818 Nam
1073 1776 1213 1848 quo
1262 1749 1501 1821 minus
1546 1749 1826 1850 adjuvat
1869 1744 2169 1833 sermofi,
2220 1770 2450 1816 rerum
2488 1749 2557 1803 36

351 1948 581 2018 minata,
601 1951 874 2007 Tui-icens.
899 1957 1037 2010 Flor.
1064 1959 1361 2027 Damnata,

349 2026 494 2079 Jens.
518 2028 758 2100 (tacente
780 2036 975 2108 Gesn.)
998 2050 1050 2090 et
1071 2050 1214 2110 post.
1240 2050 1363 2090 ante

351 2104 471 2158 Ald.
502 2109 909 2183 Differentiam,
930 2117 1070 2169 Flor.

432 2203 477 2238 t.
519 2188 647 2258 Quoe
682 2191 1020 2248 denominata
1051 2207 1188 2250 sunt.
1227 2195 1362 2250 Vide

354 2266 498 2331 vm,
529 2284 588 2333 2,
634 2270 686 2337 4.
734 2274 874 2327 Male
901 2276 1119 2328 Gesner.
1158 2275 1365 2329 videtur

351 2345 667 2404 intellexisse
702 2352 771 2406 de
801 2355 1070 2426 adjectivis
1093 2376 1127 2408 a
1152 2358 1367 2410 nomine

353 2422 581 2514 deflexis.
619 2430 723 2483 Sed
751 2432 893 2486 bona
924 2435 1161 2506 exempla
1187 2438 1365 2508 posuit

352 2505 615 2594 ejusmodi
634 2513 799 2582 copim
816 2513 1197 2566 vocabulorum
1221 2516 1365 2567 Lati-

356 2599 437 2634 ms
462 2600 662 2655 negate
687 2609 717 2642 e
744 2591 879 2644 Xen.
908 2594 1067 2645 Mem.
1094 2593 1238 2645 Socr.
1270 2595 1366 2660 111,

367 2680 421 2729 ι,
445 2664 508 2727 6;
530 2680 585 2718 et
607 2668 705 2735 111,
734 2668 795 2733 3,
818 2689 870 2741 9.

431 2762 478 2798 2.
510 2746 736 2816 Quare...
758 2750 970 2804 Latinis.
985 2752 1164 2804 Turio.
1191 2751 1330 2804 Flor.
1348 2789 1367 2815 ,

356 2843 519 2896 quare
539 2827 715 2901 aliqui
747 2829 988 2899 lationis,
1029 2853 1151 2887 cum
1176 2832 1364 2886 Almel.

364 2902 425 2973 Q.
445 2906 536 2976 qui
558 2906 766 2974 latinis,
793 2909 930 2962 vall.
958 2912 1192 2984 Apparet
1215 2910 1369 2983 sylla-

358 2981 454 3035 bus
475 2983 553 3037 ali
578 2989 631 3038 in
650 3001 976 3043 vetustorum
1001 2995 1259 3062 scriptura
1278 3010 1370 3042 na·

362 3075 441 3115 tas
457 3081 518 3115 ex
543 3064 634 3117 illo
648 3071 739 3131 at,
763 3068 956 3139 quibus
976 3072 1190 3122 remotis
1206 3089 1370 3122 rema·

360 3156 452 3195 net
475 3147 729 3217 scriptura
760 3148 870 3199 fere
892 3148 1177 3213 VallensiS,
1211 3167 1370 3222 quam

363 3241 473 3274 non
501 3241 695 3296 sequor
733 3239 940 3291 tamen,
981 3229 1106 3280 licet
1133 3226 1370 3300 exempla

365 3299 481 3352 talis
492 3314 762 3356 structurae
773 3303 936 3358 lexica
954 3305 1107 3358 nobis
1124 3307 1368 3357 offerant.

435 3379 485 3431 3.
516 3380 720 3456 Exiget.
745 3384 906 3436 Canae.
931 3383 1162 3436 Gothan.
1199 3385 1339 3436 Jens.
1357 3423 1372 3449 ,

362 3457 552 3533 exiqit,
576 3459 707 3530 (tac.
739 3462 931 3534 Gesn.)
955 3481 1076 3515 cum
1102 3462 1221 3515 edd.
1250 3475 1372 3515 ante

362 3535 529 3589 Stoer.
571 3539 855 3612 Loquendo
875 3579 894 3605 ,
931 3543 1204 3594 Turicens.
1230 3540 1370 3593 Flor.

360 3615 635 3670 Guelferb.
660 3617 819 3671 Goth.
846 3620 988 3671 Jens.
1015 3624 1151 3687 (tac.
1176 3619 1376 3690 Gesn.)

363 3712 489 3747 cum
515 3695 662 3748 editt.
689 3711 810 3750 ante
842 3698 996 3750 Basil.
1035 3716 1144 3750 acc.
1173 3696 1372 3770 Gryph.

373 3775 524 3843 1544.
543 3778 681 3830 Infra
711 3776 756 3849 §-
778 3779 875 3847 39,
897 3777 1134 3831 eamdem
1153 3781 1374 3830 varieta-

365 3872 472 3910 tem
505 3857 744 3930 praebent
770 3858 910 3911 Flor.
934 3859 1110 3913 Guelf.
1142 3858 1372 3912 Gothan.

365 3936 530 3989 cin».
556 3956 677 3990 cum
702 3942 855 3990 Voss.
881 3957 900 3992 ι
919 3976 936 4005 ,
977 3957 1034 4004 2,
1060 3940 1121 4005 3,
1152 3953 1204 3992 et
1228 3939 1376 3992 editt.

370 4027 493 4066 ante
511 4014 630 4068 Ald.
647 4034 759 4068 acc.
781 4016 907 4069 Bad.
926 4017 1100 4070 Colin.
1120 4016 1222 4071 Sed
1241 4017 1376 4089 eloq.

367 4111 548 4144 verum
568 4093 878 4166 utrobique,
899 4096 1036 4148 sicut
1050 4115 1209 4168 supra
1227 4095 1270 4167 §.
1292 4113 1377 4166 27,

1443 1956 1589 2009 nulla
1605 1959 1845 2009 varietas.
1859 1954 2123 2006 —Nostri
2139 1950 2333 2016 Codd.,
2352 1950 2460 2002 exi-

1439 2048 1545 2111 qet‚
1563 2050 1787 2108 excepto
1798 2038 1859 2088 R.
1873 2051 1954 2102 ιο,
1966 2036 2056 2105 qui
2070 2031 2246 2103 exigit.
2260 2032 2457 2084 Omnes

1444 2116 1721 2191 loquendo.
1743 2117 1837 2167 En.

1515 2197 1566 2265 4.
1601 2196 1909 2251 Sententia.
1953 2192 2165 2244 Habent
2196 2189 2459 2242 sententiis

1443 2278 1622 2329 Tur-ic.
1636 2275 1779 2327 Flor.
1795 2273 2131 2344 Amavimus,
2148 2268 2324 2319 Turic.
2342 2264 2458 2331 His,

1444 2356 1621 2409 Guelf.
1642 2353 1802 2408 Goth.
1828 2352 1965 2422 (tac.
1985 2344 2456 2415 Gesn.)Vocimus,

1443 2437 1621 2488 Turio.
1647 2428 1718 2487 E'c
1754 2451 1861 2486 non
1895 2430 2095 2495 dicam,
2124 2426 2301 2478 Turic.
2331 2425 2461 2475 For-

1447 2516 1657 2568 tior-ibus
1676 2533 1781 2567 om.
1810 2512 1987 2565 Turio.
2011 2507 2151 2561 Flor.
2179 2524 2300 2558 cum
2321 2504 2455 2555 Alm.

1519 2593 1569 2647 5.
1598 2592 1711 2645 Nec
1739 2609 1907 2644 rerum
1915 2627 2028 2641 ......
2064 2588 2174 2660 ipsa
2203 2583 2462 2656 confusio-

1448 2691 1529 2725 ne.
1553 2674 1725 2726 Latini
1748 2672 1967 2745 penuria
1991 2668 2329 2740 propriorum
2345 2681 2461 2714 ver-

1448 2751 1641 2804 borum
1665 2750 1929 2803 translatis
1948 2749 2058 2800 fere
2081 2760 2134 2799 et
2151 2740 2461 2796 fortioribus

1448 2845 1499 2885 et
1515 2845 1719 2883 tantum
1736 2848 1844 2882 non
1865 2826 2151 2901 pinguibus
2177 2826 2253 2875 uti
2268 2841 2465 2894 cogun-

1448 2924 1550 2962 tur.
1588 2911 1683 2960 His
1706 2911 1886 2978 itaque
1925 2907 1968 2958 si
2001 2922 2083 2955 res
2108 2917 2161 2954 et
2190 2902 2460 2953 sententiae

1449 2991 1669 3042 nimium
1708 3002 1891 3039 tenues
1921 2985 2262 3058 proferantur
2277 3019 2294 3045 ,
2332 3000 2463 3033 oon-

1449 3070 1590 3121 fusio
1609 3066 1847 3138 quaedam
1863 3068 2088 3128 oriatur,
2112 3080 2215 3135 qua
2234 3074 2463 3133 utraque

1449 3149 1615 3199 virtus
1631 3184 1648 3210 ,
1694 3159 1746 3198 et
1777 3144 2076 3217 proprietas
2113 3140 2367 3192 sermonis
2410 3151 2463 3190 et

1452 3223 1666 3298 pondus
1686 3224 2058 3275 sententiarum
2083 3232 2282 3292 pereat.

1522 3302 1573 3354 6.
1611 3301 1844 3372 Adiuvat
1869 3316 2048 3352 sermo.
2091 3297 2268 3348 Tun-ic.
2291 3295 2430 3347 Flor.
2447 3333 2464 3362 ,

1452 3382 1766 3456 adjutoriam
1789 3398 1984 3443 sermo,
2010 3397 2131 3430 cum
2145 3374 2333 3429 Almel.
2362 3379 2470 3426 Ve-

1454 3481 1574 3514 reor
1610 3480 1676 3513 ne
1716 3479 1824 3512 non
1864 3472 2058 3510 temere
2100 3470 2172 3508 ita
2205 3468 2467 3514 venetum

1454 3560 1578 3593 nam
1600 3540 1849 3611 adjutoris
1864 3552 1913 3591 et
1934 3537 2183 3610 aoJutort'i
2195 3532 2465 3586 vocabulis

1456 3622 1646 3691 saepius
1673 3621 1839 3671 utitur
1861 3618 2045 3685 Quint.
2082 3614 2186 3667 Sed
2221 3610 2349 3664 nihil
2373 3631 2466 3663 ex-

1455 3700 1699 3772 sculpere
1736 3716 1956 3770 possum
1988 3695 2131 3767 quod
2155 3706 2376 3763 receptae
2401 3693 2468 3741 sit

1454 3778 1841 3851 praeferendum
1860 3800 1870 3828 :
1894 3790 1954 3829 ut
1978 3778 2022 3828 si
2038 3794 2101 3827 ne
2118 3771 2343 3826 litterula
2361 3774 2476 3844 qui-

1457 3857 1577 3910 dem
1608 3870 1810 3909 mutata
1837 3873 2092 3928 ponerem
2119 3876 2131 3904 2
2160 3854 2335 3904 «Nam
2361 3868 2468 3923 quo

1466 3959 1488 3984 ο
1509 3941 1683 3991 minus
1708 3937 1921 4009 adjutor
1935 3940 2044 4006 jam
2070 3950 2242 3985 sermo
2264 3954 2276 3982 :
2305 3955 2327 3978 ι
2372 3931 2472 3981 nisi

1460 4018 1748 4089 adjutorem
1763 4035 1863 4069 esse
1886 4014 2073 4066 melius
2097 4013 2234 4063 forte
2255 4010 2477 4063 faculta-

1460 4108 1566 4148 tem
1583 4093 1869 4164 adjuvandi
1892 4094 2159 4164 exprimit,
2185 4108 2340 4163 quam
2360 4109 2477 4141 ver-

370 4181 424 4223 et
446 4170 580 4223 vlu.
606 4173 723 4223 Pro.
759 4189 851 4241 17,
879 4185 933 4225 et
956 4173 1068 4227 aliis
1092 4173 1254 4242 locis,
1288 4174 1380 4227 ubi
1458 4174 1588 4247 bum
1614 4173 1804 4229 solum.
1842 4171 1947 4228 Sed
1969 4173 2083 4226 istis
2108 4190 2220 4224 non
2244 4169 2475 4225 confido.
