3200 5159
670 459 1314 529 ms'rlTu‘rloms
1353 461 1608 527 ORAT.
1651 464 1811 528 Lm.
1854 467 1943 546 x,
1995 491 2047 531 1.

2326 492 2411 559 29

306 583 649 676 Passieni,
672 584 946 656 Decimi
972 583 1164 655 Laelii
1189 583 1528 656 orationes
1555 586 1959 660 ferebantur
1983 603 2000 632 ¹
2031 616 2048 660 z
2083 615 2312 689 neque
2337 591 2408 663 id

308 700 541 773 statim
572 699 830 801 legenti
853 728 1266 801 persuasum
1295 700 1416 790 sit,
1442 703 1713 792 omnia,
1741 731 1897 804 quae
1927 707 2205 805 magni²
2236 736 2411 780 auc-

310 836 493 888 tores
526 817 857 909 dixerint‚
892 818 1134 916 utique
1170 843 1312 892 esse
1352 818 1688 917 perfecta:
1723 847 1890 892 nam
1923 843 1990 893 et
2027 819 2055 865 3
2079 821 2412 894 labuntur

311 930 729 1030 aliquando,
770 954 838 1006 et
880 933 1075 1005 oneri
1115 932 1405 1022 cedunt,
1441 953 1507 1004 et
1547 933 1919 1033 indulgent
1960 936 2411 1034 ingeniorum

310 1072 601 1118 suorum
618 1047 951 1146 voluptati
966 1077 984 1135 ;
1010 1073 1137 1119 nec
1151 1073 1427 1145 semper
1443 1046 1825 1121 intendunt
1840 1050 2166 1122 animum
2177 1051 2233 1141 43
2253 1078 2418 1123 non·

311 1187 688 1261 nunquam
723 1163 1139 1262 fatigantur,
1168 1189 1393 1262 quum
1429 1163 1756 1237 Ciceroni
1789 1165 2164 1240 dormitare
2186 1166 2212 1212 ⁵
2243 1168 2418 1240 inte-

312 1275 448 1347 rim
495 1278 1036 1366 DemostheneS‚
1074 1277 1364 1351 Horatio
1403 1305 1563 1353 vero
1611 1285 1823 1352 etiam
1873 1282 2227 1354 Homerus
2268 1283 2414 1382 ipse

306 1389 643 1463 videatur.
673 1392 950 1464 Summi
980 1392 1173 1465 enim
1202 1413 1366 1465 sunt
1382 1448 1401 1484 ‚
1425 1392 1750 1467 homines
1770 1392 1802 1439 ⁶
1824 1415 2060 1468 tamen
2086 1424 2100 1468 ε
2129 1398 2417 1471 accidit-

308 1595 453 1644 σθω,
480 1578 628 1648 quod
651 1579 779 1631 fecit
801 1581 1023 1650 Regius,
1050 1580 1221 1632 nimia‘.
1244 1581 1325 1631 vi·

307 1654 466 1708 detur
488 1656 732 1710 levitatis.
1200 1700 1211 1712 ,

390 1750 434 1785 t.
477 1735 805 1788 Ferebantur.
844 1736 979 1787 Huic
1011 1735 1174 1787 verbo
1212 1754 1323 1787 non

308 1816 496 1884 utique
528 1815 666 1867 inest
696 1814 939 1867 falsitatis
966 1814 1323 1877 insimulatio;

308 1893 432 1946 vide
457 1895 536 1958 X,
570 1911 621 1963 7,
649 1896 736 1948 30.
767 1895 849 1948 Sic
877 1895 1019 1946 enim
1038 1895 1327 1946 rectissime

308 1974 675 2026 Burmannus:
721 1973 1081 2046 «serebantur,
1121 1972 1177 2024 id
1216 1986 1329 2039 est,

317 2075 345 2099 ι
362 2052 787 2120 celebrabantur,
812 2068 866 2106 et
889 2055 944 2106 in
968 2052 1211 2104 manibus
1236 2051 1330 2104 ho-

320 2154 345 2178 ·-
364 2134 567 2184 minum
614 2147 666 2185 et
711 2151 804 2184 ore
852 2144 1019 2183 erant.
1064 2133 1142 2182 lta
1181 2131 1324 2182 Suet.

315 2234 343 2257 ιι
362 2213 489 2264 Ces.
511 2229 597 2276 20,
610 2209 1053 2285 vulqoferrentur
1066 2210 1125 2261 lu·
1140 2228 1325 2262 versus.

319 2315 344 2338 ι·
362 2293 486 2347 Non
504 2290 690 2343 Bibulo
705 2290 1015 2364 quidquam,
1039 2303 1218 2356 etc..‚c.
1239 2288 1323 2342 55.

318 2393 346 2417 ιι
362 2370 514 2420 Inter
527 2387 655 2442 quos
675 2379 859 2420 temere
880 2367 1329 2441 quedamserun·

318 2472 345 2494 ι
366 2459 469 2514 tur,
494 2467 540 2500 c.
569 2447 654 2501 56.
680 2449 940 2501 Feruntur
962 2459 1015 2500 et
1040 2468 1073 2499 a
1093 2465 1257 2520 puero
1279 2456 1332 2497 et

320 2549 346 2572 ει
363 2528 430 2577 ab
476 2525 798 2579 adolescente
838 2526 1083 2599 quoedam
1121 2526 1218 2578 scri
1257 2535 1327 2576 ta.

323 2629 348 2652 ιι
364 2606 575 2658 Terent.
600 2607 763 2671 Eun„
788 2619 889 2657 act.
911 2607 1008 2670 lu,
1026 2623 1098 2656 sc.
1127 2620 1175 2670 ι,
1192 2543 1308 2655 ’ζει-3

324 2706 349 2730 ιι
370 2684 465 2749 28,
490 2683 761 2736 audieras?
782 2685 884 2736 Gn.
910 2700 1069 2753 soepe3
1091 2682 1334 2754 etfertur

322 2784 346 2807 ιι
366 2762 608 2833 inprimis
619 2786 634 2814 .·
654 2775 706 2814 et
718 2763 793 2813 sic
804 2763 1000 2833 passim
1011 2762 1084 2811 ita
1088 2759 1325 2831 ferunt.»

391 2858 441 2892 2.
478 2840 686 2913 Magni.
711 2843 888 2893 Turic.
906 2878 922 2904 ‚
957 2840 1119 2891 omni.
1156 2838 1331 2905 Flor.,

315 2922 485 2973 omnis
494 2942 514 2981 ,-
535 2939 566 2971 a
585 2939 692 2974 sec.
710 2938 871 2972 manu
886 2933 1108 2991 uterque
1124 2937 1327 2984 omnes,

316 3014 371 3052 et
402 3002 479 3052 sic
509 2999 782 3053 Guelferb.
819 3000 982 3051 Csur.
1014 3017 1137 3050 cum
1165 2997 1326 3050 Goth.

315 3082 469 3132 Voss.
510 3098 570 3146 2,
604 3079 757 3131 colb.
789 3092 843 3130 et
870 3077 991 3130 edd.
1025 3089 1148 3130 ante
1172 3075 1327 3128 Basil.

316 3162 537 3230 Egregia
557 3158 926 3211 emendatione
947 3170 999 3210 et
1019 3157 1104 3209 hic
1127 3157 1331 3228 profec-

318 3253 373 3291 to
393 3237 677 3291 Philander
697 3238 932 3309 reposuit
953 3254 1162 3301 verum,
1178 3237 1331 3305 cujus

315 3320 512 3370 semina
551 3318 609 3368 in
649 3316 1003 3367 vetustissima
1048 3314 1327 3382 scriptura.

314 3396 481 3449 Nihili
514 3397 655 3447 enim
688 3412 803 3466 φη
843 3413 940 3466 pro
975 3392 1142 3446 altero
1181 3405 1330 3460 urget

319 3477 524 3541 Burm.,
550 3492 871 3546 quamquam
897 3474 1176 3545 preferens
1203 3488 1329 3521 nos-

321 3569 473 3607 trum.
494 3556 682 3607 Levius
704 3554 849 3625 quod
867 3552 1204 3605 vetustissimi
1218 3549 1327 3601 duo

321 3653 350 3687 a
366 3654 444 3701 pr.
460 3653 622 3686 manu
635 3632 859 3685 auctoris
868 3671 887 3699 ,
903 3645 956 3683 et
968 3633 1146 3682 Turio.
1162 3668 1179 3695 ‚
1195 3630 1333 3680 dixe·

322 3714 404 3765 rit.
437 3711 597 3766 Goth.
632 3714 777 3764 Jens.
811 3711 939 3781 (tae.
972 3708 1156 3778 Gesn.)
1185 3710 1333 3761 dixe·

326 3805 471 3857 runt,
494 3811 616 3843 cum
639 3791 762 3843 edd.
785 3804 1012 3861 posterr.
1034 3803 1157 3840 ante
1177 3789 1329 3839 Basil.

325 3901 394 3912 —
410 3874 591 3924 Nostri
610 3870 779 3925 codd.
803 3868 1002 3921 habent
1020 3886 1210 3920 omnes.
1238 3870 1329 3919 En.

394 3951 444 4003 3.
470 3950 747 4002 Labuntur
759 3947 1066 4020 aliquando.
1096 3969 1118 3993 κ
1140 3948 1335 3999 Noster

336 4052 358 4074 ι
378 4047 491 4102 cap.
520 4048 629 4101 seq.
655 4031 734 4097 (S.
775 4028 857 4097 15)
890 4046 1014 4079 nant
1046 4038 1097 4078 et
1130 4026 1335 4100 magnis

337 4131 359 4152 ι
376 4127 577 4180 quoque
598 4109 889 4161 auctoribus
909 4106 1155 4159 excidunt
1178 4107 1335 4158 vitio-

338 4209 361 4233 ·
377 4206 458 4255 sa,
482 4202 584 4241 etc.
610 4213 631 4236 ιι
664 4187 987 4241 Almeloven.

1473 1579 1524 1647 4.
1566 1580 1820 1634 Animum
1838 1605 1858 1644 ‚·
1893 1599 2307 1657 nonnunquam5
2341 1588 2417 1639 sic

1401 1659 1579 1710 Turio.
1601 1659 1741 1711 Flor.
1766 1661 2036 1714 Guelferb·
2063 1663 2225 1715 Cam.
2250 1663 2416 1718 Goth.

1401 1738 1547 1790 Jens.
1586 1735 1712 1806 (tac.
1751 1738 1937 1809 Gesn.)
1973 1758 2095 1791 cum
2132 1740 2254 1793 edd.
2294 1757 2416 1796 ante

1402 1816 1557 1867 Basil.
1585 1834 1698 1868 acc.
1719 1818 1851 1870 obv.
1879 1818 2085 1891 Reliqui
2106 1822 2346 1873 inserunt
2368 1832 2421 1872 et

1406 1896 1774 1949 Demosthenes
1785 1936 1802 1964 ,
1819 1897 2044 1950 Horatio
2060 1917 2192 1950 vero.
2209 1903 2385 1953 Turio.
2400 1941 2417 1969 ,

1407 1972 1460 2024 d.
1480 1973 1651 2025 oratio
1671 1995 1751 2034 υ.,·
1772 1994 1803 2026 a
1821 1994 1926 2027 sec.
1951 1995 2111 2029 manu
2125 1979 2421 2032 Demosthe·

1408 2050 1487 2102 nis
1505 2052 1670 2103 oratio
1692 2070 1859 2103 rerum
1871 2093 1890 2120 ‚
1907 2067 1960 2106 et
1974 2056 2050 2106 sic
2066 2055 2240 2109 Guelf.
2256 2059 2416 2110 Cam.

1406 2129 1569 2182 Goth.
1597 2132 1743 2183 Jens.
1773 2131 1900 2200 (tac.
1930 2133 2117 2204 Gesn.)
2138 2153 2262 2186 cum
2295 2135 2416 2187 edd.

1408 2223 1531 2261 ante
1565 2208 1693 2261 Bad.
1720 2211 1844 2281 qui,
1871 2226 2015 2263 recte
2048 2215 2193 2265 aiens
2223 2213 2422 2266 dormi-

1409 2303 1522 2341 tare
1550 2291 1849 2360 superiores
1877 2292 1933 2341 in
1960 2289 2013 2342 h.
2046 2291 2080 2342 l.
2107 2311 2285 2344 verum
2311 2313 2417 2346 res-

1408 2370 1575 2429 tituit;
1628 2367 1764 2420 male
1809 2382 1985 2420 tamen
2027 2370 2226 2421 ‘omisso
2271 2389 2416 2438 vero,

1409 2446 1555 2519 quod
1592 2446 1714 2499 loco
1750 2446 1925 2498 reddit
1955 2447 2107 2498 Basil.
2147 2446 2288 2518 (vide
2325 2449 2416 2501 lib.

1406 2528 1530 2591 vn,
1554 2545 1674 2597 cap.
1700 2528 1761 2594 4,
1789 2524 1838 2596 S
1861 2528 1911 2579 8.

1481 2604 1531 2658 5.
1566 2605 1799 2658 Ciceroni
1828 2605 2187 2658 domitare...
2221 2606 2421 2660 Home-

1411 2704 1511 2738 rus.
1540 2687 1648 2737 Cic.
1675 2687 1822 2738 Orat.
1847 2702 1943 2754 29:
1975 2708 1997 2730 a
2018 2687 2247 2737 Tantum
2272 2687 2422 2741 abest

1417 2787 1440 2814 ιι
1461 2779 1521 2817 ut
1558 2777 1737 2817 nostra
1769 2766 2033 2830 miremur,
2063 2778 2121 2816 ut
2153 2783 2322 2836 usque
2356 2786 2421 2818 eo

1415 2865 1440 2890 ιι
1461 2841 1702 2895 difficiles
1727 2860 1788 2893 ac
1813 2843 2010 2894 morosi
2034 2843 2224 2905 simus,
2249 2855 2310 2893 ut
2332 2861 2422 2895 no-

1417 2945 1440 2968 ιι
1461 2922 1540 2972 bis
1578 2939 1688 2973 non
1725 2921 2011 2972 satisfaciat
2045 2922 2159 2992 ipse
2196 2923 2422 2974 Demos-

1416 3023 1437 3047 ι
1458 2999 1643 3052 thenes
1661 3020 1673 3048 ι
1694 3000 1784 3069 qui
1802 3016 2123 3068 quamquam
2138 3016 2275 3049 unus
2296 3001 2422 3050 emi·

1415 3102 1438 3125 ιι
1457 3091 1548 3130 net
1580 3080 1718 3128 inter
1751 3094 1935 3128 omnes
1967 3077 2021 3126 in
2058 3078 2204 3127 omni
2228 3094 2422 3146 genere

1415 3181 1438 3204 ιι
1458 3155 1699 3217 dicendi,
1733 3168 1905 3206 tamen
1945 3173 2055 3206 non
2086 3172 2295 3226 semper
2324 3157 2424 3206 im—

1417 3259 1440 3284 e
1460 3237 1573 3308 plet
1591 3252 1745 3287 aures
1767 3251 1925 3285 meas.
1948 3235 2026 3285 lta
2046 3246 2169 3285 sunt
2188 3232 2349 3284 avidae
2369 3245 2422 3285 et

1417 3339 1439 3364 ιι
1459 3332 1703 3387 capaces,
1715 3326 1769 3365 et
1779 3331 1988 3383 semper
2000 3310 2199 3382 aliquid
2211 3314 2422 3364 immen-

1417 3419 1439 3441 ι
1461 3413 1578 3447 sum
1629 3392 1997 3461 infinitumque
2049 3389 2368 3442 desiderant.
2396 3415 2417 3438 ιι

1409 3477 1593 3525 Horat.
1638 3470 1707 3522 ad
1752 3472 1849 3523 Pis.
1890 3470 2022 3539 359:
2069 3492 2091 3515 α
2116 3467 2425 3540 ...Indignor

1418 3574 1439 3598 ιι
1461 3549 1788 3621 quandoque
1825 3547 2000 3600 bonus
2033 3547 2285 3598 dormitat
2315 3550 2422 3599 Ho-

1418 3655 1439 3676 ιι
1462 3647 1652 3681 merus.
1670 3652 1694 3674 ιι
1717 3629 1953 3699 Apparet
1974 3645 2082 3677 uno
2103 3626 2426 3678 dormitandi

1411 3707 1572 3761 verbo
1589 3706 1903 3758 defunctum
1917 3705 2099 3771 Quint.
2122 3707 2177 3755 in
2196 3717 2424 3775 utroque

1413 3801 1662 3851 auctore,
1695 3802 2018 3855 quamquam
2045 3783 2189 3836 solus
2219 3802 2283 3835 eo
2313 3786 2426 3835 Ho-

1413 3870 1575 3919 ratius
1599 3883 1727 3916 usus
1755 3876 1884 3915 erat.
1904 3861 2037 3913 Vide
2063 3862 2183 3926 ΧΠ,
2211 3879 2256 3927 t,
2284 3878 2368 3913 22.

1485 3945 1539 3997 6.
1555 3944 1811 3995 Homines
1831 3952 2022 3991 tamen.
2046 3961 2068 3985 ιι
2084 3940 2125 3989 F
2128 3938 2330 3991 ormula
2344 3959 2427 3991 so-

1421 4046 1443 4070 ·
1463 4023 1654 4086 lenuis,
1669 4019 1736 4071 de
1752 4035 1856 4089 qua
1875 4019 2046 4068 Burin.
2066 4014 2134 4066 ad
2149 4018 2319 4067 Petro.
2340 4017 2426 4086 75,

1422 4128 1444 4152 ιι
1464 4103 1556 4155 uhi
1585 4103 1744 4154 etiam
1767 4098 2142 4150 Terentianum
2172 4096 2302 4148 illud
2328 4095 2426 4147 Ιιο-

1425 4206 1446 4228 «
1466 4199 1552 4233 mo
1594 4197 1708 4234 sum
1759 4176 1910 4228 initio
1947 4176 2428 4228 ‘Heautontimoru-

2453 1403 2521 1458 25
