3200 5159
726 486 854 570 416

1322 474 1689 582 MKFABH
1728 487 2290 571 QUINTILIANI

851 613 1021 686 CAP.
1056 614 1154 685 1¹.
1192 611 1295 685 Sit
1322 637 1487 710 ergo
1508 610 1713 683 nobis
1745 627 2001 699 orator,
2037 626 2298 712 quem²
2332 611 2865 704 constituimus,

736 730 827 820 is,
864 729 987 829 qui
1022 758 1063 804 a
1088 731 1193 803 M.
1217 726 1533 803 Catone—³
1564 727 1841 818 finitur,
1871 733 1984 800 vir
2006 727 2252 816 bonus,
2274 730 2546 803 dicendi
2549 737 2826 836 peritus
2834 760 2865 818 ,·

733 873 1016 939 verum,
1065 847 1137 919 id
1181 847 1370 948 quod
1418 867 1486 919 et
1519 844 1637 917 ille
1680 843 1917 945 posuit
1959 831 2190 945 ‘priuS,
2245 867 2316 919 et
2360 845 2560 947 ipsa4
2607 869 2863 921 natura

734 962 965 1061 potius
997 989 1078 1035 ac
1110 961 1341 1064 majus
1375 982 1512 1052 est,
1544 961 1789 1059 utique
1822 966 1936 1033 vir
1964 957 2200 1034 bonus.
2228 961 2307 1033 Id
2343 988 2490 1033 non
2526 961 2656 1035 eo⁵
2700 982 2860 1035 tau-

814 1205 858 1239 ι.
890 1189 1171 1260 Inscriptio
1205 1190 1394 1261 capitis
1428 1191 1485 1240 in
1507 1186 1692 1239 Ambr.
1723 1205 1750 1240 τι

735 1265 948 1340 (neque
972 1270 1114 1321 enim
1136 1268 1245 1321 ulla
1267 1270 1324 1320 in
1346 1268 1525 1318 Turic.
1550 1266 1755 1338 Plan),

735 1346 910 1399 Guelf.
944 1347 1143 1414 Goth,
1183 1366 1288 1400 non
1325 1365 1471 1418 posse
1497 1358 1755 1398 oratorem

733 1445 835 1479 esse
863 1427 963 1479 nisi
986 1428 1154 1479 virum
1179 1428 1370 1480 bonum
1390 1465 1406 1486 ,
1441 1443 1565 1477 cum
1605 1425 1753 1477 editt.

734 1519 924 1578 praeter
950 1507 1113 1558 Cam».
1144 1506 1275 1561 Obr.
1302 1507 1465 1559 Gesn.
1496 1507 1610 1577 Bip.
1641 1506 1758 1556 Pri-

736 1601 855 1637 mus
880 1584 1096 1655 quidem
1119 1584 1267 1638 solus
1297 1582 1599 1637 uncialibus
1638 1601 1757 1635 eam

736 1663 921 1716 litteris
946 1664 1055 1716 dat.
1079 1664 1241 1717 Nulla
1270 1665 1510 1737 capitum
1531 1661 1623 1715 hic
1646 1662 1758 1715 dis-

737 1746 925 1798 tinctio
944 1747 1002 1798 in
1024 1745 1152 1798 Exc.
1183 1745 1400 1798 Santen.

816 1842 864 1877 2.
890 1824 1265 1879 constituimus
1274 1848 1293 1887 ‚-
1313 1825 1389 1876 sic
1408 1825 1588 1876 Turic.
1614 1819 1757 1875 Flor.

738 1903 921 1956 Ambr.
948 1921 975 1956 τι
989 1943 1006 1969 ,
1031 1903 1305 1958 Guelferb.
1322 1905 1449 1955 Exc.
1467 1903 1619 1955 Sant.
1638 1919 1762 1952 cum

740 1980 930 2034 Almel.
961 1984 1114 2034 Voss.
1141 1982 1174 2036 3
1191 2020 1209 2048 ‚
1243 1981 1383 2034 vall.
1429 1982 1585 2034 Bern.
1611 1981 1758 2032 Jens.

739 2062 896 2113 Tarv.
916 2063 1273 2130 Ιησιίειιίηηιε,
1297 2061 1503 2134 reliqui.
1527 2083 1550 2108 ⁸
1565 2060 1760 2114 Sensus

747 2161 771 2187 ⁸
792 2152 900 2207 est,
919 2144 963 2194 is
979 2155 1164 2195 orator
1182 2160 1342 2214 quem
1357 2141 1761 2204 muniminum,

748 2240 771 2265 ⁸
790 2219 846 2272 id
867 2233 976 2288 est,
1013 2221 1298 2274 definimus
1327 2239 1443 2274 eane
1465 2232 1761 2284 oratorem,

748 2320 772 2347 ⁸
793 2302 860 2354 sit
882 2303 927 2353 is
954 2304 1073 2372 qui,
1098 2314 1199 2355 etc.
1238 2303 1367 2356 Non
1390 2302 1530 2354 enim
1546 2302 1661 2370 jam
1692 2298 1761 2350 de

746 2401 770 2427 ⁸
789 2381 1142 2448 institutione,
1161 2381 1255 2435 sed
1280 2380 1348 2435 de
1372 2381 1759 2433 constitutione

748 2480 772 2507 ⁸
792 2463 1021 2513 oratoria
1048 2461 1300 2534 loquitur.
1324 2485 1347 2509 υ
1390 2459 1602 2513 Badius.
1646 2461 1760 2511 Nec

742 2538 939 2592 sufficit
976 2540 1122 2611 quod
1154 2540 1489 2593 Burmannus
1522 2544 1596 2592 ait
1625 2559 1761 2612 prae-

743 2619 961 2670 teritum
996 2637 1155 2690 posse
1201 2622 1421 2689 agnosci
1458 2622 1516 2671 in
1558 2618 1723 2671 verbo
1743 2657 1761 2686 ‚

746 2714 911 2767 quum
929 2698 1218 2769 praesertim
1239 2699 1429 2769 optimi
1447 2697 1618 2750 Codd.
1636 2697 1762 2749 alte-

741 2793 864 2827 rum
884 2773 1167 2826 vindicent.
1219 2797 1242 2821 ⁸
1269 2775 1446 2843 Quem
1486 2775 1761 2829 constitui-

746 2875 772 2900 ⁸
790 2871 908 2906 mus
965 2867 1233 2906 oratorem
1262 2879 1285 2902 n
1336 2853 1586 2907 eumdem
1633 2853 1762 2907 dicit

740 2934 939 3006 Noster
983 2951 1144 3003 quem
1185 2952 1307 2985 mox
1351 2956 1374 2981 ⁸
1395 2935 1488 3006 qui
1521 2934 1657 2986 mihi
1693 2936 1761 2987 sit

748 3033 772 3060 ⁸
793 3026 988 3065 orator.
1013 3036 1036 3060 ιο
1068 3012 1185 3065 Alia
1212 3012 1423 3065 videtur
1452 3016 1588 3065 ratio
1618 3014 1757 3065 infra

746 3092 792 3161 ς.
817 3093 914 3155 28;
935 3096 1059 3145 item
1075 3094 1113 3144 1.
1129 3094 1248 3146 Pro.
1267 3110 1319 3162 9.
1343 3093 1613 3146 Continuo
1633 3093 1759 3166 quia

742 3173 920 3225 Tui-ic.
934 3172 1072 3226 Flor.
1094 3171 1212 3244 (hic
1228 3186 1406 3225 tamen
1420 3172 1759 3244 diremptim)

745 3253 940 3305 omisso
962 3251 1019 3305 is.
1042 3250 1144 3305 Sed
1168 3251 1348 3304 Ambr.
1379 3269 1438 3317 α,
1467 3251 1646 3305 Guelf.
1664 3288 1682 3316 ‚
1710 3262 1762 3304 et

742 3333 898 3405 quia,
928 3349 1054 3384 cum
1082 3332 1236 3383 Bern.
1263 3329 1618 3403 (posteriores
1649 3329 1759 3382 duo

743 3410 924 3464 itidem
940 3410 1240 3482 diremptim
1256 3415 1289 3474 ).
1310 3409 1382 3460 Et
1395 3429 1582 3483 quare,
1603 3413 1758 3462 Voss.

745 3492 796 3546 3.
822 3494 948 3543 Mox
971 3488 1246 3563 definitur,
1276 3491 1439 3542 Cant.
1470 3489 1523 3541 V
1519 3506 1666 3540 emm
1690 3488 1764 3538 id-

743 3588 843 3644 que
859 3570 1001 3640 quod
1015 3579 1068 3620 et
1086 3565 1207 3634 ille,
1227 3568 1405 3619 Turic.
1426 3567 1566 3619 Flor.
1591 3568 1758 3619 Cane.

741 3649 1039 3702 Nobiscum
1054 3648 1261 3700 faciunt
1285 3645 1467 3698 Ambr.
1499 3665 1557 3712 2,
1581 3645 1758 3698 Guelf.

743 3728 897 3783 Basil.
920 3731 995 3781 Et
1012 3741 1135 3781 ante
1158 3726 1253 3780 ille
1275 3729 1526 3780 omittunt
1552 3725 1758 3798 reliqui.

817 3808 868 3860 3.
893 3807 945 3859 A
969 3807 1048 3858 M.
1083 3807 1277 3864 Catone
1292 3803 1505 3878 finitur.
1531 3804 1664 3857 Vide
1688 3808 1762 3872 11,

754 3884 846 3952 15,
876 3904 920 3938 1.
944 3886 1075 3938 Mox
1096 3884 1276 3955 utique
1290 3883 1374 3936 vir
1392 3885 1551 3935 bonus
1565 3884 1762 3935 referes

749 3964 819 4018 ad
838 3963 968 4016 illud
994 3963 1140 4035 qnod
1157 3977 1496 4035 praecesserat
1516 3962 1586 4015 sit
1605 3964 1763 4017 nobis.

747 4046 1033 4114 lutei-jecta
1054 4045 1154 4096 ista
1172 4043 1228 4096 id
1245 4045 1445 4116 quod...
1471 4060 1643 4112 majus
1664 4052 1763 4109 est,

748 4122 1037 4194 legitimam
1063 4122 1266 4176 habent
1294 4135 1614 4176 structuram
1652 4123 1768 4174 for-

746 4200 906 4260 mula
930 4202 987 4258 id
1010 4202 1191 4278 quoa.-
1217 4201 1337 4256 vide
1359 4202 1459 4270 ιιι,
1482 4201 1546 4271 6,
1577 4221 1631 4264 η
1677 4200 1766 4255 hie

1836 1185 1882 1257 §.
1923 1204 1959 1258 9
1980 1207 1996 1251 3
2033 1189 2159 1247 item
2196 1186 2602 1240 Drakenborch.
2641 1187 2712 1240 ad
2744 1187 2857 1240 Liv.

1835 1269 1933 1332 Vl,
1956 1284 1974 1318 1
1986 1283 2015 1336 7
2028 1304 2045 1332 ‚
2061 1266 2115 1319 6.
2129 1295 2202 1306 -
2215 1268 2414 1320 Noster
2427 1265 2656 1320 Feneton
2667 1305 2687 1334 ,
2703 1269 2858 1338 cujus

1839 1344 2264 1416 suaviloquentia
2294 1345 2364 1398 ad
2390 1345 2671 1398 colendam
2695 1349 2854 1398 virtu-

1837 1438 1943 1477 tem
1969 1427 2206 1477 animum
2230 1440 2339 1478 tam
2361 1425 2557 1478 blande
2577 1425 2856 1491 sollicitat,

1841 1524 2001 1577 quam
2023 1517 2304 1575 augustum
2326 1508 2392 1558 sit
2413 1523 2466 1558 et
2485 1520 2729 1559 sanctum
2749 1526 2860 1560 ora-

1840 1587 1968 1638 toria
1995 1603 2218 1653 munna,
2243 1584 2324 1638 his
2348 1585 2523 1638 verbis
2545 1586 2853 1657 profitetur:

1844 1688 1868 1712 ιι
1888 1661 2158 1717 L’homme
2190 1663 2347 1737 dique
2378 1663 2532 1718 d’etre
2570 1666 2758 1719 mute
2787 1678 2862 1720 est

1848 1766 1871 1791 ⁸
1892 1742 2031 1795 celui
2072 1744 2167 1816 qui
2201 1761 2267 1794 ne
2300 1762 2353 1796 se
2372 1756 2473 1796 sert
2495 1743 2559 1796 de
2588 1743 2643 1796 la
2678 1744 2861 1817 parole

1849 1845 1874 1869 ι
1891 1841 1996 1895 que
2006 1839 2146 1893 pour
2158 1821 2213 1874 la
2224 1823 2438 1893 pende,
2460 1822 2590 1875 etde
2609 1822 2663 1875 Ia
2676 1827 2861 1894 pende

1848 1920 1995 1975 «que
2033 1919 2174 1973 pour
2205 1900 2259 1953 la
2289 1903 2522 1955 vermez
2563 1901 2620 1955 la
2642 1915 2803 1956 vertu-
2832 1926 2854 1950 ο

1843 1982 2015 2034 lettre
2037 1983 2068 2032 ἆ
2096 1981 2604 2056 l'Acade‘miefr-anp.
2630 1986 2724 2037 En.

1881 2101 1888 2110 .
1916 2061 1968 2128 4.
1985 2063 2060 2114 Et
2077 2063 2219 2135 ipsa,·
2244 2065 2318 2115 sic
2333 2062 2607 2116 'rm-icens.
2622 2064 2858 2117 Floreat.

1845 2142 2028 2194 Ambr.
2058 2158 2084 2194 2
2100 2182 2117 2208 .‚
2139 2143 2418 2197 Guelferb.
2442 2146 2604 2198 Can».
2624 2143 2858 2198 Gothan.

1842 2220 1976 2292 (tac.
2005 2223 2202 2295 Gesn.)
2224 2242 2348 2275 cum
2371 2223 2491 2277 edd.
2513 2238 2635 2280 ante
2657 2224 2859 2299 Gryph.

1842 2303 2020 2354 Etiam
2038 2304 2097 2368 ιζ,
2109 2303 2315 2374 reliqui.
2330 2303 2457 2358 Non
2470 2323 2551 2372 eo,
2565 2307 2763 2358 omisso
2774 2306 2860 2371 ld,

1842 2382 1990 2436 Leid.
2017 2401 2138 2435 cum
2163 2384 2345 2456 Steph.
2392 2386 2447 2439 V
2443 2387 2486 2439 is
2513 2383 2656 2453 ulla,
2694 2385 2858 2440 Goth.

1829 2461 1982 2533 (tac.
2008 2463 2169 2516 Gesn.
2186 2461 2224 2534 ).
2251 2462 2495 2529 Malitia,
2511 2467 2693 2517 Turic.
2714 2464 2861 2518 Flor.

1915 2542 1964 2596 5.
1992 2542 2059 2593 Id
2081 2560 2188 2596 non
2213 2561 2273 2596 eo
2289 2554 2511 2596 tantum.
2539 2546 2648 2614 Qui
2670 2545 2758 2598 hic
2776 2545 2867 2598 ali-

1844 2620 1972 2692 quid
1982 2624 2439 2693 interpretamenti
2453 2626 2647 2677 afferre
2658 2625 2862 2696 dignati

1841 2712 1993 2766 sunt,
2033 2714 2240 2753 veteres
2278 2700 2356 2753 illi
2391 2702 2680 2775 philologi,
2722 2703 2862 2757 male

1843 2776 2199 2848 supplendum
2217 2792 2517 2832 statuerunt
2529 2792 2728 2853 spectat
2737 2821 2756 2848 ,
2777 2780 2862 2834 vel

1838 2856 2093 2927 pertinet,
2134 2876 2300 2928 quum
2332 2876 2392 2911 eo
2424 2857 2533 2911 loci
2555 2862 2868 2931 acciperent

1845 2934 2155 2989 adverbium
2169 2950 2221 2990 et
2242 2939 2317 2991 sic
2330 2936 2638 2992 devenirent
2657 2940 2726 2992 ad
2748 2959 2868 2992 mu-

1839 3015 2062 3068 tandum
2088 3036 2210 3069 mox
2233 3018 2375 3090 quod
2391 3020 2448 3070 in
2465 3029 2552 3081 ut,-
2575 3032 2658 3071 eat
2681 3033 2862 3073 autem

1838 3116 1939 3169 pro
1960 3108 2251 3168 propterea.
2272 3096 2407 3150 Vide
2431 3098 2521 3162 w,
2548 3116 2576 3150 a
2591 3137 2609 3165 ‚
2634 3100 2721 3154 80.
2747 3102 2862 3153 Nec

1841 3189 2019 3228 tamen
2043 3175 2357 3228 difficultate
2384 3190 2529 3230 caret
2563 3175 2743 3242 locus,
2773 3181 2864 3232 cui

1842 3255 2204 3308 anacoluthon
2235 3256 2504 3328 quoddam
2532 3260 2704 3324 inest,
2751 3278 2863 3312 non

1843 3334 2056 3407 quidem
2071 3334 2406 3406 ‘negligentia
2422 3376 2440 3401 .,
2479 3338 2573 3390 sed
2608 3338 2860 3392 consulto

1843 3413 2149 3466 admissum.
2190 3414 2519 3468 procedebat
2557 3418 2699 3467 enim
2721 3418 2859 3468 ratio

1844 3506 2100 3544 consueta
2127 3492 2232 3544 hoc
2252 3493 2442 3557 modo,
2484 3507 2543 3546 ut
2568 3507 2693 3566 post
2727 3494 2862 3547 illud

1843 3588 1951 3621 non
1983 3580 2188 3623 tantum
2229 3571 2510 3625 inferretur
2543 3573 2634 3625 sed
2672 3574 2860 3640 etiam,

1845 3649 1990 3718 quod
2014 3667 2280 3720 nusquam
2303 3649 2392 3703 hic
2415 3664 2708 3723 comparet.
2735 3654 2862 3705 Seu·

1844 3731 2007 3781 tentia
2029 3749 2115 3781 ·eo
2155 3729 2316 3796 redit,
2351 3751 2462 3783 non
2507 3746 2714 3785 tantum
2749 3734 2863 3785 elo-

1845 3810 2114 3878 quentiam
2132 3827 2457 3881 omnemque
2471 3816 2587 3882 ejus
2609 3813 2863 3883 augenda:

1845 3902 1898 3944 et
1917 3886 2267 3958 provehenda?
2283 3888 2522 3942 laborem
2536 3893 2592 3943 in
2608 3890 2862 3944 damnum

1847 3966 2036 4019 cedere
2062 3964 2281 4019 humani
2302 3971 2538 4038 generis,
2563 3973 2609 4023 si
2622 3973 2722 4024 viri
2737 3971 2863 4023 mali

1847 4044 1979 4098 fiant
1995 4058 2236 4099 oratores
2254 4069 2268 4109 ;
2291 4048 2387 4100 sed
2408 4051 2554 4113 vocis
2570 4052 2741 4120 ipsius
2754 4069 2866 4102 mu-

1847 4144 1949 4178 nus
1965 4143 1997 4177 a
2016 4138 2208 4179 natura
2227 4127 2531 4182 hominibus
2546 4149 2861 4184 concessum

1847 4208 1926 4258 nic
1939 4207 2176 4260 converti
2189 4208 2242 4258 in
2255 4224 2380 4260 eoru
2387 4206 2562 4261 mdem
2569 4211 2859 4281 perniciem
