<?xml version="1.0" encoding="UTF-8"?>
<!DOCTYPE html PUBLIC "-//W3C//DTD XHTML 1.0 Transitional//EN"
    "http://www.w3.org/TR/xhtml1/DTD/xhtml1-transitional.dtd">
<html xmlns="http://www.w3.org/1999/xhtml" xml:lang="en" lang="en">
 <head>
  <title>
</title>
<meta http-equiv="Content-Type" content="text/html;charset=utf-8" />
  <meta name='ocr-system' content='tesseract 3.04.00' />
  <meta name='ocr-capabilities' content='ocr_page ocr_carea ocr_par ocr_line ocrx_word'/>
</head>
<body>
  <div class='ocr_page' id='page_1' title='image "./deinstitutioneo00unkngoog_0443.png"; bbox 0 0 3200 5159; ppageno 0'>
   <div class='ocr_carea' id='block_1_1' title="bbox 678 485 2067 565">
    <p class='ocr_par' dir='ltr' id='par_1_1' title="bbox 678 485 2067 565">
     <span class='ocr_line' id='line_1_1' title="bbox 678 485 2067 565; baseline -0.003 -13"><span class='ocrx_word' id='word_1_1' title='bbox 678 485 1321 554; x_wconf 73' lang='lat' dir='ltr'>INSTITUTIONIS</span> <span class='ocrx_word' id='word_1_2' title='bbox 1357 486 1610 553; x_wconf 78' lang='lat' dir='ltr'><strong>ORAT.</strong></span> <span class='ocrx_word' id='word_1_3' title='bbox 1648 487 1810 553; x_wconf 89' lang='lat' dir='ltr'><strong>LIB.</strong></span> <span class='ocrx_word' id='word_1_4' title='bbox 1849 486 1972 565; x_wconf 89' lang='lat' dir='ltr'><strong>XI,</strong></span> <span class='ocrx_word' id='word_1_5' title='bbox 2010 488 2067 552; x_wconf 87' lang='lat'><strong>3.</strong></span> 
     </span>
    </p>
   </div>
   <div class='ocr_carea' id='block_1_2' title="bbox 2293 486 2418 572">
    <p class='ocr_par' dir='ltr' id='par_1_2' title="bbox 2293 486 2418 572">
     <span class='ocr_line' id='line_1_2' title="bbox 2293 486 2418 572; baseline 0 -23"><span class='ocrx_word' id='word_1_6' title='bbox 2293 486 2418 572; x_wconf 84' lang='lat'><strong>373</strong></span> 
     </span>
    </p>
   </div>
   <div class='ocr_carea' id='block_1_3' title="bbox 328 609 2583 1512">
    <p class='ocr_par' dir='ltr' id='par_1_3' title="bbox 328 609 2583 1512">
     <span class='ocr_line' id='line_1_3' title="bbox 328 609 2424 712; baseline -0.001 -31"><span class='ocrx_word' id='word_1_7' title='bbox 328 629 547 682; x_wconf 74' lang='lat' dir='ltr'><strong>status</strong></span> <span class='ocrx_word' id='word_1_8' title='bbox 576 632 645 683; x_wconf 90' lang='lat' dir='ltr'><strong>et</strong></span> <span class='ocrx_word' id='word_1_9' title='bbox 668 612 1005 685; x_wconf 78' lang='lat' dir='ltr'><strong>incessus:</strong></span> <span class='ocrx_word' id='word_1_10' title='bbox 1040 612 1304 712; x_wconf 80' lang='lat' dir='ltr'><strong>prolato</strong></span> <span class='ocrx_word' id='word_1_11' title='bbox 1333 612 1568 683; x_wconf 88' lang='lat' dir='ltr'><strong>dextro</strong></span> <span class='ocrx_word' id='word_1_12' title='bbox 1599 631 1804 699; x_wconf 78' lang='lat' dir='ltr'><strong>stare,</strong></span> <span class='ocrx_word' id='word_1_13' title='bbox 1834 632 1903 683; x_wconf 86' lang='lat' dir='ltr'><strong>et</strong></span> <span class='ocrx_word' id='word_1_14' title='bbox 1929 609 2249 683; x_wconf 84' lang='lat' dir='ltr'><strong>eamdem</strong></span> <span class='ocrx_word' id='word_1_15' title='bbox 2273 635 2424 680; x_wconf 83' lang='lat' dir='ltr'><strong>ma-</strong></span> 
     </span>
     <span class='ocr_line' id='line_1_4' title="bbox 339 723 2564 826; baseline 0 -31"><span class='ocrx_word' id='word_1_16' title='bbox 339 750 515 796; x_wconf 88' lang='lat' dir='ltr'><strong>num</strong></span> <span class='ocrx_word' id='word_1_17' title='bbox 549 753 627 797; x_wconf 85' lang='lat' dir='ltr'><strong>ac</strong></span> <span class='ocrx_word' id='word_1_18' title='bbox 663 727 917 826; x_wconf 81' lang='lat' dir='ltr'><strong>pedem</strong></span> <span class='ocrx_word' id='word_1_19' title='bbox 950 728 1285 825; x_wconf 84' lang='lat' dir='ltr'><strong>proferre,</strong></span> <span class='ocrx_word' id='word_1_20' title='bbox 1330 725 1642 798; x_wconf 83' lang='lat' dir='ltr'><strong>deforme</strong></span> <span class='ocrx_word' id='word_1_21' title='bbox 1676 747 1807 798; x_wconf 87' lang='lat' dir='ltr'><strong>est:</strong></span> <span class='ocrx_word' id='word_1_22' title='bbox 1846 726 1916 796; x_wconf 90' lang='lat' dir='ltr'><strong>in</strong></span> <span class='ocrx_word' id='word_1_23' title='bbox 1955 726 2276 798; x_wconf 83' lang='lat' dir='ltr'><strong>dextrum</strong></span> <span class='ocrx_word' id='word_1_24' title='bbox 2309 725 2425 796; x_wconf 90' lang='lat' dir='ltr'><strong>in-</strong></span> <span class='ocrx_word' id='word_1_25' title='bbox 2468 723 2564 778; x_wconf 80' lang='lat'><strong>¹²⁵</strong></span> 
     </span>
     <span class='ocr_line' id='line_1_5' title="bbox 340 838 2429 939; baseline 0 -30"><span class='ocrx_word' id='word_1_26' title='bbox 340 838 670 912; x_wconf 82' lang='lat' dir='ltr'><strong>cumbere</strong></span> <span class='ocrx_word' id='word_1_27' title='bbox 687 855 705 885; x_wconf 87' lang='lat'>¹</span> <span class='ocrx_word' id='word_1_28' title='bbox 736 840 1009 915; x_wconf 81' lang='lat' dir='ltr'><strong>interim</strong></span> <span class='ocrx_word' id='word_1_29' title='bbox 1032 840 1271 928; x_wconf 77' lang='lat' dir='ltr'><strong>datur,</strong></span> <span class='ocrx_word' id='word_1_30' title='bbox 1292 840 1411 913; x_wconf 80' lang='lat' dir='ltr'><strong>sed</strong></span> <span class='ocrx_word' id='word_1_31' title='bbox 1438 850 1638 938; x_wconf 74' lang='lat' dir='ltr'><strong>ae‘quo</strong></span> <span class='ocrx_word' id='word_1_32' title='bbox 1668 860 1937 939; x_wconf 82' lang='lat' dir='ltr'><strong>pectore</strong></span> <span class='ocrx_word' id='word_1_33' title='bbox 1955 852 2016 929; x_wconf 81' lang='lat'><strong>²3</strong></span> <span class='ocrx_word' id='word_1_34' title='bbox 2044 839 2165 937; x_wconf 86' lang='lat' dir='ltr'><strong>qui</strong></span> <span class='ocrx_word' id='word_1_35' title='bbox 2193 859 2429 911; x_wconf 83' lang='lat' dir='ltr'><strong>tamen</strong></span> 
     </span>
     <span class='ocr_line' id='line_1_6' title="bbox 341 952 2432 1054; baseline -0 -30"><span class='ocrx_word' id='word_1_36' title='bbox 341 955 649 1027; x_wconf 85' lang='lat' dir='ltr'><strong>comicus</strong></span> <span class='ocrx_word' id='word_1_37' title='bbox 684 956 941 1054; x_wconf 72' lang='lat' dir='ltr'><strong>magiS,</strong></span> <span class='ocrx_word' id='word_1_38' title='bbox 974 983 1188 1054; x_wconf 85' lang='lat' dir='ltr'><strong>quam</strong></span> <span class='ocrx_word' id='word_1_39' title='bbox 1213 955 1550 1027; x_wconf 78' lang='lat' dir='ltr'><strong>oratorius</strong></span> <span class='ocrx_word' id='word_1_40' title='bbox 1582 976 1810 1052; x_wconf 80' lang='lat' dir='ltr'><strong>gestus</strong></span> <span class='ocrx_word' id='word_1_41' title='bbox 1835 974 1974 1026; x_wconf 82' lang='lat' dir='ltr'><strong>est:</strong></span> <span class='ocrx_word' id='word_1_42' title='bbox 2011 954 2195 1025; x_wconf 86' lang='lat' dir='ltr'><strong>male</strong></span> <span class='ocrx_word' id='word_1_43' title='bbox 2220 952 2432 1025; x_wconf 84' lang='lat' dir='ltr'><strong>etiam</strong></span> 
     </span>
     <span class='ocr_line' id='line_1_7' title="bbox 345 1064 2435 1177; baseline 0 -41"><span class='ocrx_word' id='word_1_44' title='bbox 345 1064 419 1136; x_wconf 76' lang='lat' dir='ltr'><strong>in</strong></span> <span class='ocrx_word' id='word_1_45' title='bbox 448 1066 806 1140; x_wconf 85' lang='lat' dir='ltr'><strong>sinistrum</strong></span> <span class='ocrx_word' id='word_1_46' title='bbox 846 1069 1097 1168; x_wconf 88' lang='lat' dir='ltr'><strong>pedem</strong></span> <span class='ocrx_word' id='word_1_47' title='bbox 1123 1068 1602 1177; x_wconf 32' lang='lat' dir='ltr'><strong>&#39;insistentium</strong></span> <span class='ocrx_word' id='word_1_48' title='bbox 1642 1069 1878 1141; x_wconf 82' lang='lat' dir='ltr'>dexter</span> <span class='ocrx_word' id='word_1_49' title='bbox 1909 1088 2032 1140; x_wconf 81' lang='lat' dir='ltr'><strong>aut</strong></span> <span class='ocrx_word' id='word_1_50' title='bbox 2064 1066 2395 1139; x_wconf 79' lang='lat' dir='ltr'>attollitur</span> <span class='ocrx_word' id='word_1_51' title='bbox 2414 1122 2435 1153; x_wconf 89' lang='lat'>‚</span> 
     </span>
     <span class='ocr_line' id='line_1_8' title="bbox 343 1181 2434 1281; baseline 0 -31"><span class='ocrx_word' id='word_1_52' title='bbox 343 1200 466 1251; x_wconf 77' lang='lat' dir='ltr'><strong>aut</strong></span> <span class='ocrx_word' id='word_1_53' title='bbox 502 1182 802 1253; x_wconf 78' lang='lat' dir='ltr'><strong>summis</strong></span> <span class='ocrx_word' id='word_1_54' title='bbox 845 1182 1074 1281; x_wconf 80' lang='lat' dir='ltr'><strong>digitis</strong></span> <span class='ocrx_word' id='word_1_55' title='bbox 1116 1182 1622 1281; x_wconf 83' lang='lat' dir='ltr'><strong>suspenditur:</strong></span> <span class='ocrx_word' id='word_1_56' title='bbox 1673 1181 1980 1255; x_wconf 81' lang='lat' dir='ltr'><strong>varicare</strong></span> <span class='ocrx_word' id='word_1_57' title='bbox 2022 1207 2234 1281; x_wconf 80' lang='lat' dir='ltr'><strong>supra</strong></span> <span class='ocrx_word' id='word_1_58' title='bbox 2275 1207 2434 1251; x_wconf 85' lang='lat' dir='ltr'><strong>mo-</strong></span> 
     </span>
     <span class='ocr_line' id='line_1_9' title="bbox 350 1293 2437 1385; baseline 0 -20"><span class='ocrx_word' id='word_1_59' title='bbox 350 1293 563 1385; x_wconf 81' lang='lat' dir='ltr'><strong>dum,</strong></span> <span class='ocrx_word' id='word_1_60' title='bbox 595 1317 670 1367; x_wconf 84' lang='lat' dir='ltr'><strong>et</strong></span> <span class='ocrx_word' id='word_1_61' title='bbox 708 1296 781 1368; x_wconf 89' lang='lat' dir='ltr'><strong>in</strong></span> <span class='ocrx_word' id='word_1_62' title='bbox 827 1298 1072 1369; x_wconf 81' lang='lat' dir='ltr'><strong>stando</strong></span> <span class='ocrx_word' id='word_1_63' title='bbox 1126 1299 1612 1385; x_wconf 84' lang='lat' dir='ltr'><strong>deforme-est,</strong></span> <span class='ocrx_word' id='word_1_64' title='bbox 1653 1319 1752 1385; x_wconf 85' lang='lat' dir='ltr'><strong>et,</strong></span> <span class='ocrx_word' id='word_1_65' title='bbox 1795 1295 2159 1369; x_wconf 84' lang='lat' dir='ltr'><strong>accedente</strong></span> <span class='ocrx_word' id='word_1_66' title='bbox 2198 1316 2392 1366; x_wconf 88' lang='lat' dir='ltr'><strong>motu</strong></span> <span class='ocrx_word' id='word_1_67' title='bbox 2416 1350 2437 1381; x_wconf 75' lang='grc'>,</span> 
     </span>
     <span class='ocr_line' id='line_1_10' title="bbox 349 1410 2583 1512; baseline -0.001 -28"><span class='ocrx_word' id='word_1_68' title='bbox 349 1437 563 1510; x_wconf 83' lang='lat' dir='ltr'><strong>prope</strong></span> <span class='ocrx_word' id='word_1_69' title='bbox 587 1411 968 1484; x_wconf 79' lang='lat' dir='ltr'><strong>obscenum</strong></span> <span class='ocrx_word' id='word_1_70' title='bbox 986 1410 1038 1483; x_wconf 82' lang='lat'><strong>³.</strong></span> <span class='ocrx_word' id='word_1_71' title='bbox 1067 1412 1472 1485; x_wconf 72' lang='lat' dir='ltr'><strong>Procursio4</strong></span> <span class='ocrx_word' id='word_1_72' title='bbox 1491 1432 1889 1512; x_wconf 84' lang='lat' dir='ltr'><strong>opportuna</strong></span> <span class='ocrx_word' id='word_1_73' title='bbox 1916 1411 2170 1501; x_wconf 72' lang='lat' dir='ltr'><strong>breviS‚</strong></span> <span class='ocrx_word' id='word_1_74' title='bbox 2207 1410 2442 1484; x_wconf 89' lang='lat' dir='ltr'><strong>mode·</strong></span> <span class='ocrx_word' id='word_1_75' title='bbox 2485 1411 2583 1466; x_wconf 76' lang='lat'><strong>¹25</strong></span> 
     </span>
    </p>
   </div>
   <div class='ocr_carea' id='block_1_4' title="bbox 347 1570 1380 4244">
    <p class='ocr_par' dir='ltr' id='par_1_4' title="bbox 347 1570 1365 2732">
     <span class='ocr_line' id='line_1_11' title="bbox 347 1570 1350 1637; baseline 0.002 -16"><span class='ocrx_word' id='word_1_76' title='bbox 347 1587 469 1621; x_wconf 87' lang='lat' dir='ltr'><strong>cum</strong></span> <span class='ocrx_word' id='word_1_77' title='bbox 484 1570 612 1622; x_wconf 84' lang='lat' dir='ltr'><strong>Obr.</strong></span> <span class='ocrx_word' id='word_1_78' title='bbox 629 1571 850 1624; x_wconf 73' lang='lat' dir='ltr'><strong>Dextera</strong></span> <span class='ocrx_word' id='word_1_79' title='bbox 864 1609 883 1637; x_wconf 91' lang='lat'>,</span> <span class='ocrx_word' id='word_1_80' title='bbox 897 1571 1071 1625; x_wconf 78' lang='lat' dir='ltr'><strong>Guelf.</strong></span> <span class='ocrx_word' id='word_1_81' title='bbox 1088 1591 1210 1624; x_wconf 88' lang='lat' dir='ltr'><strong>cum</strong></span> <span class='ocrx_word' id='word_1_82' title='bbox 1224 1571 1350 1623; x_wconf 85' lang='lat' dir='ltr'><strong>Bad.</strong></span> 
     </span>
     <span class='ocr_line' id='line_1_12' title="bbox 348 1648 1352 1718; baseline 0 -18"><span class='ocrx_word' id='word_1_83' title='bbox 348 1648 502 1701; x_wconf 75' lang='lat' dir='ltr'><strong>Basil.</strong></span> <span class='ocrx_word' id='word_1_84' title='bbox 533 1649 766 1718; x_wconf 79' lang='lat' dir='ltr'><strong>Eadem,</strong></span> <span class='ocrx_word' id='word_1_85' title='bbox 798 1652 974 1701; x_wconf 74' lang='lat' dir='ltr'><strong>Tui-ic.</strong></span> <span class='ocrx_word' id='word_1_86' title='bbox 996 1650 1135 1702; x_wconf 79' lang='lat' dir='ltr'><strong>Flor.</strong></span> <span class='ocrx_word' id='word_1_87' title='bbox 1173 1650 1352 1700; x_wconf 82' lang='lat' dir='ltr'><strong>Ambr.</strong></span> 
     </span>
     <span class='ocr_line' id='line_1_13' title="bbox 352 1729 1353 1800; baseline 0.001 -23"><span class='ocrx_word' id='word_1_88' title='bbox 352 1743 415 1793; x_wconf 75' lang='lat'><strong>2,</strong></span> <span class='ocrx_word' id='word_1_89' title='bbox 448 1747 671 1800; x_wconf 78' lang='lat' dir='ltr'><strong>qnorum</strong></span> <span class='ocrx_word' id='word_1_90' title='bbox 695 1743 990 1799; x_wconf 74' lang='lat' dir='ltr'><strong>postremus</strong></span> <span class='ocrx_word' id='word_1_91' title='bbox 1023 1729 1224 1798; x_wconf 79' lang='lat' dir='ltr'><strong>defer-m</strong></span> <span class='ocrx_word' id='word_1_92' title='bbox 1267 1739 1353 1779; x_wconf 75' lang='lat' dir='ltr'><strong>est.</strong></span> 
     </span>
     <span class='ocr_line' id='line_1_14' title="bbox 348 1807 1358 1877; baseline 0.001 -20"><span class='ocrx_word' id='word_1_93' title='bbox 348 1807 433 1857; x_wconf 75' lang='lat' dir='ltr'><strong>An</strong></span> <span class='ocrx_word' id='word_1_94' title='bbox 448 1808 689 1877; x_wconf 77' lang='lat' dir='ltr'><strong>primitus</strong></span> <span class='ocrx_word' id='word_1_95' title='bbox 707 1807 874 1860; x_wconf 76' lang='lat' dir='ltr'><strong>abfuit</strong></span> <span class='ocrx_word' id='word_1_96' title='bbox 890 1809 1252 1860; x_wconf 73' lang='lat' dir='ltr'><strong>estP-—Nostri</strong></span> <span class='ocrx_word' id='word_1_97' title='bbox 1272 1808 1358 1858; x_wconf 83' lang='lat' dir='ltr'><strong>de-</strong></span> 
     </span>
     <span class='ocr_line' id='line_1_15' title="bbox 349 1886 1357 1959; baseline 0.003 -22"><span class='ocrx_word' id='word_1_98' title='bbox 349 1886 508 1950; x_wconf 73' lang='lat' dir='ltr'><strong>cebit,</strong></span> <span class='ocrx_word' id='word_1_99' title='bbox 535 1888 780 1949; x_wconf 58' lang='lat' dir='ltr'><strong>exc.,RR.</strong></span> <span class='ocrx_word' id='word_1_100' title='bbox 805 1889 865 1953; x_wconf 85' lang='lat'><strong>3,</strong></span> <span class='ocrx_word' id='word_1_101' title='bbox 891 1887 950 1953; x_wconf 85' lang='lat'><strong>5,</strong></span> <span class='ocrx_word' id='word_1_102' title='bbox 974 1889 1063 1959; x_wconf 86' lang='lat' dir='ltr'><strong>qui</strong></span> <span class='ocrx_word' id='word_1_103' title='bbox 1083 1887 1357 1940; x_wconf 79' lang='lat' dir='ltr'><strong>dedecebit.</strong></span> 
     </span>
     <span class='ocr_line' id='line_1_16' title="bbox 353 1962 1359 2030; baseline -0.001 -15"><span class='ocrx_word' id='word_1_104' title='bbox 353 1962 509 2017; x_wconf 80' lang='lat' dir='ltr'><strong>Solus</strong></span> <span class='ocrx_word' id='word_1_105' title='bbox 527 1965 588 2016; x_wconf 85' lang='lat' dir='ltr'><strong>R.</strong></span> <span class='ocrx_word' id='word_1_106' title='bbox 609 1966 638 2018; x_wconf 87' lang='lat'>8</span> <span class='ocrx_word' id='word_1_107' title='bbox 651 2003 669 2030; x_wconf 86' lang='lat'>‚</span> <span class='ocrx_word' id='word_1_108' title='bbox 690 1966 992 2018; x_wconf 78' lang='lat' dir='ltr'><strong>observatur.</strong></span> <span class='ocrx_word' id='word_1_109' title='bbox 1011 1965 1110 2016; x_wconf 87' lang='lat' dir='ltr'><strong>Pro</strong></span> <span class='ocrx_word' id='word_1_110' title='bbox 1126 1965 1359 2017; x_wconf 83' lang='lat' dir='ltr'><strong>eamdem</strong></span> 
     </span>
     <span class='ocr_line' id='line_1_17' title="bbox 357 2043 1364 2108; baseline -0.001 -12"><span class='ocrx_word' id='word_1_111' title='bbox 357 2043 507 2096; x_wconf 80' lang='lat' dir='ltr'><strong>Ponl.</strong></span> <span class='ocrx_word' id='word_1_112' title='bbox 543 2044 719 2098; x_wconf 77' lang='lat' dir='ltr'><strong>eodem</strong></span> <span class='ocrx_word' id='word_1_113' title='bbox 732 2068 752 2108; x_wconf 92' lang='lat'><em>;</em></span> <span class='ocrx_word' id='word_1_114' title='bbox 777 2045 921 2097; x_wconf 78' lang='lat' dir='ltr'><strong>Avic.</strong></span> <span class='ocrx_word' id='word_1_115' title='bbox 944 2045 1003 2095; x_wconf 79' lang='lat' dir='ltr'><strong>R.</strong></span> <span class='ocrx_word' id='word_1_116' title='bbox 1028 2044 1058 2097; x_wconf 85' lang='lat'><em>5</em></span> <span class='ocrx_word' id='word_1_117' title='bbox 1078 2046 1273 2096; x_wconf 84' lang='lat' dir='ltr'><strong>eadem.</strong></span> <span class='ocrx_word' id='word_1_118' title='bbox 1294 2075 1364 2085; x_wconf 89' lang='lat'>—</span> 
     </span>
     <span class='ocr_line' id='line_1_18' title="bbox 361 2122 1364 2193; baseline -0.001 -17"><span class='ocrx_word' id='word_1_119' title='bbox 361 2124 482 2176; x_wconf 79' lang='lat' dir='ltr'><strong>Non</strong></span> <span class='ocrx_word' id='word_1_120' title='bbox 511 2122 782 2175; x_wconf 76' lang='lat' dir='ltr'><strong>dedecebit.</strong></span> <span class='ocrx_word' id='word_1_121' title='bbox 829 2123 1007 2190; x_wconf 85' lang='lat' dir='ltr'><strong>Quum</strong></span> <span class='ocrx_word' id='word_1_122' title='bbox 1046 2141 1218 2193; x_wconf 78' lang='lat' dir='ltr'><strong>operae</strong></span> <span class='ocrx_word' id='word_1_123' title='bbox 1243 2141 1364 2193; x_wconf 79' lang='lat' dir='ltr'><strong>pre-</strong></span> 
     </span>
     <span class='ocr_line' id='line_1_19' title="bbox 355 2200 1362 2272; baseline 0.001 -20"><span class='ocrx_word' id='word_1_124' title='bbox 355 2202 489 2253; x_wconf 71' lang='lat' dir='ltr'><strong>tium</strong></span> <span class='ocrx_word' id='word_1_125' title='bbox 518 2204 614 2252; x_wconf 87' lang='lat' dir='ltr'><strong>erit</strong></span> <span class='ocrx_word' id='word_1_126' title='bbox 650 2214 853 2253; x_wconf 82' lang='lat' dir='ltr'><strong>tantum</strong></span> <span class='ocrx_word' id='word_1_127' title='bbox 891 2200 1142 2251; x_wconf 79' lang='lat' dir='ltr'><strong>affectum</strong></span> <span class='ocrx_word' id='word_1_128' title='bbox 1178 2220 1285 2272; x_wconf 80' lang='lat' dir='ltr'><strong>prae</strong></span> <span class='ocrx_word' id='word_1_129' title='bbox 1307 2220 1362 2253; x_wconf 86' lang='lat' dir='ltr'><strong>se</strong></span> 
     </span>
     <span class='ocr_line' id='line_1_20' title="bbox 358 2279 1362 2353; baseline 0.001 -22"><span class='ocrx_word' id='word_1_130' title='bbox 358 2280 523 2346; x_wconf 82' lang='lat' dir='ltr'><strong>ferre,</strong></span> <span class='ocrx_word' id='word_1_131' title='bbox 550 2295 778 2353; x_wconf 77' lang='lat' dir='ltr'><strong>quantus</strong></span> <span class='ocrx_word' id='word_1_132' title='bbox 798 2294 875 2333; x_wconf 82' lang='lat' dir='ltr'><strong>est</strong></span> <span class='ocrx_word' id='word_1_133' title='bbox 899 2282 953 2331; x_wconf 87' lang='lat' dir='ltr'><strong>in</strong></span> <span class='ocrx_word' id='word_1_134' title='bbox 977 2279 1067 2332; x_wconf 85' lang='lat' dir='ltr'><strong>ino</strong></span> <span class='ocrx_word' id='word_1_135' title='bbox 1084 2294 1234 2351; x_wconf 73' lang='lat' dir='ltr'><strong>gestu</strong></span> <span class='ocrx_word' id='word_1_136' title='bbox 1250 2319 1267 2341; x_wconf 81' lang='grc'><strong>.,</strong></span> <span class='ocrx_word' id='word_1_137' title='bbox 1296 2299 1362 2332; x_wconf 83' lang='lat' dir='ltr'><strong>ne</strong></span> 
     </span>
     <span class='ocr_line' id='line_1_21' title="bbox 363 2358 1362 2432; baseline 0.001 -21"><span class='ocrx_word' id='word_1_138' title='bbox 363 2375 486 2432; x_wconf 72' lang='lat' dir='ltr'><strong>toga</strong></span> <span class='ocrx_word' id='word_1_139' title='bbox 528 2360 741 2432; x_wconf 84' lang='lat' dir='ltr'><strong>quidem</strong></span> <span class='ocrx_word' id='word_1_140' title='bbox 792 2358 1007 2414; x_wconf 82' lang='lat' dir='ltr'><strong>debebit</strong></span> <span class='ocrx_word' id='word_1_141' title='bbox 1052 2361 1362 2413; x_wconf 83' lang='lat' dir='ltr'><strong>intervenire</strong></span> 
     </span>
     <span class='ocr_line' id='line_1_22' title="bbox 361 2439 1365 2513; baseline 0.002 -23"><span class='ocrx_word' id='word_1_142' title='bbox 361 2443 542 2492; x_wconf 82' lang='lat' dir='ltr'><strong>manui</strong></span> <span class='ocrx_word' id='word_1_143' title='bbox 560 2454 614 2494; x_wconf 83' lang='lat' dir='ltr'><strong>et</strong></span> <span class='ocrx_word' id='word_1_144' title='bbox 640 2443 860 2513; x_wconf 84' lang='lat' dir='ltr'><strong>pectori.</strong></span> <span class='ocrx_word' id='word_1_145' title='bbox 884 2439 934 2492; x_wconf 89' lang='lat' dir='ltr'><strong>Si</strong></span> <span class='ocrx_word' id='word_1_146' title='bbox 953 2439 1252 2511; x_wconf 81' lang='lat' dir='ltr'><strong>improbare</strong></span> <span class='ocrx_word' id='word_1_147' title='bbox 1272 2460 1365 2492; x_wconf 82' lang='lat' dir='ltr'><strong>vo-</strong></span> 
     </span>
     <span class='ocr_line' id='line_1_23' title="bbox 356 2519 1365 2591; baseline 0 -21"><span class='ocrx_word' id='word_1_148' title='bbox 356 2519 546 2581; x_wconf 73' lang='lat' dir='ltr'><strong>luisset</strong></span> <span class='ocrx_word' id='word_1_149' title='bbox 571 2520 710 2573; x_wconf 81' lang='lat' dir='ltr'><strong>hanc</strong></span> <span class='ocrx_word' id='word_1_150' title='bbox 744 2535 877 2591; x_wconf 72' lang='lat' dir='ltr'><strong>togae</strong></span> <span class='ocrx_word' id='word_1_151' title='bbox 910 2521 1254 2572; x_wconf 82' lang='lat' dir='ltr'><strong>remotionem</strong></span> <span class='ocrx_word' id='word_1_152' title='bbox 1284 2529 1365 2570; x_wconf 83' lang='lat' dir='ltr'><strong>ta-</strong></span> 
     </span>
     <span class='ocr_line' id='line_1_24' title="bbox 366 2596 1364 2652; baseline 0.002 -4"><span class='ocrx_word' id='word_1_153' title='bbox 366 2616 486 2649; x_wconf 85' lang='lat' dir='ltr'><strong>men</strong></span> <span class='ocrx_word' id='word_1_154' title='bbox 504 2614 616 2651; x_wconf 80' lang='lat' dir='ltr'><strong>emt</strong></span> <span class='ocrx_word' id='word_1_155' title='bbox 646 2601 934 2652; x_wconf 75' lang='lat' dir='ltr'><strong>inserturus</strong></span> <span class='ocrx_word' id='word_1_156' title='bbox 963 2597 1158 2650; x_wconf 78' lang='lat' dir='ltr'><strong>aiicubi</strong></span> <span class='ocrx_word' id='word_1_157' title='bbox 1177 2600 1231 2650; x_wconf 88' lang='lat' dir='ltr'><strong>in</strong></span> <span class='ocrx_word' id='word_1_158' title='bbox 1261 2596 1364 2650; x_wconf 83' lang='lat' dir='ltr'><strong>hac</strong></span> 
     </span>
     <span class='ocr_line' id='line_1_25' title="bbox 365 2682 640 2732; baseline 0.004 -1"><span class='ocrx_word' id='word_1_159' title='bbox 365 2682 640 2732; x_wconf 74' lang='lat' dir='ltr'><strong>sententia.</strong></span> 
     </span>
    </p>

    <p class='ocr_par' dir='ltr' id='par_1_5' title="bbox 360 2756 1372 3921">
     <span class='ocr_line' id='line_1_26' title="bbox 443 2756 1365 2826; baseline -0.003 -17"><span class='ocrx_word' id='word_1_160' title='bbox 443 2775 462 2809; x_wconf 82' lang='grc' dir='ltr'><strong>ι</strong></span> <span class='ocrx_word' id='word_1_161' title='bbox 474 2797 487 2810; x_wconf 94' lang='grc'><strong>.</strong></span> <span class='ocrx_word' id='word_1_162' title='bbox 504 2759 825 2811; x_wconf 82' lang='lat' dir='ltr'><strong>Incumbere.</strong></span> <span class='ocrx_word' id='word_1_163' title='bbox 836 2758 865 2809; x_wconf 87' lang='lat' dir='ltr'>J</span> <span class='ocrx_word' id='word_1_164' title='bbox 870 2776 1002 2821; x_wconf 57' lang='lat' dir='ltr'><strong>ens„</strong></span> <span class='ocrx_word' id='word_1_165' title='bbox 1013 2756 1365 2826; x_wconf 77' lang='lat' dir='ltr'><strong>procumbere,</strong></span> 
     </span>
     <span class='ocr_line' id='line_1_27' title="bbox 364 2833 1367 2906; baseline -0.002 -20"><span class='ocrx_word' id='word_1_166' title='bbox 364 2853 487 2886; x_wconf 83' lang='lat' dir='ltr'><strong>cnm</strong></span> <span class='ocrx_word' id='word_1_167' title='bbox 527 2835 648 2887; x_wconf 89' lang='lat' dir='ltr'><strong>edd.</strong></span> <span class='ocrx_word' id='word_1_168' title='bbox 686 2849 907 2906; x_wconf 72' lang='lat' dir='ltr'><strong>poster-r.</strong></span> <span class='ocrx_word' id='word_1_169' title='bbox 949 2846 1070 2886; x_wconf 83' lang='lat' dir='ltr'><strong>ante</strong></span> <span class='ocrx_word' id='word_1_170' title='bbox 1106 2833 1226 2886; x_wconf 80' lang='lat' dir='ltr'><strong>Ald.</strong></span> <span class='ocrx_word' id='word_1_171' title='bbox 1267 2834 1367 2884; x_wconf 79' lang='lat' dir='ltr'><strong>Re-</strong></span> 
     </span>
     <span class='ocr_line' id='line_1_28' title="bbox 364 2912 1366 2983; baseline -0.002 -19"><span class='ocrx_word' id='word_1_172' title='bbox 364 2913 633 2978; x_wconf 79' lang='lat' dir='ltr'><strong>cumbere,</strong></span> <span class='ocrx_word' id='word_1_173' title='bbox 670 2913 802 2965; x_wconf 76' lang='lat' dir='ltr'><strong>Obr.</strong></span> <span class='ocrx_word' id='word_1_174' title='bbox 839 2912 990 2983; x_wconf 77' lang='lat' dir='ltr'><strong>male.</strong></span> <span class='ocrx_word' id='word_1_175' title='bbox 1027 2913 1132 2965; x_wconf 80' lang='lat' dir='ltr'><strong>Sed</strong></span> <span class='ocrx_word' id='word_1_176' title='bbox 1169 2930 1229 2963; x_wconf 82' lang='lat' dir='ltr'><strong>eo</strong></span> <span class='ocrx_word' id='word_1_177' title='bbox 1265 2929 1366 2982; x_wconf 76' lang='lat' dir='ltr'><strong>quo</strong></span> 
     </span>
     <span class='ocr_line' id='line_1_29' title="bbox 360 2991 1366 3064; baseline -0.003 -20"><span class='ocrx_word' id='word_1_178' title='bbox 360 3005 597 3064; x_wconf 76' lang='lat' dir='ltr'><strong>pectore,</strong></span> <span class='ocrx_word' id='word_1_179' title='bbox 630 2991 768 3044; x_wconf 88' lang='lat' dir='ltr'><strong>Flor.</strong></span> <span class='ocrx_word' id='word_1_180' title='bbox 799 2994 987 3047; x_wconf 82' lang='lat' dir='ltr'><strong>Omnia</strong></span> <span class='ocrx_word' id='word_1_181' title='bbox 1026 2991 1184 3044; x_wconf 79' lang='lat' dir='ltr'><strong>verba</strong></span> <span class='ocrx_word' id='word_1_182' title='bbox 1223 3010 1251 3042; x_wconf 78' lang='lat' dir='ltr'>a</span> <span class='ocrx_word' id='word_1_183' title='bbox 1279 3009 1366 3063; x_wconf 86' lang='lat' dir='ltr'><strong>pe-</strong></span> 
     </span>
     <span class='ocr_line' id='line_1_30' title="bbox 369 3070 1366 3142; baseline -0.003 -19"><span class='ocrx_word' id='word_1_184' title='bbox 369 3072 485 3123; x_wconf 82' lang='lat' dir='ltr'><strong>dem</strong></span> <span class='ocrx_word' id='word_1_185' title='bbox 519 3070 763 3142; x_wconf 70' lang='lat'><strong>(§.124)</strong></span> <span class='ocrx_word' id='word_1_186' title='bbox 800 3072 866 3124; x_wconf 81' lang='lat' dir='ltr'><strong>ad</strong></span> <span class='ocrx_word' id='word_1_187' title='bbox 895 3072 1115 3123; x_wconf 79' lang='lat' dir='ltr'><strong>alterum</strong></span> <span class='ocrx_word' id='word_1_188' title='bbox 1149 3070 1366 3141; x_wconf 83' lang='lat' dir='ltr'><strong>pedem,</strong></span> 
     </span>
     <span class='ocr_line' id='line_1_31' title="bbox 370 3145 1363 3225; baseline -0.004 -23"><span class='ocrx_word' id='word_1_189' title='bbox 370 3149 756 3221; x_wconf 80' lang='lat' dir='ltr'><strong>comprehenso</strong></span> <span class='ocrx_word' id='word_1_190' title='bbox 794 3149 928 3225; x_wconf 71' lang='lat' dir='ltr'><strong>boc,</strong></span> <span class='ocrx_word' id='word_1_191' title='bbox 967 3150 1159 3201; x_wconf 80' lang='lat' dir='ltr'><strong>omittit</strong></span> <span class='ocrx_word' id='word_1_192' title='bbox 1189 3145 1363 3200; x_wconf 80' lang='lat' dir='ltr'><strong>Guelf.</strong></span> 
     </span>
     <span class='ocr_line' id='line_1_32' title="bbox 371 3227 1365 3296; baseline -0.002 -15"><span class='ocrx_word' id='word_1_193' title='bbox 371 3230 591 3281; x_wconf 75' lang='lat' dir='ltr'><strong>Dextera</strong></span> <span class='ocrx_word' id='word_1_194' title='bbox 626 3240 725 3281; x_wconf 81' lang='lat' dir='ltr'><strong>aut</strong></span> <span class='ocrx_word' id='word_1_195' title='bbox 763 3228 985 3296; x_wconf 77' lang='lat' dir='ltr'><strong>tollitur,</strong></span> <span class='ocrx_word' id='word_1_196' title='bbox 1016 3230 1193 3281; x_wconf 85' lang='lat' dir='ltr'><strong>Turic.</strong></span> <span class='ocrx_word' id='word_1_197' title='bbox 1226 3228 1267 3278; x_wconf 84' lang='lat' dir='ltr'>F</span> <span class='ocrx_word' id='word_1_198' title='bbox 1270 3227 1365 3279; x_wconf 86' lang='lat' dir='ltr'><strong>lor.</strong></span> 
     </span>
     <span class='ocr_line' id='line_1_33' title="bbox 370 3306 1369 3373; baseline -0.002 -14"><span class='ocrx_word' id='word_1_199' title='bbox 370 3309 591 3361; x_wconf 77' lang='lat' dir='ltr'><strong>Dextera</strong></span> <span class='ocrx_word' id='word_1_200' title='bbox 621 3320 678 3360; x_wconf 79' lang='lat' dir='ltr'><strong>ut</strong></span> <span class='ocrx_word' id='word_1_201' title='bbox 705 3307 925 3373; x_wconf 78' lang='lat' dir='ltr'><strong>tollitur,</strong></span> <span class='ocrx_word' id='word_1_202' title='bbox 950 3307 1130 3358; x_wconf 83' lang='lat' dir='ltr'><strong>Ambr.</strong></span> <span class='ocrx_word' id='word_1_203' title='bbox 1160 3323 1209 3359; x_wconf 74' lang='lat'><strong>2.</strong></span> <span class='ocrx_word' id='word_1_204' title='bbox 1234 3306 1369 3358; x_wconf 77' lang='lat' dir='ltr'><strong>Dex-</strong></span> 
     </span>
     <span class='ocr_line' id='line_1_34' title="bbox 373 3383 1368 3453; baseline 0 -18"><span class='ocrx_word' id='word_1_205' title='bbox 373 3396 451 3436; x_wconf 78' lang='lat' dir='ltr'><strong>tra</strong></span> <span class='ocrx_word' id='word_1_206' title='bbox 477 3383 696 3451; x_wconf 75' lang='lat' dir='ltr'><strong>tollitur,</strong></span> <span class='ocrx_word' id='word_1_207' title='bbox 718 3386 877 3438; x_wconf 64' lang='lat' dir='ltr'><strong>Cute.</strong></span> <span class='ocrx_word' id='word_1_208' title='bbox 904 3387 1098 3453; x_wconf 61' lang='lat' dir='ltr'><strong>Dexter</strong></span> <span class='ocrx_word' id='word_1_209' title='bbox 1110 3395 1205 3436; x_wconf 79' lang='lat' dir='ltr'><strong>aut</strong></span> <span class='ocrx_word' id='word_1_210' title='bbox 1228 3383 1368 3435; x_wconf 78' lang='lat' dir='ltr'><strong>tolli-</strong></span> 
     </span>
     <span class='ocr_line' id='line_1_35' title="bbox 373 3462 1369 3531; baseline -0.005 -13"><span class='ocrx_word' id='word_1_211' title='bbox 373 3478 477 3531; x_wconf 77' lang='lat' dir='ltr'><strong>tur‚</strong></span> <span class='ocrx_word' id='word_1_212' title='bbox 503 3463 677 3517; x_wconf 86' lang='lat' dir='ltr'><strong>Guelf.</strong></span> <span class='ocrx_word' id='word_1_213' title='bbox 703 3483 825 3516; x_wconf 88' lang='lat' dir='ltr'><strong>cum</strong></span> <span class='ocrx_word' id='word_1_214' title='bbox 855 3464 992 3518; x_wconf 83' lang='lat' dir='ltr'><strong>Alin.</strong></span> <span class='ocrx_word' id='word_1_215' title='bbox 1019 3478 1071 3515; x_wconf 79' lang='lat' dir='ltr'><strong>et</strong></span> <span class='ocrx_word' id='word_1_216' title='bbox 1096 3462 1215 3515; x_wconf 90' lang='lat' dir='ltr'><strong>edd.</strong></span> <span class='ocrx_word' id='word_1_217' title='bbox 1247 3475 1369 3514; x_wconf 81' lang='lat' dir='ltr'><strong>ante</strong></span> 
     </span>
     <span class='ocr_line' id='line_1_36' title="bbox 370 3542 1372 3610; baseline -0.005 -12"><span class='ocrx_word' id='word_1_218' title='bbox 370 3544 496 3598; x_wconf 78' lang='lat' dir='ltr'><strong>Bad.</strong></span> <span class='ocrx_word' id='word_1_219' title='bbox 519 3545 738 3597; x_wconf 66' lang='lat' dir='ltr'><strong>Demere</strong></span> <span class='ocrx_word' id='word_1_220' title='bbox 758 3565 809 3596; x_wconf 85' lang='grc' dir='ltr'><strong>α.</strong></span> <span class='ocrx_word' id='word_1_221' title='bbox 834 3564 884 3595; x_wconf 84' lang='lat' dir='ltr'><strong>a.</strong></span> <span class='ocrx_word' id='word_1_222' title='bbox 899 3583 915 3610; x_wconf 92' lang='lat'><strong><em>,</em></strong></span> <span class='ocrx_word' id='word_1_223' title='bbox 935 3548 1088 3596; x_wconf 78' lang='lat' dir='ltr'><strong>Voss,</strong></span> <span class='ocrx_word' id='word_1_224' title='bbox 1113 3560 1159 3594; x_wconf 81' lang='lat'><strong>2.</strong></span> <span class='ocrx_word' id='word_1_225' title='bbox 1184 3542 1372 3595; x_wconf 70' lang='lat' dir='ltr'><strong>Dextro</strong></span> 
     </span>
     <span class='ocr_line' id='line_1_37' title="bbox 370 3621 1369 3691; baseline -0.007 -14"><span class='ocrx_word' id='word_1_226' title='bbox 370 3646 423 3677; x_wconf 83' lang='lat' dir='ltr'><strong>a.</strong></span> <span class='ocrx_word' id='word_1_227' title='bbox 448 3644 530 3691; x_wconf 85' lang='grc' dir='ltr'><strong>α.,</strong></span> <span class='ocrx_word' id='word_1_228' title='bbox 553 3622 715 3677; x_wconf 86' lang='lat' dir='ltr'><strong>Goth.</strong></span> <span class='ocrx_word' id='word_1_229' title='bbox 744 3624 936 3675; x_wconf 76' lang='lat' dir='ltr'><strong>Dextra</strong></span> <span class='ocrx_word' id='word_1_230' title='bbox 959 3641 1009 3672; x_wconf 81' lang='lat' dir='ltr'><strong>a.</strong></span> <span class='ocrx_word' id='word_1_231' title='bbox 1035 3621 1115 3687; x_wconf 81' lang='grc' dir='ltr'><strong>ἀ.,</strong></span> <span class='ocrx_word' id='word_1_232' title='bbox 1136 3622 1286 3673; x_wconf 77' lang='lat' dir='ltr'><strong>Voss.</strong></span> <span class='ocrx_word' id='word_1_233' title='bbox 1325 3637 1369 3672; x_wconf 86' lang='lat'><strong>1.</strong></span> 
     </span>
     <span class='ocr_line' id='line_1_38' title="bbox 372 3698 1371 3767; baseline -0.007 -11"><span class='ocrx_word' id='word_1_234' title='bbox 372 3706 441 3756; x_wconf 85' lang='lat' dir='ltr'><strong>In</strong></span> <span class='ocrx_word' id='word_1_235' title='bbox 466 3713 639 3767; x_wconf 75' lang='lat' dir='ltr'><strong>tanto,</strong></span> <span class='ocrx_word' id='word_1_236' title='bbox 663 3704 838 3755; x_wconf 79' lang='lat' dir='ltr'><strong>Turio.</strong></span> <span class='ocrx_word' id='word_1_237' title='bbox 861 3701 1001 3752; x_wconf 83' lang='lat' dir='ltr'><strong>Flor.</strong></span> <span class='ocrx_word' id='word_1_238' title='bbox 1035 3719 1157 3751; x_wconf 88' lang='lat' dir='ltr'><strong>cum</strong></span> <span class='ocrx_word' id='word_1_239' title='bbox 1188 3698 1371 3750; x_wconf 79' lang='lat' dir='ltr'><strong>Almel.</strong></span> 
     </span>
     <span class='ocr_line' id='line_1_39' title="bbox 368 3777 1370 3848; baseline -0.009 -12"><span class='ocrx_word' id='word_1_240' title='bbox 368 3781 653 3844; x_wconf 78' lang='lat' dir='ltr'><strong>Instando,</strong></span> <span class='ocrx_word' id='word_1_241' title='bbox 687 3781 831 3832; x_wconf 71' lang='lat' dir='ltr'><strong>lens.</strong></span> <span class='ocrx_word' id='word_1_242' title='bbox 858 3798 976 3830; x_wconf 90' lang='lat' dir='ltr'><strong>cum</strong></span> <span class='ocrx_word' id='word_1_243' title='bbox 1001 3777 1121 3829; x_wconf 84' lang='lat' dir='ltr'><strong>edd.</strong></span> <span class='ocrx_word' id='word_1_244' title='bbox 1148 3790 1370 3848; x_wconf 83' lang='lat' dir='ltr'><strong>posterr.</strong></span> 
     </span>
     <span class='ocr_line' id='line_1_40' title="bbox 375 3855 1369 3921; baseline -0.007 -8"><span class='ocrx_word' id='word_1_245' title='bbox 375 3873 499 3913; x_wconf 78' lang='lat' dir='ltr'><strong>ante</strong></span> <span class='ocrx_word' id='word_1_246' title='bbox 517 3858 637 3911; x_wconf 80' lang='lat' dir='ltr'><strong>Ald.</strong></span> <span class='ocrx_word' id='word_1_247' title='bbox 658 3860 752 3911; x_wconf 75' lang='lat' dir='ltr'><strong>Est</strong></span> <span class='ocrx_word' id='word_1_248' title='bbox 765 3876 873 3910; x_wconf 79' lang='lat' dir='ltr'><strong>aec.</strong></span> <span class='ocrx_word' id='word_1_249' title='bbox 896 3867 1070 3921; x_wconf 80' lang='lat' dir='ltr'><strong>muto,</strong></span> <span class='ocrx_word' id='word_1_250' title='bbox 1087 3857 1212 3907; x_wconf 87' lang='lat' dir='ltr'><strong>Tur.</strong></span> <span class='ocrx_word' id='word_1_251' title='bbox 1232 3857 1272 3906; x_wconf 81' lang='lat' dir='ltr'>F</span> <span class='ocrx_word' id='word_1_252' title='bbox 1274 3855 1369 3906; x_wconf 90' lang='lat' dir='ltr'><strong>lor.</strong></span> 
     </span>
    </p>

    <p class='ocr_par' dir='ltr' id='par_1_6' title="bbox 379 3938 1379 4168">
     <span class='ocr_line' id='line_1_41' title="bbox 451 3938 1377 4012; baseline -0.005 -21"><span class='ocrx_word' id='word_1_253' title='bbox 451 3957 501 3991; x_wconf 80' lang='lat'><strong>2.</strong></span> <span class='ocrx_word' id='word_1_254' title='bbox 522 3938 699 4012; x_wconf 81' lang='lat' dir='ltr'><strong>AEquo</strong></span> <span class='ocrx_word' id='word_1_255' title='bbox 714 3948 934 4010; x_wconf 72' lang='lat' dir='ltr'><strong>pectore.</strong></span> <span class='ocrx_word' id='word_1_256' title='bbox 963 3960 986 3982; x_wconf 72' lang='lat' dir='ltr'><em>a</em></span> <span class='ocrx_word' id='word_1_257' title='bbox 1004 3938 1127 3989; x_wconf 86' lang='lat' dir='ltr'><strong>Non</strong></span> <span class='ocrx_word' id='word_1_258' title='bbox 1152 3954 1377 4006; x_wconf 84' lang='lat' dir='ltr'><strong>propen-</strong></span> 
     </span>
     <span class='ocr_line' id='line_1_42' title="bbox 381 4016 1379 4091; baseline 0.003 -25"><span class='ocrx_word' id='word_1_259' title='bbox 381 4041 404 4066; x_wconf 75' lang='grc' dir='ltr'><strong>ιι</strong></span> <span class='ocrx_word' id='word_1_260' title='bbox 425 4018 610 4085; x_wconf 85' lang='lat' dir='ltr'><strong>dente,</strong></span> <span class='ocrx_word' id='word_1_261' title='bbox 633 4037 932 4091; x_wconf 74' lang='lat' dir='ltr'><strong>corpusque</strong></span> <span class='ocrx_word' id='word_1_262' title='bbox 956 4020 1009 4069; x_wconf 91' lang='lat' dir='ltr'><strong>in</strong></span> <span class='ocrx_word' id='word_1_263' title='bbox 1030 4016 1267 4069; x_wconf 82' lang='lat' dir='ltr'><strong>dextrum</strong></span> <span class='ocrx_word' id='word_1_264' title='bbox 1289 4035 1379 4089; x_wconf 85' lang='lat' dir='ltr'><strong>pe-</strong></span> 
     </span>
     <span class='ocr_line' id='line_1_43' title="bbox 379 4096 1135 4168; baseline -0.007 -20"><span class='ocrx_word' id='word_1_265' title='bbox 379 4120 406 4142; x_wconf 79' lang='lat'><strong>·</strong></span> <span class='ocrx_word' id='word_1_266' title='bbox 426 4096 547 4148; x_wconf 91' lang='lat' dir='ltr'><strong>dem</strong></span> <span class='ocrx_word' id='word_1_267' title='bbox 572 4115 797 4167; x_wconf 84' lang='lat' dir='ltr'><strong>pronum</strong></span> <span class='ocrx_word' id='word_1_268' title='bbox 822 4110 1089 4168; x_wconf 79' lang='lat' dir='ltr'><strong>sequente.</strong></span> <span class='ocrx_word' id='word_1_269' title='bbox 1113 4119 1135 4143; x_wconf 65' lang='lat' dir='ltr'>n</span> 
     </span>
    </p>

    <p class='ocr_par' dir='ltr' id='par_1_7' title="bbox 446 4175 1380 4244">
     <span class='ocr_line' id='line_1_44' title="bbox 446 4175 1380 4244; baseline 0.001 -15"><span class='ocrx_word' id='word_1_270' title='bbox 446 4177 498 4229; x_wconf 79' lang='lat'><strong>3.</strong></span> <span class='ocrx_word' id='word_1_271' title='bbox 518 4175 817 4230; x_wconf 77' lang='lat' dir='ltr'><strong>Obscenum.</strong></span> <span class='ocrx_word' id='word_1_272' title='bbox 832 4176 993 4231; x_wconf 65' lang='lat' dir='ltr'><strong>Caret</strong></span> <span class='ocrx_word' id='word_1_273' title='bbox 1006 4177 1268 4232; x_wconf 76' lang='lat' dir='ltr'><strong>Gesnerus</strong></span> <span class='ocrx_word' id='word_1_274' title='bbox 1281 4213 1298 4244; x_wconf 87' lang='lat'>‚</span> <span class='ocrx_word' id='word_1_275' title='bbox 1312 4195 1380 4230; x_wconf 86' lang='lat' dir='ltr'><strong>ne</strong></span> 
     </span>
    </p>
   </div>
   <div class='ocr_carea' id='block_1_5' title="bbox 1434 1571 2462 4245">
    <p class='ocr_par' dir='ltr' id='par_1_8' title="bbox 1435 1571 2445 2098">
     <span class='ocr_line' id='line_1_45' title="bbox 1437 1571 2440 1645; baseline -0.002 -21"><span class='ocrx_word' id='word_1_276' title='bbox 1437 1573 1553 1643; x_wconf 73' lang='lat' dir='ltr'><strong>quis</strong></span> <span class='ocrx_word' id='word_1_277' title='bbox 1573 1571 1825 1645; x_wconf 82' lang='lat' dir='ltr'><strong>pudenda</strong></span> <span class='ocrx_word' id='word_1_278' title='bbox 1845 1571 1950 1625; x_wconf 89' lang='lat' dir='ltr'><strong>hoc</strong></span> <span class='ocrx_word' id='word_1_279' title='bbox 1970 1572 2131 1625; x_wconf 89' lang='lat' dir='ltr'><strong>modo</strong></span> <span class='ocrx_word' id='word_1_280' title='bbox 2149 1572 2312 1642; x_wconf 76' lang='lat' dir='ltr'><strong>aspici</strong></span> <span class='ocrx_word' id='word_1_281' title='bbox 2333 1590 2440 1623; x_wconf 86' lang='lat' dir='ltr'><strong>cre-</strong></span> 
     </span>
     <span class='ocr_line' id='line_1_46' title="bbox 1435 1649 2443 1717; baseline -0.001 -16"><span class='ocrx_word' id='word_1_282' title='bbox 1435 1649 1546 1711; x_wconf 71' lang='lat' dir='ltr'><strong>dat,</strong></span> <span class='ocrx_word' id='word_1_283' title='bbox 1572 1664 1711 1703; x_wconf 84' lang='lat' dir='ltr'><strong>tecta</strong></span> <span class='ocrx_word' id='word_1_284' title='bbox 1737 1650 1825 1702; x_wconf 79' lang='lat' dir='ltr'><strong>ina</strong></span> <span class='ocrx_word' id='word_1_285' title='bbox 1849 1665 1941 1702; x_wconf 78' lang='lat' dir='ltr'><strong>aut</strong></span> <span class='ocrx_word' id='word_1_286' title='bbox 1965 1653 2176 1717; x_wconf 79' lang='lat' dir='ltr'><strong>tunicis,</strong></span> <span class='ocrx_word' id='word_1_287' title='bbox 2193 1665 2283 1702; x_wconf 80' lang='lat' dir='ltr'><strong>aut</strong></span> <span class='ocrx_word' id='word_1_288' title='bbox 2303 1663 2443 1701; x_wconf 81' lang='lat' dir='ltr'><strong>certe</strong></span> 
     </span>
     <span class='ocr_line' id='line_1_47' title="bbox 1437 1729 2444 1800; baseline -0.001 -20"><span class='ocrx_word' id='word_1_289' title='bbox 1437 1729 1848 1800; x_wconf 68' lang='lat' dir='ltr'><strong>campestribu33</strong></span> <span class='ocrx_word' id='word_1_290' title='bbox 1881 1729 1973 1782; x_wconf 73' lang='lat' dir='ltr'><strong>sed</strong></span> <span class='ocrx_word' id='word_1_291' title='bbox 1997 1732 2049 1781; x_wconf 89' lang='lat' dir='ltr'><strong>in</strong></span> <span class='ocrx_word' id='word_1_292' title='bbox 2074 1733 2192 1800; x_wconf 87' lang='lat' dir='ltr'><strong>ipso</strong></span> <span class='ocrx_word' id='word_1_293' title='bbox 2217 1743 2365 1780; x_wconf 86' lang='lat' dir='ltr'><strong>motu</strong></span> <span class='ocrx_word' id='word_1_294' title='bbox 2389 1740 2444 1780; x_wconf 90' lang='lat' dir='ltr'><strong>et</strong></span> 
     </span>
     <span class='ocr_line' id='line_1_48' title="bbox 1436 1807 2443 1881; baseline 0 -22"><span class='ocrx_word' id='word_1_295' title='bbox 1436 1822 1591 1878; x_wconf 72' lang='lat' dir='ltr'><strong>gestu</strong></span> <span class='ocrx_word' id='word_1_296' title='bbox 1609 1822 1752 1860; x_wconf 68' lang='lat' dir='ltr'><strong>esset</strong></span> <span class='ocrx_word' id='word_1_297' title='bbox 1763 1808 1906 1881; x_wconf 89' lang='lat' dir='ltr'><strong>quod</strong></span> <span class='ocrx_word' id='word_1_298' title='bbox 1926 1809 2150 1881; x_wconf 74' lang='lat' dir='ltr'><strong>pudicos</strong></span> <span class='ocrx_word' id='word_1_299' title='bbox 2170 1807 2443 1860; x_wconf 83' lang='lat' dir='ltr'><strong>dedeceat.</strong></span> 
     </span>
     <span class='ocr_line' id='line_1_49' title="bbox 1440 1885 2445 1957; baseline -0.003 -17"><span class='ocrx_word' id='word_1_300' title='bbox 1440 1890 1498 1940; x_wconf 88' lang='lat' dir='ltr'><strong>ln</strong></span> <span class='ocrx_word' id='word_1_301' title='bbox 1514 1889 1794 1941; x_wconf 70' lang='lat' dir='ltr'><strong>varicaado</strong></span> <span class='ocrx_word' id='word_1_302' title='bbox 1810 1890 2136 1940; x_wconf 78' lang='lat' dir='ltr'><strong>Burmannus</strong></span> <span class='ocrx_word' id='word_1_303' title='bbox 2155 1886 2366 1957; x_wconf 78' lang='lat' dir='ltr'><strong>ablegat</strong></span> <span class='ocrx_word' id='word_1_304' title='bbox 2379 1885 2445 1938; x_wconf 83' lang='lat' dir='ltr'><strong>ad</strong></span> 
     </span>
     <span class='ocr_line' id='line_1_50' title="bbox 1438 1967 2443 2033; baseline -0.001 -14"><span class='ocrx_word' id='word_1_305' title='bbox 1438 1970 1620 2020; x_wconf 85' lang='lat' dir='ltr'><strong>Heius.</strong></span> <span class='ocrx_word' id='word_1_306' title='bbox 1648 1970 1702 2019; x_wconf 89' lang='lat' dir='ltr'><strong>in</strong></span> <span class='ocrx_word' id='word_1_307' title='bbox 1727 1967 1881 2019; x_wconf 82' lang='lat' dir='ltr'><strong>ovid.</strong></span> <span class='ocrx_word' id='word_1_308' title='bbox 1908 1970 2019 2021; x_wconf 80' lang='lat' dir='ltr'><strong>Art.</strong></span> <span class='ocrx_word' id='word_1_309' title='bbox 2046 1969 2144 2033; x_wconf 85' lang='lat'>111,</span> <span class='ocrx_word' id='word_1_310' title='bbox 2170 1968 2303 2033; x_wconf 80' lang='lat'>303,</span> <span class='ocrx_word' id='word_1_311' title='bbox 2332 1986 2443 2018; x_wconf 84' lang='lat' dir='ltr'><strong>me-</strong></span> 
     </span>
     <span class='ocr_line' id='line_1_51' title="bbox 1443 2044 1984 2098; baseline 0 -2"><span class='ocrx_word' id='word_1_312' title='bbox 1443 2065 1644 2098; x_wconf 85' lang='lat' dir='ltr'><strong>morem</strong></span> <span class='ocrx_word' id='word_1_313' title='bbox 1670 2044 1778 2097; x_wconf 83' lang='lat' dir='ltr'><strong>loci</strong></span> <span class='ocrx_word' id='word_1_314' title='bbox 1799 2048 1984 2097; x_wconf 77' lang='lat' dir='ltr'><strong>nostri.</strong></span> 
     </span>
    </p>

    <p class='ocr_par' dir='ltr' id='par_1_9' title="bbox 1434 2124 2462 4245">
     <span class='ocr_line' id='line_1_52' title="bbox 1515 2124 2440 2197; baseline -0.001 -22"><span class='ocrx_word' id='word_1_315' title='bbox 1515 2125 1564 2191; x_wconf 74' lang='lat'><strong>4.</strong></span> <span class='ocrx_word' id='word_1_316' title='bbox 1608 2126 1900 2178; x_wconf 82' lang='lat' dir='ltr'><strong>Procursio.</strong></span> <span class='ocrx_word' id='word_1_317' title='bbox 1939 2127 2099 2177; x_wconf 68' lang='lat' dir='ltr'><strong>CAue.</strong></span> <span class='ocrx_word' id='word_1_318' title='bbox 2115 2161 2132 2189; x_wconf 86' lang='lat'>‚</span> <span class='ocrx_word' id='word_1_319' title='bbox 2166 2124 2440 2197; x_wconf 75' lang='lat' dir='ltr'><strong>percussio.</strong></span> 
     </span>
     <span class='ocr_line' id='line_1_53' title="bbox 1440 2202 2450 2275; baseline -0.005 -18"><span class='ocrx_word' id='word_1_320' title='bbox 1440 2204 1574 2257; x_wconf 85' lang='lat' dir='ltr'><strong>Vide</strong></span> <span class='ocrx_word' id='word_1_321' title='bbox 1599 2205 1706 2272; x_wconf 81' lang='lat' dir='ltr'><strong>lx,</strong></span> <span class='ocrx_word' id='word_1_322' title='bbox 1744 2221 1791 2268; x_wconf 74' lang='grc' dir='ltr'><strong>ι,</strong></span> <span class='ocrx_word' id='word_1_323' title='bbox 1827 2222 1910 2275; x_wconf 81' lang='lat'><strong>27.</strong></span> <span class='ocrx_word' id='word_1_324' title='bbox 1947 2204 2175 2258; x_wconf 78' lang='lat' dir='ltr'><strong>Conveni</strong></span> <span class='ocrx_word' id='word_1_325' title='bbox 2209 2202 2366 2255; x_wconf 79' lang='lat' dir='ltr'><strong>etiam</strong></span> <span class='ocrx_word' id='word_1_326' title='bbox 2396 2214 2450 2253; x_wconf 83' lang='lat' dir='ltr'><strong>et</strong></span> 
     </span>
     <span class='ocr_line' id='line_1_54' title="bbox 1442 2282 2448 2351; baseline -0.003 -17"><span class='ocrx_word' id='word_1_327' title='bbox 1442 2283 1726 2336; x_wconf 80' lang='lat' dir='ltr'><strong>moderatio</strong></span> <span class='ocrx_word' id='word_1_328' title='bbox 1739 2323 1758 2351; x_wconf 86' lang='lat'>‚</span> <span class='ocrx_word' id='word_1_329' title='bbox 1772 2283 1949 2335; x_wconf 75' lang='lat' dir='ltr'><strong>Tur-ic.</strong></span> <span class='ocrx_word' id='word_1_330' title='bbox 1970 2282 2109 2333; x_wconf 80' lang='lat' dir='ltr'><strong>Flor.</strong></span> <span class='ocrx_word' id='word_1_331' title='bbox 2134 2282 2448 2334; x_wconf 76' lang='lat' dir='ltr'><strong>Convenien-</strong></span> 
     </span>
     <span class='ocr_line' id='line_1_55' title="bbox 1446 2358 2450 2429; baseline -0.002 -16"><span class='ocrx_word' id='word_1_332' title='bbox 1446 2363 1519 2413; x_wconf 75' lang='lat' dir='ltr'><strong>tia</strong></span> <span class='ocrx_word' id='word_1_333' title='bbox 1538 2372 1590 2413; x_wconf 79' lang='lat' dir='ltr'><strong>et</strong></span> <span class='ocrx_word' id='word_1_334' title='bbox 1606 2382 1689 2429; x_wconf 83' lang='lat' dir='ltr'><strong>a.‚</strong></span> <span class='ocrx_word' id='word_1_335' title='bbox 1713 2361 1895 2415; x_wconf 84' lang='lat' dir='ltr'><strong>Ambr.</strong></span> <span class='ocrx_word' id='word_1_336' title='bbox 1920 2379 1978 2427; x_wconf 70' lang='grc' dir='ltr'><strong>α,</strong></span> <span class='ocrx_word' id='word_1_337' title='bbox 2000 2358 2175 2412; x_wconf 82' lang='lat' dir='ltr'><strong>Guelf.</strong></span> <span class='ocrx_word' id='word_1_338' title='bbox 2200 2359 2450 2411; x_wconf 79' lang='lat' dir='ltr'><strong>Convenit</strong></span> 
     </span>
     <span class='ocr_line' id='line_1_56' title="bbox 1444 2436 2449 2510; baseline 0 -19"><span class='ocrx_word' id='word_1_339' title='bbox 1444 2460 1487 2492; x_wconf 89' lang='lat' dir='ltr'><strong>e.</strong></span> <span class='ocrx_word' id='word_1_340' title='bbox 1514 2452 1566 2492; x_wconf 82' lang='lat' dir='ltr'><strong>et</strong></span> <span class='ocrx_word' id='word_1_341' title='bbox 1585 2460 1635 2493; x_wconf 82' lang='lat' dir='ltr'><strong>a.</strong></span> <span class='ocrx_word' id='word_1_342' title='bbox 1650 2482 1668 2509; x_wconf 87' lang='lat'>‚</span> <span class='ocrx_word' id='word_1_343' title='bbox 1692 2440 1923 2494; x_wconf 76' lang='lat' dir='ltr'><strong>Gotban.</strong></span> <span class='ocrx_word' id='word_1_344' title='bbox 1948 2441 2091 2493; x_wconf 74' lang='lat' dir='ltr'><strong>Jens.</strong></span> <span class='ocrx_word' id='word_1_345' title='bbox 2117 2439 2244 2510; x_wconf 82' lang='lat' dir='ltr'><strong>(tac.</strong></span> <span class='ocrx_word' id='word_1_346' title='bbox 2263 2436 2449 2509; x_wconf 76' lang='lat' dir='ltr'><strong>Gesn.)</strong></span> 
     </span>
     <span class='ocr_line' id='line_1_57' title="bbox 1434 2521 2448 2581; baseline -0.004 -6"><span class='ocrx_word' id='word_1_347' title='bbox 1434 2523 1605 2581; x_wconf 57' lang='lat' dir='ltr'><strong>‚Caum</strong></span> <span class='ocrx_word' id='word_1_348' title='bbox 1641 2540 1762 2573; x_wconf 87' lang='lat' dir='ltr'><strong>cum</strong></span> <span class='ocrx_word' id='word_1_349' title='bbox 1792 2521 1939 2574; x_wconf 80' lang='lat' dir='ltr'><strong>editt.</strong></span> <span class='ocrx_word' id='word_1_350' title='bbox 1980 2534 2101 2573; x_wconf 80' lang='lat' dir='ltr'><strong>ante</strong></span> <span class='ocrx_word' id='word_1_351' title='bbox 2139 2523 2306 2574; x_wconf 79' lang='lat' dir='ltr'><strong>Stoer.</strong></span> <span class='ocrx_word' id='word_1_352' title='bbox 2337 2540 2448 2573; x_wconf 80' lang='lat' dir='ltr'><strong>exc.</strong></span> 
     </span>
     <span class='ocr_line' id='line_1_58' title="bbox 1444 2597 2446 2671; baseline 0 -22"><span class='ocrx_word' id='word_1_353' title='bbox 1444 2597 1564 2650; x_wconf 81' lang='lat' dir='ltr'><strong>Ald.</strong></span> <span class='ocrx_word' id='word_1_354' title='bbox 1584 2601 1675 2671; x_wconf 88' lang='lat' dir='ltr'><strong>qui</strong></span> <span class='ocrx_word' id='word_1_355' title='bbox 1690 2601 1931 2652; x_wconf 77' lang='lat' dir='ltr'><strong>convenit</strong></span> <span class='ocrx_word' id='word_1_356' title='bbox 1947 2609 2000 2650; x_wconf 79' lang='lat' dir='ltr'><strong>et</strong></span> <span class='ocrx_word' id='word_1_357' title='bbox 2012 2618 2085 2665; x_wconf 82' lang='lat' dir='ltr'><strong>a.,</strong></span> <span class='ocrx_word' id='word_1_358' title='bbox 2107 2612 2160 2650; x_wconf 85' lang='lat' dir='ltr'><strong>et</strong></span> <span class='ocrx_word' id='word_1_359' title='bbox 2173 2601 2446 2652; x_wconf 80' lang='lat' dir='ltr'><strong>Par.Vasc.</strong></span> 
     </span>
     <span class='ocr_line' id='line_1_59' title="bbox 1445 2677 2450 2751; baseline -0.001 -20"><span class='ocrx_word' id='word_1_360' title='bbox 1445 2677 1628 2750; x_wconf 85' lang='lat' dir='ltr'><strong>Steph.</strong></span> <span class='ocrx_word' id='word_1_361' title='bbox 1663 2681 1756 2751; x_wconf 85' lang='lat' dir='ltr'><strong>qui</strong></span> <span class='ocrx_word' id='word_1_362' title='bbox 1787 2678 2031 2730; x_wconf 80' lang='lat' dir='ltr'><strong>convenit</strong></span> <span class='ocrx_word' id='word_1_363' title='bbox 2051 2679 2206 2729; x_wconf 76' lang='lat' dir='ltr'><strong>etiam</strong></span> <span class='ocrx_word' id='word_1_364' title='bbox 2232 2698 2283 2729; x_wconf 84' lang='lat' dir='ltr'><strong>a.</strong></span> <span class='ocrx_word' id='word_1_365' title='bbox 2315 2680 2450 2730; x_wconf 74' lang='lat' dir='ltr'><strong>Nos·</strong></span> 
     </span>
     <span class='ocr_line' id='line_1_60' title="bbox 1446 2754 2450 2829; baseline -0.001 -22"><span class='ocrx_word' id='word_1_366' title='bbox 1446 2769 1585 2807; x_wconf 80' lang='lat' dir='ltr'><strong>trum</strong></span> <span class='ocrx_word' id='word_1_367' title='bbox 1615 2757 1786 2829; x_wconf 58' lang='lat' dir='ltr'><strong>ipsum</strong></span> <span class='ocrx_word' id='word_1_368' title='bbox 1807 2757 1973 2809; x_wconf 80' lang='lat' dir='ltr'><strong>Stoe&#39;r.</strong></span> <span class='ocrx_word' id='word_1_369' title='bbox 1996 2755 2222 2807; x_wconf 86' lang='lat' dir='ltr'><strong>Chouet.</strong></span> <span class='ocrx_word' id='word_1_370' title='bbox 2241 2754 2450 2826; x_wconf 87' lang='lat' dir='ltr'><strong>Reliqui</strong></span> 
     </span>
     <span class='ocr_line' id='line_1_61' title="bbox 1446 2832 2449 2887; baseline -0.002 -1"><span class='ocrx_word' id='word_1_371' title='bbox 1446 2836 1756 2887; x_wconf 80' lang='lat' dir='ltr'><strong>conveniens</strong></span> <span class='ocrx_word' id='word_1_372' title='bbox 1785 2836 1943 2886; x_wconf 80' lang='lat' dir='ltr'><strong>etiam</strong></span> <span class='ocrx_word' id='word_1_373' title='bbox 1976 2854 2026 2885; x_wconf 82' lang='lat' dir='ltr'><strong>a.</strong></span> <span class='ocrx_word' id='word_1_374' title='bbox 2062 2833 2163 2887; x_wconf 86' lang='lat' dir='ltr'><strong>Sed</strong></span> <span class='ocrx_word' id='word_1_375' title='bbox 2198 2832 2328 2887; x_wconf 68' lang='lat' dir='ltr'><strong>obt.</strong></span> <span class='ocrx_word' id='word_1_376' title='bbox 2362 2835 2449 2884; x_wconf 90' lang='lat' dir='ltr'><strong>in-</strong></span> 
     </span>
     <span class='ocr_line' id='line_1_62' title="bbox 1447 2910 2448 2983; baseline -0.001 -21"><span class='ocrx_word' id='word_1_377' title='bbox 1447 2924 1770 2982; x_wconf 73' lang='lat' dir='ltr'><strong>terpungens</strong></span> <span class='ocrx_word' id='word_1_378' title='bbox 1797 2912 1916 2964; x_wconf 87' lang='lat' dir='ltr'><strong>colo</strong></span> <span class='ocrx_word' id='word_1_379' title='bbox 1946 2925 2069 2983; x_wconf 83' lang='lat' dir='ltr'><strong>post</strong></span> <span class='ocrx_word' id='word_1_380' title='bbox 2087 2930 2264 2975; x_wconf 64' lang='lat' dir='ltr'><strong>conv„</strong></span> <span class='ocrx_word' id='word_1_381' title='bbox 2296 2910 2448 2962; x_wconf 81' lang='lat' dir='ltr'><strong>male.</strong></span> 
     </span>
     <span class='ocr_line' id='line_1_63' title="bbox 1454 2991 2450 3057; baseline -0.002 -14"><span class='ocrx_word' id='word_1_382' title='bbox 1454 2991 1640 3057; x_wconf 78' lang='lat' dir='ltr'><strong>Usum,</strong></span> <span class='ocrx_word' id='word_1_383' title='bbox 1655 2995 1808 3043; x_wconf 63' lang='lat' dir='ltr'><strong>VoSS.</strong></span> <span class='ocrx_word' id='word_1_384' title='bbox 1830 3008 1876 3055; x_wconf 86' lang='lat'><strong>1,</strong></span> <span class='ocrx_word' id='word_1_385' title='bbox 1897 2993 1945 3045; x_wconf 85' lang='lat'><strong>3.</strong></span> <span class='ocrx_word' id='word_1_386' title='bbox 1971 2992 2124 3056; x_wconf 86' lang='lat' dir='ltr'><strong>Suro,</strong></span> <span class='ocrx_word' id='word_1_387' title='bbox 2150 2993 2299 3042; x_wconf 85' lang='lat' dir='ltr'><strong>Bern.</strong></span> <span class='ocrx_word' id='word_1_388' title='bbox 2326 2991 2450 3041; x_wconf 82' lang='lat' dir='ltr'><strong>Ma-</strong></span> 
     </span>
     <span class='ocr_line' id='line_1_64' title="bbox 1449 3069 2448 3136; baseline 0 -15"><span class='ocrx_word' id='word_1_389' title='bbox 1449 3069 1611 3136; x_wconf 76' lang='lat' dir='ltr'><strong>nilio,</strong></span> <span class='ocrx_word' id='word_1_390' title='bbox 1642 3072 1915 3122; x_wconf 73' lang='lat' dir='ltr'><strong>Tur-icens.</strong></span> <span class='ocrx_word' id='word_1_391' title='bbox 1952 3070 2091 3121; x_wconf 85' lang='lat' dir='ltr'><strong>Flor.</strong></span> <span class='ocrx_word' id='word_1_392' title='bbox 2130 3071 2291 3123; x_wconf 62' lang='lat' dir='ltr'><strong>Qu».</strong></span> <span class='ocrx_word' id='word_1_393' title='bbox 2327 3088 2448 3121; x_wconf 88' lang='lat' dir='ltr'><strong>cum</strong></span> 
     </span>
     <span class='ocr_line' id='line_1_65' title="bbox 1447 3149 2449 3219; baseline 0 -18"><span class='ocrx_word' id='word_1_394' title='bbox 1447 3149 1565 3201; x_wconf 89' lang='lat' dir='ltr'><strong>edd.</strong></span> <span class='ocrx_word' id='word_1_395' title='bbox 1583 3162 1706 3201; x_wconf 76' lang='lat' dir='ltr'><strong>ante</strong></span> <span class='ocrx_word' id='word_1_396' title='bbox 1723 3152 1901 3201; x_wconf 86' lang='lat' dir='ltr'><strong>Burm.</strong></span> <span class='ocrx_word' id='word_1_397' title='bbox 1926 3149 2161 3219; x_wconf 77' lang='lat' dir='ltr'><strong>Manlio,</strong></span> <span class='ocrx_word' id='word_1_398' title='bbox 2186 3149 2363 3201; x_wconf 81' lang='lat' dir='ltr'><strong>Ambr.</strong></span> <span class='ocrx_word' id='word_1_399' title='bbox 2389 3167 2416 3201; x_wconf 80' lang='lat'>2</span> <span class='ocrx_word' id='word_1_400' title='bbox 2432 3187 2449 3215; x_wconf 81' lang='lat'><strong>‚</strong></span> 
     </span>
     <span class='ocr_line' id='line_1_66' title="bbox 1446 3225 2445 3297; baseline 0.001 -21"><span class='ocrx_word' id='word_1_401' title='bbox 1446 3225 1620 3277; x_wconf 85' lang='lat' dir='ltr'><strong>Guelf.</strong></span> <span class='ocrx_word' id='word_1_402' title='bbox 1657 3229 1830 3278; x_wconf 86' lang='lat' dir='ltr'><strong>Burm.</strong></span> <span class='ocrx_word' id='word_1_403' title='bbox 1857 3240 1911 3278; x_wconf 88' lang='lat' dir='ltr'><strong>et</strong></span> <span class='ocrx_word' id='word_1_404' title='bbox 1936 3240 2157 3297; x_wconf 83' lang='lat' dir='ltr'><strong>posterr.</strong></span> <span class='ocrx_word' id='word_1_405' title='bbox 2183 3227 2445 3294; x_wconf 80' lang='lat' dir='ltr'><strong>Manilia,</strong></span> 
     </span>
     <span class='ocr_line' id='line_1_67' title="bbox 1446 3305 2448 3377; baseline 0.003 -20"><span class='ocrx_word' id='word_1_406' title='bbox 1446 3305 1609 3377; x_wconf 73' lang='lat' dir='ltr'><strong>Goth.</strong></span> <span class='ocrx_word' id='word_1_407' title='bbox 1626 3306 1749 3377; x_wconf 79' lang='lat' dir='ltr'><strong>(tac.</strong></span> <span class='ocrx_word' id='word_1_408' title='bbox 1768 3306 1968 3376; x_wconf 80' lang='lat' dir='ltr'><strong>Gesn.).</strong></span> <span class='ocrx_word' id='word_1_409' title='bbox 1986 3308 2239 3358; x_wconf 81' lang='lat' dir='ltr'><strong>Nostrum</strong></span> <span class='ocrx_word' id='word_1_410' title='bbox 2256 3312 2448 3360; x_wconf 79' lang='lat' dir='ltr'><strong>eVoss.</strong></span> 
     </span>
     <span class='ocr_line' id='line_1_68' title="bbox 1456 3384 2453 3450; baseline 0.001 -13"><span class='ocrx_word' id='word_1_411' title='bbox 1456 3402 1474 3437; x_wconf 87' lang='lat'>1</span> <span class='ocrx_word' id='word_1_412' title='bbox 1486 3423 1502 3450; x_wconf 87' lang='lat'>‚</span> <span class='ocrx_word' id='word_1_413' title='bbox 1516 3387 1578 3450; x_wconf 77' lang='lat'><strong>3,</strong></span> <span class='ocrx_word' id='word_1_414' title='bbox 1599 3399 1651 3438; x_wconf 82' lang='lat' dir='ltr'><strong>et</strong></span> <span class='ocrx_word' id='word_1_415' title='bbox 1671 3387 1976 3439; x_wconf 62' lang='lat' dir='ltr'><strong>constantia!</strong></span> <span class='ocrx_word' id='word_1_416' title='bbox 1991 3403 2166 3436; x_wconf 78' lang='lat' dir='ltr'><strong>eausa.</strong></span> <span class='ocrx_word' id='word_1_417' title='bbox 2181 3384 2313 3437; x_wconf 87' lang='lat' dir='ltr'><strong>Vide</strong></span> <span class='ocrx_word' id='word_1_418' title='bbox 2327 3386 2453 3438; x_wconf 81' lang='lat' dir='ltr'><strong>Dra·</strong></span> 
     </span>
     <span class='ocr_line' id='line_1_69' title="bbox 1449 3463 2448 3537; baseline 0.001 -21"><span class='ocrx_word' id='word_1_419' title='bbox 1449 3464 1606 3517; x_wconf 75' lang='lat' dir='ltr'><strong>kenb.</strong></span> <span class='ocrx_word' id='word_1_420' title='bbox 1630 3464 1696 3517; x_wconf 81' lang='lat' dir='ltr'><strong>ad</strong></span> <span class='ocrx_word' id='word_1_421' title='bbox 1719 3466 1827 3517; x_wconf 85' lang='lat' dir='ltr'><strong>Liv.</strong></span> <span class='ocrx_word' id='word_1_422' title='bbox 1852 3463 2088 3529; x_wconf 80' lang='lat' dir='ltr'>XXXIV,</span> <span class='ocrx_word' id='word_1_423' title='bbox 2110 3463 2206 3528; x_wconf 80' lang='lat'><strong>53,</strong></span> <span class='ocrx_word' id='word_1_424' title='bbox 2229 3480 2285 3527; x_wconf 78' lang='lat'><strong>²3</strong></span> <span class='ocrx_word' id='word_1_425' title='bbox 2309 3464 2448 3537; x_wconf 86' lang='lat' dir='ltr'><strong>Epit.</strong></span> 
     </span>
     <span class='ocr_line' id='line_1_70' title="bbox 1451 3542 2453 3615; baseline 0 -20"><span class='ocrx_word' id='word_1_426' title='bbox 1451 3545 1540 3610; x_wconf 90' lang='lat'><strong>67,</strong></span> <span class='ocrx_word' id='word_1_427' title='bbox 1558 3544 1626 3596; x_wconf 91' lang='lat' dir='ltr'><strong>de</strong></span> <span class='ocrx_word' id='word_1_428' title='bbox 1647 3545 2031 3615; x_wconf 83' lang='lat' dir='ltr'><strong>permutatione</strong></span> <span class='ocrx_word' id='word_1_429' title='bbox 2052 3544 2342 3594; x_wconf 86' lang='lat' dir='ltr'><strong>nominum.</strong></span> <span class='ocrx_word' id='word_1_430' title='bbox 2369 3542 2453 3595; x_wconf 82' lang='lat' dir='ltr'><strong>Ad</strong></span> 
     </span>
     <span class='ocr_line' id='line_1_71' title="bbox 1452 3619 2448 3689; baseline -0.002 -16"><span class='ocrx_word' id='word_1_431' title='bbox 1452 3624 1521 3673; x_wconf 88' lang='lat' dir='ltr'><strong>v1</strong></span> <span class='ocrx_word' id='word_1_432' title='bbox 1534 3661 1550 3686; x_wconf 85' lang='lat'>‚</span> <span class='ocrx_word' id='word_1_433' title='bbox 1566 3621 1620 3688; x_wconf 86' lang='lat'><strong>3,</strong></span> <span class='ocrx_word' id='word_1_434' title='bbox 1636 3622 1724 3689; x_wconf 65' lang='grc'><strong>54,</strong></span> <span class='ocrx_word' id='word_1_435' title='bbox 1738 3621 1876 3673; x_wconf 85' lang='lat' dir='ltr'><strong>Flor.</strong></span> <span class='ocrx_word' id='word_1_436' title='bbox 1892 3621 2074 3675; x_wconf 75' lang='lat' dir='ltr'><strong>Ambr.</strong></span> <span class='ocrx_word' id='word_1_437' title='bbox 2097 3638 2143 3686; x_wconf 84' lang='lat'><strong>1,</strong></span> <span class='ocrx_word' id='word_1_438' title='bbox 2159 3619 2448 3682; x_wconf 76' lang='lat' dir='ltr'><strong>Manlium,</strong></span> 
     </span>
     <span class='ocr_line' id='line_1_72' title="bbox 1453 3698 2454 3764; baseline -0.002 -12"><span class='ocrx_word' id='word_1_439' title='bbox 1453 3700 1584 3753; x_wconf 83' lang='lat' dir='ltr'><strong>nihil</strong></span> <span class='ocrx_word' id='word_1_440' title='bbox 1608 3704 1746 3753; x_wconf 89' lang='lat' dir='ltr'><strong>enim</strong></span> <span class='ocrx_word' id='word_1_441' title='bbox 1770 3714 2003 3753; x_wconf 80' lang='lat' dir='ltr'><strong>notatur.</strong></span> <span class='ocrx_word' id='word_1_442' title='bbox 2032 3698 2246 3764; x_wconf 71' lang='lat' dir='ltr'><strong>flavos,</strong></span> <span class='ocrx_word' id='word_1_443' title='bbox 2275 3701 2454 3751; x_wconf 86' lang='lat' dir='ltr'><strong>Turie.</strong></span> 
     </span>
     <span class='ocr_line' id='line_1_73' title="bbox 1454 3779 2454 3850; baseline 0 -19"><span class='ocrx_word' id='word_1_444' title='bbox 1454 3780 1591 3832; x_wconf 83' lang='lat' dir='ltr'><strong>Flor.</strong></span> <span class='ocrx_word' id='word_1_445' title='bbox 1614 3780 1796 3835; x_wconf 83' lang='lat' dir='ltr'><strong>Ambr.</strong></span> <span class='ocrx_word' id='word_1_446' title='bbox 1825 3800 1851 3833; x_wconf 74' lang='lat'><em>2</em></span> <span class='ocrx_word' id='word_1_447' title='bbox 1872 3780 2010 3850; x_wconf 78' lang='lat' dir='ltr'><strong>(vide</strong></span> <span class='ocrx_word' id='word_1_448' title='bbox 2024 3782 2144 3843; x_wconf 84' lang='lat' dir='ltr'><strong>vn,</strong></span> <span class='ocrx_word' id='word_1_449' title='bbox 2160 3780 2192 3846; x_wconf 78' lang='grc'><strong><em>4</em></strong></span> <span class='ocrx_word' id='word_1_450' title='bbox 2207 3817 2224 3845; x_wconf 85' lang='grc'><em>,</em></span> <span class='ocrx_word' id='word_1_451' title='bbox 2247 3780 2343 3846; x_wconf 76' lang='grc' dir='ltr'><strong>4ο,</strong></span> <span class='ocrx_word' id='word_1_452' title='bbox 2361 3779 2454 3831; x_wconf 85' lang='lat' dir='ltr'><strong>ubi</strong></span> 
     </span>
     <span class='ocr_line' id='line_1_74' title="bbox 1454 3857 2446 3934; baseline -0.002 -23"><span class='ocrx_word' id='word_1_453' title='bbox 1454 3860 1684 3912; x_wconf 82' lang='lat' dir='ltr'><strong>Florem.</strong></span> <span class='ocrx_word' id='word_1_454' title='bbox 1722 3879 1935 3931; x_wconf 77' lang='lat' dir='ltr'><strong>quoque</strong></span> <span class='ocrx_word' id='word_1_455' title='bbox 1956 3860 2179 3934; x_wconf 76' lang='lat' dir='ltr'><strong>flavum.</strong></span> <span class='ocrx_word' id='word_1_456' title='bbox 2215 3857 2392 3911; x_wconf 77' lang='lat' dir='ltr'><strong>Ambr.</strong></span> <span class='ocrx_word' id='word_1_457' title='bbox 2427 3875 2446 3909; x_wconf 82' lang='grc' dir='ltr'><strong>ι</strong></span> 
     </span>
     <span class='ocr_line' id='line_1_75' title="bbox 1456 3936 2455 4011; baseline -0.001 -21"><span class='ocrx_word' id='word_1_458' title='bbox 1456 3958 1563 3992; x_wconf 90' lang='lat' dir='ltr'><strong>non</strong></span> <span class='ocrx_word' id='word_1_459' title='bbox 1590 3940 1839 4011; x_wconf 76' lang='lat' dir='ltr'><strong>notatur).</strong></span> <span class='ocrx_word' id='word_1_460' title='bbox 1865 3937 2106 4001; x_wconf 77' lang='lat' dir='ltr'><strong>Flavius,</strong></span> <span class='ocrx_word' id='word_1_461' title='bbox 2140 3936 2261 3988; x_wconf 84' lang='lat' dir='ltr'><strong>edd.</strong></span> <span class='ocrx_word' id='word_1_462' title='bbox 2291 3956 2332 3988; x_wconf 59' lang='lat' dir='ltr'><strong>‘a</strong></span> <span class='ocrx_word' id='word_1_463' title='bbox 2359 3939 2455 3989; x_wconf 84' lang='lat' dir='ltr'><strong>Ba-</strong></span> 
     </span>
     <span class='ocr_line' id='line_1_76' title="bbox 1458 4013 2457 4087; baseline -0.002 -19"><span class='ocrx_word' id='word_1_464' title='bbox 1458 4016 1545 4069; x_wconf 86' lang='lat' dir='ltr'><strong>dio</strong></span> <span class='ocrx_word' id='word_1_465' title='bbox 1577 4017 1728 4082; x_wconf 82' lang='lat' dir='ltr'><strong>inde,</strong></span> <span class='ocrx_word' id='word_1_466' title='bbox 1766 4018 1855 4087; x_wconf 83' lang='lat' dir='ltr'><strong>qui</strong></span> <span class='ocrx_word' id='word_1_467' title='bbox 1887 4014 1990 4067; x_wconf 89' lang='lat' dir='ltr'><strong>hoc</strong></span> <span class='ocrx_word' id='word_1_468' title='bbox 2021 4034 2051 4067; x_wconf 87' lang='lat' dir='ltr'><strong>e</strong></span> <span class='ocrx_word' id='word_1_469' title='bbox 2075 4013 2208 4065; x_wconf 84' lang='lat' dir='ltr'><strong>vall.</strong></span> <span class='ocrx_word' id='word_1_470' title='bbox 2242 4017 2457 4085; x_wconf 86' lang='lat' dir='ltr'><strong>conspi-</strong></span> 
     </span>
     <span class='ocr_line' id='line_1_77' title="bbox 1459 4090 2452 4148; baseline -0.005 0"><span class='ocrx_word' id='word_1_471' title='bbox 1459 4095 1698 4148; x_wconf 80' lang='lat' dir='ltr'><strong>rantibus</strong></span> <span class='ocrx_word' id='word_1_472' title='bbox 1722 4097 1776 4147; x_wconf 87' lang='lat' dir='ltr'><strong>in</strong></span> <span class='ocrx_word' id='word_1_473' title='bbox 1799 4096 1980 4146; x_wconf 84' lang='lat' dir='ltr'><strong>vitium</strong></span> <span class='ocrx_word' id='word_1_474' title='bbox 2004 4092 2272 4145; x_wconf 85' lang='lat' dir='ltr'><strong>Guelferb.</strong></span> <span class='ocrx_word' id='word_1_475' title='bbox 2292 4090 2452 4145; x_wconf 86' lang='lat' dir='ltr'><strong>Goth.</strong></span> 
     </span>
     <span class='ocr_line' id='line_1_78' title="bbox 1460 4172 2462 4245; baseline -0.007 -14"><span class='ocrx_word' id='word_1_476' title='bbox 1460 4178 1717 4231; x_wconf 81' lang='lat' dir='ltr'><strong>Nostrum</strong></span> <span class='ocrx_word' id='word_1_477' title='bbox 1740 4172 1860 4228; x_wconf 80' lang='lat' dir='ltr'><strong>edd.</strong></span> <span class='ocrx_word' id='word_1_478' title='bbox 1889 4185 2010 4228; x_wconf 81' lang='lat' dir='ltr'><strong>ante</strong></span> <span class='ocrx_word' id='word_1_479' title='bbox 2031 4172 2159 4227; x_wconf 78' lang='lat' dir='ltr'><strong>Bad.</strong></span> <span class='ocrx_word' id='word_1_480' title='bbox 2187 4180 2310 4245; x_wconf 74' lang='lat' dir='ltr'><strong>(ert.</strong></span> <span class='ocrx_word' id='word_1_481' title='bbox 2330 4172 2462 4233; x_wconf 72' lang='lat' dir='ltr'><strong>But-</strong></span> 
     </span>
    </p>
   </div>
  </div>
 </body>
</html>
