3200 5159
801 493 930 560 292

1371 474 1463 537 Μ.
1502 474 1726 537 FAssn
1764 473 2314 555 QUmTthM

797 620 1032 667 vocem
1061 615 1267 694 atque
1300 612 1601 669 motum:
1637 617 2060 695 quapropter
2089 619 2386 695 utraque
2423 592 2894 699 appellatione

730 729 758 764 ²
800 708 1283 781 indifferenter
1329 711 1428 781 uti
1476 709 1660 783 licet.
1732 712 1962 784 Habet
2010 732 2247 783 autem
2295 740 2397 785 res
2445 714 2593 812 ipsa
2640 714 2894 785 miram

799 826 1178 925 quamdam
1230 827 1303 898 in
1352 828 1782 900 orationibus
1826 828 1969 899 vim
2021 856 2102 901 ac
2149 850 2551 929 potestatem
2579 862 2598 920 ;
2662 856 2892 926 neque

795 961 935 1013 tam
962 956 980 985 ¹
1031 942 1265 1031 refert,
1302 941 1535 1040 qualia
1564 943 1735 1032 sint,
1779 968 1932 1041 quae
1975 942 2152 1015 intra
2190 965 2461 1016 nosmet
2496 945 2679 1045 ipsos
2717 972 2896 1017 com·

793 1055 1196 1155 posuimuS,
1233 1082 1451 1153 quam
1482 1082 1625 1153 quo
1655 1055 1867 1127 modo
1896 1056 2307 1128 efferantur:
2344 1084 2510 1129 narn
2545 1058 2676 1129 ita²
2711 1058 2895 1155 quis·

794 1196 967 1268 que,
1012 1190 1091 1242 ut
1128 1169 1358 1259 audit,
1408 1188 1765 1243 movetur:
1817 1198 2030 1270 quare
2077 1198 2306 1271 neque
2350 1172 2664 1272 probatio
2706 1172 2890 1264 ulla,

793 1310 946 1382 quae
986 1284 1221 1384 aliquo
1258 1281 1518 1357 modo³
1557 1284 1746 1356 venit
1776 1284 1865 1357 ab
1896 1307 2191 1377 oratore,
2233 1308 2376 1360 tam
2408 1288 2607 1361 firma
2638 1309 2780 1379 est,
2816 1309 2893 1360 ut

790 1425 937 1471 non
974 1399 1215 1498 perdat
1258 1399 1435 1470 vires
1474 1424 1672 1491 suas,
1716 1399 1849 1471 nisi
1889 1398 2305 1502 4adjuvatur
2356 1401 2892 1476 ⁵asseveratione

789 1513 1116 1586 dicentis:
1165 1515 1454 1586 affectus
1498 1513 1729 1586 omnis
1772 1513 2218 1614 languescat⁶
2261 1544 2533 1591 neeesse
2573 1539 2707 1609 est,
2755 1519 2889 1591 nisi

784 1654 982 1717 voce,
1029 1628 1256 1717 vultu,
1287 1629 1497 1701 totius
1530 1655 1746 1729 prope
1798 1627 2039 1704 habitu
2089 1639 2430 1734 corporis,
2480 1633 2885 1707 inardescat.

717 1748 751 1801 3
786 1745 969 1817 Nam
1007 1771 1233 1843 quum
1270 1744 1415 1815 haec
1447 1742 1691 1816 omnia
1721 1744 2131 1836 fecerimus,
2162 1746 2440 1820 felices⁷
2478 1769 2749 1833 tamen,
2781 1747 2887 1820 ⁸si

784 1887 871 1939 An
890 1886 1029 1937 forte
1046 1886 1266 1952 rectius,
1291 1898 1352 1937 nt
1375 1885 1444 1937 ad
1463 1903 1691 1958 sequens
1715 1905 1798 1938 re-

784 1966 1005 2037 feratur,
1024 1985 1133 2018 non
1151 1965 1221 2018 ad
1235 1969 1441 2038 partes?
1460 1984 1635 2017 vocem
1656 1969 1798 2017 enim

789 2058 845 2098 et
863 2058 1064 2121 mamm
1085 2058 1229 2099 recte
1243 2058 1433 2099 neutro
1451 2064 1645 2117 genero
1659 2064 1800 2098 eom·

1948 1887 1999 1954 4.
2015 1887 2342 1961 Αιῇιιυαωη
2367 1891 2442 1949 sie
2457 1891 2634 1941 Turio.
2655 1887 2889 1942 Florem.

1877 1966 2058 2019 Ambr.
2096 1987 2157 2036 2,
2189 1967 2359 2020 Guelf.
2400 1986 2524 2020 eum
2548 1967 2689 2021 Alm.
2725 1967 2888 2021 Goth.

1877 2045 2089 2118 Reliqui
2118 2047 2409 2120 adjuveram
2434 2060 2487 2098 et
2508 2046 2691 2113 Canu,
2715 2047 2774 2098 ni
2793 2047 2891 2099 ad-

788 2124 1056 2196 pleetaris.
1081 2125 1247 2177 Modo
1269 2124 1444 2177 Guelf.
1467 2163 1484 2191 ‚
1507 2125 1796 2197 quendam,·
1865 2128 2105 2197 juvetur.

787 2203 950 2257 Goth.
988 2204 1133 2273 (tam
1157 2203 1353 2275 Geso.)
1381 2204 1533 2256 Item.
1572 2202 1677 2255 Sed
1711 2202 1799 2255 hie

790 2295 844 2334 et
866 2284 1046 2335 inserit
1071 2293 1145 2336 est
1168 2285 1307 2335 inter
1343 2300 1536 2334 nomen
1567 2295 1621 2334 et
1648 2301 1699 2332 a.
1728 2312 1801 2322 —

787 2356 971 2414 Nostri
1013 2360 1141 2413 dant
1184 2361 1271 2413 alii
1308 2360 1498 2417 eoedem
1517 2397 1536 2425 ,
1580 2358 1670 2411 alii
1710 2379 1802 2411 ea-

792 2438 929 2490 dem.
958 2441 1052 2491 En.

873 2536 917 2572 ι.
948 2520 1133 2590 Neque
1156 2529 1263 2570 tam
1274 2537 1298 2578 ,-
1333 2521 1409 2570 sie
1435 2519 1612 2570 Turio.
1637 2519 1798 2570 Cute.

794 2597 1004 2669 Reliqui
1040 2600 1277 2651 inserunt
1312 2597 1481 2664 enim,
1523 2597 1615 2649 ubi
1638 2596 1800 2651 Goth.

793 2680 940 2729 Jens.
984 2691 1038 2728 et
1073 2677 1194 2729 edd.
1231 2690 1451 2748 postet-r.
1488 2689 1611 2728 ante
1647 2676 1800 2729 Basil.

795 2757 909 2810 Nec
940 2773 986 2806 e.
1014 2753 1141 2825 (tae.
1166 2757 1327 2808 Gesn.
1367 2771 1420 2808 et
1450 2758 1503 2807 in
1539 2767 1648 2807 tam
1681 2756 1807 2827 err.)

798 2834 932 2888 Vide
955 2836 1044 2901 IV,
1073 2854 1131 2899 2,
1169 2836 1254 2902 84.
1293 2836 1420 2887 Mox
1452 2835 1624 2902 Flora,
1648 2847 1803 2896 sunt,-

800 2913 963 2967 modo
983 2914 1143 2967 Goth.
1168 2913 1294 2983 (tae.
1319 2913 1505 2985 Genu.)
1528 2927 1689 2987 atque
1705 2933 1807 2986 po-

801 3004 1050 3046 testatam
1070 2995 1221 3047 Voss.
1251 3009 1279 3045 2
1310 2992 1452 3064 (non
1472 2993 1671 3065 Goth.)
1703 2995 1806 3047 im-

799 3073 1066 3143 posuimus
1093 3090 1190 3143 pro
1213 3089 1383 3143 comp.
1399 3101 1473 3112 -
1493 3072 1674 3124 Nostri
1707 3071 1808 3124 ha-

804 3150 932 3202 bent
947 3150 1035 3202 alii
1049 3168 1216 3222 neque
1233 3152 1375 3203 enim
1385 3188 1403 3215 ,
1425 3150 1513 3203 alii
1533 3168 1628 3203 nec
1645 3150 1802 3202 enim.

804 3232 904 3282 Pro
932 3241 1039 3281 tam
1062 3231 1206 3282 Avio.
1231 3230 1294 3283 R.
1327 3232 1571 3302 10‚J‘am.
1598 3234 1689 3284 En.

880 3327 930 3361 2.
957 3307 1100 3361 Nam
1127 3310 1217 3362 ita.
1248 3311 1424 3362 Turio.
1459 3309 1597 3360 Flor.
1628 3307 1749 3378 (hie
1777 3328 1805 3361 a

803 3406 885 3458 pr.
913 3387 1095 3457 manu)
1116 3388 1279 3439 Cau».
1303 3386 1420 3457 (sed
1442 3385 1529 3438 hic
1549 3399 1601 3438 et
1618 3387 1809 3459 Itaque

804 3464 919 3535 dat)
948 3467 1197 3517 omittunt
1220 3483 1363 3516 nam.

877 3543 927 3596 3.
967 3545 1095 3614 Quae
1119 3543 1300 3616 aliquo
1327 3544 1512 3606 vn0d05
1542 3546 1617 3597 sie
1643 3542 1804 3596 Goth.

804 3625 951 3676 Jens.
977 3641 1098 3674 cum
1123 3622 1244 3674 edd.
1264 3638 1487 3693 posterr.
1510 3636 1633 3675 ante
1651 3623 1805 3677 Basil.

808 3703 870 3773 Q.
897 3702 1012 3755 ullo
1034 3723 1085 3776 q.
1114 3720 1186 3753 m.
1205 3739 1221 3765 ,
1242 3703 1415 3755 Turio.
1449 3703 1658 3774 Reliqui
1689 3720 1810 3776 quoe

804 3782 977 3834 modo.
1007 3811 1079 3821 —-
1111 3783 1238 3851 Quae
1280 3781 1483 3853 aliquo.
1502 3822 1514 3832 .
1536 3822 1548 3833 .
1590 3795 1805 3835 oratore.

810 3880 835 3903 ιι
853 3859 984 3925 Quae
1008 3877 1117 3910 non
1146 3873 1258 3912 tota
1290 3873 1370 3912 est
1400 3859 1755 3913 inartificialis.
1779 3886 1801 3909 ι

804 3935 937 3988 Vide
972 3940 1046 4003 V,
1092 3953 1147 4002 ι,
1191 3956 1235 3990 ι.
1282 3940 1513 4008 «Quae»
1554 3939 1808 4012 (orator)

813 4040 835 4062 a
860 4016 1147 4086 ...quodam
1166 4019 1336 4070 modo
1368 4021 1624 4090 gigneret.
1645 4044 1667 4069 ιο
1694 4019 1807 4072 Ne-

801 4112 900 4165 que
918 4097 1156 4165 probatio
1180 4111 1355 4151 autom
1377 4097 1514 4152 valet
1538 4116 1606 4152 ne
1621 4099 1806 4170 proba·

802 4175 874 4225 tio
900 4175 1125 4245 quidem.

1951 2203 2000 2256 5.
2030 2205 2164 2258 Nisi.
2185 2244 2197 2256 .
2217 2244 2230 2256 .
2255 2205 2627 2258 asseveratione
2654 2204 2886 2257 dicentis.

1878 2283 2011 2337 Vide
2035 2284 2180 2337 dicta
2207 2284 2275 2347 ad
2299 2288 2354 2352 1,
2381 2286 2446 2352 4,
2472 2301 2556 2338 2ο.

1950 2363 2003 2414 6.
2032 2363 2223 2415 Omnis
2248 2363 2561 2436 languescat.
2577 2402 2590 2414 .
2608 2403 2619 2415 .
2663 2363 2892 2417 inardes-

1879 2450 1992 2501 σαῖς
2022 2442 2098 2492 sic
2122 2444 2396 2494 Tur-icens.
2418 2441 2559 2494 Flor.
2579 2442 2743 2494 Curr-
2769 2460 2891 2495 cum

1881 2518 2021 2571 Alm.
2052 2539 2374 2592 quamquam
2412 2539 2474 2572 ex
2508 2518 2616 2573 hoc
2655 2520 2892 2594 [unques-

1881 2608 2006 2649 σακε
2029 2616 2126 2650 nec
2152 2598 2321 2652 inat-d.
2347 2613 2689 2651 memoratur.
2708 2597 2893 2664 Goth„

1884 2695 2062 2729 omnes
2094 2675 2439 2751 languescunt
2472 2676 2606 2749 (hoc
2630 2690 2734 2731 tae.
2759 2678 2892 2731 Ges-

1883 2754 2096 2826 nero)...
2127 2758 2489 2822 inardescunt,
2517 2759 2811 2809 cumVoss.
2842 2776 2889 2809 2.

1885 2834 1986 2886 Sed
2008 2833 2190 2887 Ambr.
2219 2853 2247 2886 2
2261 2874 2278 2901 .,
2302 2853 2480 2888 omnes
2496 2834 2893 2908 lan-quaeant...

1887 2913 2247 2982 inardescunt,
2277 2931 2398 2967 cun
2425 2915 2569 2966 Jens.
2600 2927 2653 2965 et
2671 2914 2808 2965 anl.
2835 2928 2895 2967 ut

1888 2995 2044 3064 capio
2071 2993 2308 3046 Badium.
2338 2991 2548 3065 Reliqui
2570 3012 2748 3046 omnes
2771 2993 2895 3045 lan-

1882 3084 2184 3145 guescant...
2208 3070 2548 3126 inat-detentat.
2572 3073 2738 3124 Qut.
2759 3085 2897 3126 totus

1887 3169 1987 3222 pro
2005 3152 2250 3204 totius.—
2259 3152 2438 3203 Nostri
2451 3149 2642 3217 codd„
2660 3151 2898 3227 lanques-

1887 3241 2053 3282 σακε..
2071 3269 2084 3282 .
2111 3230 2468 3297 inardescunt,
2509 3245 2711 3303 except.
2737 3234 2800 3284 R.
2827 3249 2893 3303 9,

1890 3311 1981 3380 qui
2003 3308 2401 3381 lanqueseunt...
2427 3309 2773 3363 inardescunt.
2798 3312 2892 3363 En.

1960 3405 2008 3457 7.
2046 3388 2235 3441 Felices
2270 3398 2474 3456 tamen,
2510 3390 2568 3441 si.
2607 3387 2769 3457 Quod
2804 3388 2894 3441 hic

1888 3471 2150 3520 omittitur
2163 3467 2379 3520 verbum
2395 3467 2779 3521 substantivum
2789 3506 2808 3535 ,
2823 3469 2897 3520 fa-

1888 3547 1990 3601 cile
2013 3550 2272 3601 succurrit
2291 3567 2353 3600 ex
2372 3547 2731 3600 antecedentis
2746 3548 2896 3601 verbi

1888 3628 2054 3697 prima
2081 3644 2333 3699 personam
2357 3624 2525 3698 qualis
2547 3630 2602 3678 in
2626 3626 2892 3681 felicitatis

1887 3704 2257 3776 praedicatione
2285 3704 2532 3775 frequens
2556 3719 2637 3757 est
2664 3704 2893 3777 ellipsis,

1888 3786 2092 3837 etiamsi
2117 3783 2276 3855 hujus
2304 3783 2516 3856 quidem
2543 3786 2709 3857 ipsine
2738 3784 2894 3839 locu-

1889 3864 2044 3915 tionis
2073 3864 2370 3935 exemplum
2398 3861 2757 3917 demonstrare
2780 3883 2892 3917 non

1886 3945 2162 4013 contingit.
2178 3945 2256 3996 De
2279 3944 2399 4018 ique
2414 3942 2507 3996 illo
2521 3943 2692 4016 judici
2711 3944 2894 3997 admo·

1886 4022 2058 4074 vendo
2092 4036 2235 4074 reete
2258 4020 2630 4076 Almelovenus
2666 4022 2892 4077 demon-

1888 4112 2019 4152 strat
2042 4102 2152 4153 Cic.
2179 4099 2246 4153 de
2264 4104 2355 4156 Or.
2383 4103 2426 4152 11
2442 4139 2458 4165 ‚
2486 4101 2554 4168 45
2579 4116 2711 4154 extr.

1959 4180 2010 4233 ὃ.
2050 4180 2280 4248 Tamen,
2319 4182 2393 4242 εἰς
2425 4183 2501 4234 sie
2533 4183 2708 4233 Turio.
2747 4181 2892 4234 Flor.
