3200 5159
615 530 1265 598 INSTITUTIONIS
1302 529 1558 595 ORAT.
1600 531 1761 595 LIB.
1802 530 1960 609 ΧΠ,
2011 555 2108 595 ιι.
2285 532 2411 619 589

312 656 549 731 scendi
586 676 739 727 aetas
767 654 1058 741 felicior,
1089 681 1305 754 quam
1341 674 1608 741 nostra,
1641 654 1752 725 cui
1788 654 2117 727 docendae
2150 657 2412 755 priores

311 771 901 845 elaboraverunt¹.
930 771 1035 841 M.
1069 770 1465 841 Censorius²
1499 768 1700 855 Cato,
1732 766 1920 841 idem
1942 790 2189 860 orator,
2215 770 2404 842 idem
2446 774 2512 827 23

310 887 607 961 historiae
637 886 981 975 conditor,
1022 884 1211 957 idem
1247 883 1458 983 juris,
1499 883 1692 957 idem
1730 910 1960 957 rerum
2000 886 2408 959 rusticarum

311 1002 802 1102 peritissimus,
832 999 1011 1071 inter
1040 1017 1138 1070 tot
1171 1024 1416 1096 operas
1451 997 1747 1090 militiae,
1771 1019 1994 1072 tantas
2027 1000 2221 1073 domi
2257 1028 2413 1074 con-

314 1117 726 1206 tentiones3,
756 1117 916 1189 rudi
942 1115 1217 1204 seculo,
1243 1114 1547 1187 litteras4
1578 1115 1870 1214 graecas⁵
1897 1138 2094 1190 aetate
2114 1117 2271 1218 jam
2293 1118 2413 1191 de-

315 1233 569 1305 clinata
632 1232 914 1322 didicit,
975 1251 1055 1302 ut
1114 1251 1289 1302 esset
1340 1228 1753 1304 hominibus
1810 1232 2282 1323 documento,
2337 1259 2414 1304 ea

315 1375 596 1447 quoque
635 1346 896 1446 percipi
933 1371 1163 1445 posse,
1212 1371 1365 1443 quae
1393 1371 1591 1418 senes
1620 1345 2121 1446 concupissent.
2173 1349 2413 1439 Quam
2452 1354 2518 1421 24

317 1468 583 1556 multa,
626 1463 896 1538 immo⁶
927 1490 1125 1563 paene
1166 1462 1411 1536 omnia
1452 1462 1737 1535 tradidit
1771 1463 2035 1538 Varro?
2061 1465 2274 1556 Quod
2314 1465 2421 1535 in-

316 1602 786 1654 strumentum
818 1579 1123 1653 dicendi
1166 1580 1270 1655 M.
1317 1578 1559 1652 Tullio
1611 1578 1880 1651 defuit?
1928 1579 2125 1670 Quid
2170 1579 2419 1680 plura?

318 1723 542 1794 quum
580 1697 830 1768 etiarn7
874 1693 1229 1768 Cornelius
1252 1693 1474 1768 Celsus
1489 1693 1542 1783 ⁸,
1585 1694 1917 1767 mediocri
1943 1695 2051 1767 vir
2080 1693 2365 1794 ingenio
2394 1753 2413 1784 ‚

317 1838 463 1883 non
508 1811 738 1884 solum
773 1810 857 1883 de
903 1810 1011 1882 his
1066 1809 1395 1881 omnibus
1432 1809 1909 1908 conscripserit
1951 1810 2254 1900 artibus,
2297 1809 2416 1882 sed

320 1926 624 2026 amplius
676 1926 773 1998 rei
823 1923 1174 2014 militaris,
1221 1945 1290 1996 et
1340 1924 1606 1996 rusticae
1654 1924 1896 2014 etiam,
1932 1945 1999 1996 et
2049 1924 2415 1996 medicinae

318 2108 473 2159 Voss.
498 2124 557 2171 τι,
576 2105 736 2158 Goth.
760 2118 813 2158 et
836 2104 958 2157 edd.
980 2118 1102 2156 aute
1121 2102 1323 2176 Gryph.
1411 2127 1434 2150 α
1454 2102 1706 2155 Academ.
1735 2105 1814 2168 11,
1845 2120 1873 2154 2
1901 2102 1980 2174 (§.
2010 2103 2074 2175 5)
2112 2116 2166 2156 et
2196 2105 2410 2156 Hieron.

320 2186 589 2236 —Nostri
606 2182 773 2235 Codd'.
788 2220 805 2249 ‚
817 2182 993 2254 forte,
1014 2199 1124 2233 exc.
1146 2180 1325 2245 Poul.‚
1413 2205 1435 2228 e·
1456 2184 1621 2254 Epist.
1641 2182 1822 2235 select.
1845 2183 1917 2247 11,
1941 2201 1958 2234 ι
1972 2199 2022 2234 2.
2040 2206 2061 2230 n
2081 2181 2339 2235 Almelov.

323 2263 415 2334 qui
437 2272 583 2315 sorte.
610 2263 703 2314 En.
720 2288 790 2300 -
804 2262 952 2313 Sorte
973 2254 1234 2311 nascendi.
1268 2256 1329 2310 ld
1481 2263 1530 2314 5.
1558 2264 1777 2314 Groecas.
1797 2263 2060 2316 omittunt
2074 2262 2249 2313 Turio.
2271 2261 2411 2314 Flor.

323 2355 434 2409 est,
469 2361 579 2394 non
616 2342 762 2393 omni
798 2354 972 2407 sorte,
1010 2337 1105 2392 sed
1132 2357 1195 2390 ea
1224 2356 1329 2409 qua
1409 2360 1533 2394 cum
1555 2342 1694 2394 Alm.
1724 2344 1796 2394 Ue
1814 2361 1940 2409 esse,
1965 2342 2104 2395 Flor.
2138 2344 2412 2408 Omnibus,

323 2424 606 2475 nascimur.
1410 2422 1572 2473 Ciu».
1600 2422 1855 2494 Pru-cipi,
1877 2423 2021 2476 Jens.
2050 2435 2102 2474 et
2123 2435 2264 2494 post.
2296 2437 2418 2476 ante

403 2520 445 2555 1.
470 2500 899 2554 Elabar-averunt.
922 2498 1132 2566 Guelf.‚
1159 2497 1333 2551 elabo-
1411 2499 1531 2554 Ald.
1559 2500 1810 2567 Possunt,
1837 2503 2014 2552 Tui-ic.
2041 2500 2182 2552 Flor.

326 2593 527 2635 rarum.
1479 2580 1531 2633 6.
1547 2581 1628 2631 Im
1637 2597 1739 2630 mo.
1757 2581 2021 2633 Omittunt
2039 2581 2223 2651 scripti
2241 2593 2294 2633 et
2313 2583 2416 2633 mei

400 2678 449 2713 2.
484 2663 564 2713 M.
590 2662 856 2714 Censorius
883 2662 1026 2712 Cato.
1051 2659 1329 2710 Turicens.
1412 2673 1463 2712 et
1497 2660 1781 2711 Burmann.
1808 2676 2026 2724 omnes,
2066 2672 2118 2710 et
2150 2657 2269 2711 edd.
2297 2674 2418 2713 ante

325 2739 486 2804 Pion,
504 2758 675 2792 mense
692 2741 853 2813 iqitur
867 2742 1010 2793 cato.
1030 2740 1331 2790 Praenomen
1409 2737 1613 2811 Gryph.
1628 2739 1816 2790 Cerere
1835 2751 2010 2789 tamen
2025 2756 2156 2790 voce
2173 2757 2280 2791 non
2296 2756 2419 2810 pos·

325 2820 584 2889 integrum
615 2821 869 2890 scriptum
905 2819 961 2869 in
993 2817 1112 2869 edd.
1148 2816 1271 2869 inde
1300 2834 1331 2867 a
1412 2837 1547 2871 sum.
1568 2819 1711 2870 Bene
1728 2818 1935 2881 omnia,
1956 2816 2095 2868 Flor.
2122 2818 2179 2872 V
2172 2836 2289 2869 arra
2300 2858 2318 2885 ,
2342 2818 2414 2870 id.

324 2896 492 2950 Stoer.
529 2898 839 2961 Orator-um,
873 2897 1037 2948 Cim.
1074 2895 1331 2948 Pon-itini·
1412 2897 1799 2962 Instrumenta,
1837 2896 2013 2946 Turio.
2057 2895 2198 2947 Flor.
2241 2896 2415 2949 Guelf.

326 2976 562 3046 musfuit
572 3014 590 3041 ‚
606 2976 724 3027 libri
738 2979 842 3028 mei
857 2994 1041 3027 omnes
1058 2989 1109 3027 et
1123 2976 1333 3045 scripti,
1412 2975 1574 3028 Goth.
1605 2975 1900 3027 Didicimus
1933 2973 2089 3026 tullio
2101 3014 2120 3041 ,
2142 2975 2416 3030 Turicens.

328 3070 381 3110 et
400 3054 520 3107 edd.
538 3068 659 3107 ante
674 3056 842 3107 Stoer.
861 3073 970 3105 acc.
991 3053 1138 3106 Gibs.
1158 3055 1330 3104 Burm.
1413 3053 1554 3106 Flor.
1590 3052 1766 3105 Guelf.
1801 3052 1962 3104 Goth.
1994 3052 2137 3123 (non
2171 3069 2420 3107 monente

326 3135 594 3186 Revocare
644 3131 863 3184 verbum
916 3151 1025 3183 non
1077 3132 1331 3183 sustineo.
1414 3131 1651 3182 Gesnero
1684 3129 1751 3181 de
1780 3132 1975 3182 omisso
2010 3129 2125 3200 M.).
2165 3133 2221 3182 ln
2255 3133 2417 3187 Ciur.

329 3206 430 3266 Sea
454 3211 573 3264 vide
598 3230 665 3262 an
688 3210 1001 3280 fueritnolim
1023 3209 1141 3281 fuit
1175 3210 1336 3260 inter·-
1416 3211 1547 3261 mira
1576 3212 1831 3280 scriptura
1861 3208 2006 3262 haec:
2040 3211 2182 3281 quod
2204 3229 2309 3283 quo
2336 3213 2420 3263 ἰη-

331 3310 446 3364 que.
464 3293 588 3342 Mox
603 3290 792 3360 operis,
808 3290 985 3340 Turio.
1002 3287 1141 3339 Flor.
1158 3286 1331 3341 Guell‘.
1413 3301 1636 3343 strumen
1645 3299 1696 3341 to
1711 3290 1765 3341 in
1783 3287 1961 3342 Tullio
1974 3289 2160 3360 defuit.
2174 3292 2424 3364 Moxqm's

334 3369 535 3441 Opera,
559 3367 718 3419 Goth.
741 3368 864 3438 (tac.
886 3367 1070 3437 Gesn.)
1091 3367 1337 3419 Cainn—
1415 3369 1585 3422 multa
1600 3408 1617 3433 ,
1643 3368 1818 3422 Guelf.
1851 3369 2003 3438 Quod
2022 3387 2121 3434 m.,
2148 3370 2312 3422 Cntr.

333 3450 514 3501 Nostri
545 3447 768 3501 Codices
792 3447 913 3519 ficit
945 3459 1068 3519 post
1086 3446 1336 3521 peritissi-
1488 3467 1537 3519 7.
1582 3449 1759 3519 Quum
1796 3449 1972 3500 etiam.
2015 3449 2182 3519 Quam
2225 3450 2380 3501 etiam
2399 3491 2417 3518 ,

335 3546 465 3579 mus.
488 3527 579 3579 En.
1416 3528 1590 3581 Guelf.
1614 3528 1693 3579 De
1711 3527 1798 3593 t't‘s,
1817 3528 1961 3579 Jens.
1987 3541 2036 3579 et
2056 3541 2277 3601 posterr.
2301 3544 2424 3583 ante

407 3606 457 3658 3.
486 3606 863 3658 Contentiones.
888 3605 1121 3656 Florent.
1143 3604 1334 3669 Cute„
1418 3606 1570 3660 Basil-
1587 3605 2068 3677 circumscripserit,
2084 3609 2249 3660 Cane.
2265 3609 2419 3683 Regi,

333 3686 702 3741 conventionis.
723 3714 781 3724 -
807 3684 1184 3738 Contentiones.
1208 3683 1338 3735 “Ac-
1416 3688 1595 3738 Turic-
1613 3683 1842 3738 Militari
1858 3686 1970 3752 sed,
1986 3688 2257 3740 Turicens.
2279 3688 2420 3741 Flor.

338 3764 825 3819 ‘cusator-assiduus
838 3763 1097 3818 malorum
1114 3763 1335 3816 Galbam
1416 3763 1518 3817 Sed
1554 3775 1634 3815 est
1667 3764 1824 3815 etiam
1855 3766 1910 3815 in
1937 3763 2113 3817 Guelf.
2141 3766 2343 3819 Rustico
2374 3777 2426 3818 et

342 3870 365 3892 ι
381 3848 733 3920 octoqenarius
756 3844 1013 3897 accusavit
1029 3867 1045 3896 .·
1072 3846 1178 3915 ipse
1204 3861 1338 3915 qua·
1412 3841 2030 3913 proecepta‚Turic.Flor-.
2045 3842 2250 3895 Rustic-e
2264 3845 2420 3897 etiam

342 3948 366 3971 ιι
381 3925 580 3999 draqies
604 3938 790 3998 quater
809 3922 1340 3998 accusatus,·9loriose
1413 3938 1470 3991 p.
1484 3959 1502 3987 ,
1525 3919 1703 3971 Guelf.
1736 3938 1858 3973 cum
1890 3920 2075 3974 Almel.
2109 3924 2310 3975 Bastiae
2331 3943 2386 3995 p.
2401 3963 2419 3990 ,

346 4003 657 4057 absolutus.
678 4005 806 4055 Aur.
834 4005 971 4056 Vict.
998 4003 1105 4054 Vir.
1131 4000 1202 4054 ill.
1235 4002 1337 4073 473
1418 3998 1585 4051 Cute.
1598 4000 1799 4051 Dixeris
1814 4000 2085 4053 medicine
2099 4004 2421 4055 mentionem
2490 4046 2502 4055 .

344 4104 369 4127 ιι
387 4082 569 4134 eadem
605 4082 738 4134 Plut.
769 4086 823 4134 in
846 4083 951 4134 vita
968 4121 984 4148 ‚
1025 4096 1075 4135 et
1110 4080 1339 4146 Plinius,
1421 4099 1451 4132 a
1474 4080 1752 4132 recentiori
1786 4080 2001 4132 homine
2023 4080 2293 4135 intrusam.
2319 4083 2422 4137 sed

346 4159 475 4212 nub.
492 4162 613 4226 Vll,
639 4180 757 4232 cap.
786 4180 869 4233 27.
889 4185 911 4209 n
939 4164 1223 4216 Gesnerus.
1418 4159 1576 4231 plene
1588 4160 1763 4211 omnia
1774 4156 2419 4229 legunturinGotlncerte.

413 4239 467 4306 4.
498 4239 715 4294 Litteras
739 4258 945 4314 qmcas.
977 4240 1150 4296 «vide
1171 4238 1340 4294 Cicer.
1494 4237 1545 4290 8.
1570 4237 1755 4293 Celsus.
1773 4237 1907 4292 Vide
1931 4239 2007 4305 X,
2038 4255 2085 4306 1,
2115 4238 2229 4306 124.
