3200 5159
674 501 1338 571 INSTITU'PIONIS·
1363 502 1623 570 ORAT.
1640 562 1644 566 .
1663 502 1851 570 LIP..
1867 502 2023 581 XII,
2074 524 2094 564 ι
2108 524 2170 566 ο.
2191 563 2194 566 ,

302 683 311 692 ,
370 638 553 715 tur¹,
600 625 675 697 in
711 627 920 699 ebore
963 652 1125 699 vero
1168 625 1375 723 longe
1419 624 1586 697 citra
1628 622 2003 713 aemulum,
2046 622 2153 695 vel
2198 621 2253 693 si
2296 619 2503 713 nihil¹

2347 497 2472 585 5¹7

369 736 505 808 nisi
550 738 1315 830 Minervmn·Athenis‚
1363 760 1484 811 aut
1535 736 1954 838 Olympium
1989 738 2061 809 in
2110 735 2310 808 Elide
2348 737 2479 808 Jo-

370 877 522 922 vem
545 909 567 940 ‚
627 853 939 943 fecissem
997 852 1195 954 cujus
1225 867 1251 897 ²
1316 852 1767 952 pulchritudo
1819 850 2147 953 adjecisse
2208 848 2479 948 aliquid

369 964 582 1037 etiam
626 988 912 1065 receptae
950 966 1623 1066 religionividetur3
1672 966 1846 1038 adeo
1891 966 2208 1067 majestas
2253 963 2479 1063 operis

371 1079 587 1153 deum
614 1082 933 1182 aequavit!
973 1083 1079 1155 Ad
1108 1084 1470 1157 veritatem
1501 1086 1878 1185 Lysippum
1906 1109 1988 1156 ac
2009 1081 2041 1127 *³
2059 1079 2479 1154 Praxitelem

368 1198 721 1272 accessisse
738 1242 744 1249 ·
761 1201 1027 1300 optime
1054 1200 1455 1273 affirmant:
1478 1228 1662 1273 nam
1695 1204 2080 1274 Demetrius
2110 1221 2477 1298 tamquam

369 1311 632 1385 nimius
666 1314 736 1386 in
779 1342 859 1387 ea
894 1314 1457 1414 reprehenditur,
1491 1336 1559 1387 et
1587 1314 1722 1387 fuit
1752 1302 2230 1386 similitudinis
2258 1338 2473 1411 quam

367 1427 908 1526 pulchritudinis
950 1430 1318 1503 amantior.
1358 1432 1442 1502 In
1478 1426 1838 1502 oratione4
1870 1456 2034 1501 vero
2072 1428 2128 1499 si
2173 1424 2477 1524 ⁵·species

369 1540 641 1615 intueri
659 1543 857 1634 velie,
896 1544 1185 1619 totidem
1219 1541 1466 1644 paene⁶
1499 1543 1798 1642 reperias
1829 1542 2274 1642 ingeniorum
2306 1560 2478 1639 quot

370 1680 741 1756 corporum
774 1659 1032 1731 formas
1068 1658 1254 1732 :sed
1295 1662 1490 1732 fuere
1522 1657 1850 1758 quaedam
1899 1683 2156 1756 genera
2197 1654 2473 1728 dicendi

368 1772 766 1850 conditione
794 1796 1193 1875 temporum
1218 1774 1642 1866 horridiora,
1671 1773 1934 1872 alioqui
1958 1787 2294 1872 ‘magnam
2319 1771 2472 1874 jam

376 2021 399 2045 ι
420 2011 478 2050 ut
496 2018 620 2052 cum
640 1999 873 2073 Apuleio
888 2001 1097 2074 loquar,
1121 2002 1201 2055 vel
1222 2000 1379 2077 effin-

378 2097 402 2126 ι
416 2079 617 2152 qendisz
642 2082 884 2136 Mam-ob.
910 2083 977 2149 V,
1014 2084 1121 2137 Sat.
1151 2101 1209 2154 ¹7
1234 2106 1246 2134 ι
1283 2082 1380 2134 hac

377 2181 401 2205 ε
422 2162 641 2213 materia
665 2162 749 2214 vel
766 2165 997 2216 maxime
1015 2164 1071 2216 in
1090 2160 1381 2235 efficiendfle

376 2237 707 2293 «simulacris
734 2251 970 2293 utuntur.
1005 2241 1139 2293 Cod.
1170 2239 1375 2292 Theod.

377 2340 400 2364 ι
422 2318 522 2388 leg.
543 2316 640 2370 ult.
665 2317 732 2371 de
757 2319 939 2371 artific.
962 2317 1283 2393 Efficiendos
1304 2339 1380 2372 su·

377 2417 401 2443 σι
420 2414 528 2449 cros
551 2394 741 2448 vultus.
758 2420 781 2444 a·
811 2394 1156 2450 Colomesius.
1169 2395 1304 2447 Vide
1316 2400 1379 2461 V,

378 2491 468 2542 12,
496 2492 591 2538 αις
627 2476 753 2526 item
785 2473 1058 2527 Duker-um
1091 2474 1236 2546 apud
1264 2476 1380 2528 On·-

372 2553 533 2607 dend.
574 2552 640 2606 ad
673 2554 888 2606 Sueton.
924 2556 1122 2607 Domit.
1156 2570 1249 2624 19,
1288 2553 1380 2625 qui

372 2643 547 2685 tamen
568 2631 797 2684 malebat
809 2671 827 2699 ‚
844 2631 1109 2699 hocloco,
1128 2629 1382 2704 effinqen·

371 2712 462 2765 dis.
476 2742 543 2752 —
555 2712 736 2764 Nostri
756 2712 947 2778 codd„
961 2710 1264 2785 efficiendis.
1280 2711 1374 2764 Eo.

450 2808 491 2843 t.
523 2790 782 2854 Creditum
820 2793 895 2844 sic
923 2793 1195 2844 Turicens.
1234 2790 1375 2843 Flor.

369 2871 531 2924 Cam».
547 2870 722 2923 Gnelf.
737 2870 898 2922 Goth.
913 2867 1039 2941 (tac.
1052 2868 1236 2938 Gesn.)
1251 2871 1375 2923 Exc.

371 2952 582 3005 Samen.
606 2969 729 3002 cum
748 2948 938 3001 Almel.
964 2952 1115 3003 Ber-n.
1134 2951 1288 3001 Voss.
1319 2966 1375 3013 2,

369 3029 524 3083 Colb.
543 3028 660 3081 Ald.
682 3029 941 3094 Traditur,
965 3027 1172 3099 reliqui.
1203 3031 1261 3079 In
1291 3046 1376 3079 so-

371 3107 532 3161 lemni
555 3107 946 3180 permutatione
966 3105 1105 3176 (vide
1125 3106 1192 3172 X,
1215 3123 1266 3169 a,
1289 3104 1377 3176 20)

369 3185 501 3240 illud
534 3185 739 3259 praetuli
767 3203 876 3237 non
910 3184 1083 3236 sol'um
1116 3182 1188 3234 ob
1210 3182 1378 3235 libro-

367 3284 485 3318 rum
505 3265 900 3329 auctoritatem,
922 3261 1016 3314 sed
1038 3263 1290 3333 quoniam
1308 3262 1377 3314 de

369 3343 564 3397 Phidiae
590 3357 700 3397 arte
725 3357 777 3396 et
798 3344 1097 3414 praestantia
1128 3360 1236 3393 non
1266 3354 1377 3394 tra-

370 3421 503 3474 ditio
528 3420 765 3494 quedam
782 3458 798 3486 ,
822 3418 916 3472 sed
932 3418 1194 3490 judicium
1215 3422 1374 3472 etiam

360 3513 484 3554 'tum
498 3512 613 3553 erat
630 3514 683 3552 et
699 3501 992 3571 persuasio.
1003 3500 1263 3551 —Nostri
1278 3499 1378 3551 Co·

371 3579 517 3633 dices
540 3579 783 3632 creditur.
808 3581 902 3631 En.

444 3678 492 3712 a.
541 3660 697 3731 Cujus
732 3656 1075 3730 pulchritudo
1118 3657 1373 3731 adjecisse.

356 3740 633 3794 'Omittunt
652 3740 828 3792 Turie.
858 3738 999 3790 Flor.
1031 3756 1154 3790 cum
1183 3738 1372 3791 Almel.

362 3819 523 3885 ¹Ideo,
547 3816 724 3872 Guelf.

440 3897 491 3950 3.
518 3897 597 3950 Ac
620 3895 970 3959 Praxitelem5
998 3896 1074 3949 aie
1096 3897 1371 3948 Tur-icens.

364 3977 508 4030 Flor.
526 3975 703 4030 Guelf.
719 3971 882 4028 Caini».
901 3990 954 4029 et
973 3977 1048 4029 sic
1068 3977 1121 4028 in
1141 3977 1375 4046 superio·

365 4056 514 4109 ribus
544 4056 669 4108 bina
697 4075 905 4128 semper
927 4057 1141 4108 nomina
1171 4074 1267 4126 per
1287 4067 1373 4109 at-

369 4154 487 4208 que.
524 4134 732 4207 Reliqui
766 4146 818 4187 et
848 4136 912 4187 P.
944 4149 1087 4188 certe
1121 4132 1284 4187 Goth.
1322 4148 1376 4188 et
1404 4142 1409 4147 ’

369 4213 491 4268 edd.
525 4232 651 4269 nam
681 4213 891 4269 silentio
924 4214 991 4269 de
1023 4214 1194 4270 codd.
1228 4213 1376 4269 nulla

1459 2004 1516 2055 in
1539 2002 1735 2055 talibus
1754 2001 1900 2055 fides.
1917 2000 2101 2052 Minus
2115 1999 2172 2050 in
2186 2017 2275 2064 ea,
2295 1996 2471 2049 Guelf.

1459 2082 1583 2132 Exc.
1612 2081 1823 2134 Samen.
1859 2080 1927 2130 In
1956 2097 2016 2129 ea
2050 2076 2276 2141 nimius,
2305 2076 2471 2127 an.

1459 2159 1532 2211 N.
1558 2161 1612 2210 in
1633 2177 1727 2227 eo,
1750 2157 1881 2210 Obr.
1908 2156 2031 2226 (err.
2057 2155 2277 2225 Burm.).

1530 2236 1582 2302 4.
1624 2238 1688 2287 Iu
1728 2235 1983 2288 oratione.
2021 2236 2120 2286 Hie
2158 2234 2347 2284 iterum
2387 2250 2475 2282 or·

1457 2314 1678 2367 (liuntur
1713 2317 1828 2368 Put.
1867 2316 2040 2375 Fran-3
2084 2311 2173 2364 hic
2216 2314 2375 2364 etiam
2416 2329 2472 2364 se

1460 2396 1694 2447 offerunt
1708 2394 1815 2447 RB.
1843 2393 1925 2460 ιή,
1948 2392 2026 2446 15.
2043 2390 2144 2444 Sed
2166 2390 2222 2444 hi
2243 2401 2475 2461 quatuor

1459 2475 1630 2528 Codd.
1659 2473 1706 2546 §2
1741 2475 2052 2528 16-0mnin0
2082 2471 2351 2523 deficiunt.
2377 2473 2469 2522 En.

1532 2553 1583 2607 5.
1597 2555 1812 2625 Species.
1825 2555 1915 2605 11ae
1926 2550 2199 2627 yeneribus
2211 2547 2298 2602 hic
2314 2550 2473 2602 etiam

1461 2646 1832 2705 opponuntur.
1848 2629 1982 2683 Vide
2007 2632 2087 2698 58.
2121 2646 2167 2694 ις
2193 2647 2241 2681 2*-

1531 2713 1582 2765 6.
1629 2713 1803 2765 Pcene.
1820 2752 1832 2763 .
1849 2751 1862 2764 .
1912 2710 2261 2785 inqeniorum.
2313 2708 2471 2759 Penoe

1456 2789 1724 2862 (Florem.
1746 2790 1944 2864 poenae)
1972 2785 2051 2841 al.
2088 2788 2312 2860 recipias
2332 2788 2468 2861 inq„

1456 2872 1636 2924 Turic.
1657 2871 1887 2924 Florent.
1912 2871 1977 2922 P.
2002 2869 2216 2939 recipias
2240 2870 2273 2920 i.
2289 2906 2305 2932 ,
2331 2867 2470 2920 Alm.

1458 2951 1523 3002 Ρ.
1547 2951 1761 3020 reperies
1785 2950 1842 3016 i.‚
1861 2951 2005 3000 Jens.
2032 2946 2263 3017 (tacente
2283 2944 2469 3015 Gesn.)

1457 3048 1578 3080 cum
1591 3031 1747 3082 Voss.
1767 3029 1816 3082 3.
1840 3027 1994 3097 Quod
2004 3044 2219 3096 corpora
2223 3025 2301 3097 ft,
2325 3023 2468 3077 Plor.

1456 3110 1720 3174 Fuerunt,
1748 3110 1911 3162 Cam».
1946 3109 2089 3159 Jens.
2131 3109 2256 3170 (tae.
2283 3096 2472 3236 69313

1458 3200 1511 3240 et
1544 3187 1667 3240 edd.
1697 3201 1820 3239 ante
1841 3184 2041 3259 Gryph.
2072 3186 2379 3239 conditione

1457 3284 1731 3339 corporum
1758 3265 1893 3318 Hor-r.
1909 3306 1925 3332 ,
1944 3268 2121 3318 Turio.
2147 3264 2380 3317 Florent.
2412 3267 2466 3316 C.

1456 3363 1733 3417 corporum
1764 3344 1847 3411 h„
1881 3343 2139 3397 Almelov.
2170 3343 2467 3408 Horu-idicr,

1454 3426 1634 3477 Turio.
1655 3423 1908 3497 Alioquin
1924 3462 1940 3489 ,
1964 3426 2111 3476 lens,
2135 3424 2259 3494 (tac.
2285 3422 2471 3494 Gesn.)

1457 3516 1509 3556 et
1529 3501 1649 3555 edd.
1668 3501 1871 3571 aliquot
1888 3516 2117 3574 posterr.
2137 3503 2339 3573 Mayna
2359 3499 2470 3553 alia

1456 3583 1657 3656 ingenii
1669 3600 1807 3656 proe,
1823 3585 2001 3636 Turic.
2025 3581 2165 3635 flor.
2185 3600 2306 3634 cum
2326 3581 2464 3633 ΑΙιιι.

1456 3667 1649 3716 omissa
1659 3682 1792 3716 voce
1809 3664 1914 3715 vim
1927 3687 1946 3726 ;
1961 3677 2019 3715 ut
2034 3683 2182 3735 paene
2196 3665 2468 3734 suspicere

1455 3742 1728 3816 maqvialia
1767 3741 2080 3796 Tertulliani
2115 3746 2229 3813 jam
2266 3741 2463 3794 Nostro

1456 3836 1725 3893 usurpata.
1745 3822 1866 3875 Vim
1885 3822 2104 3894 inqenii,
2121 3822 2283 3873 Qui».
2298 3820 2460 3873 Goth.

1453 3904 1598 3955 Jens.
1624 3902 1855 3974 (tacente
1869 3900 2073 3972 Gesn.).
2092 3900 2432 3973 Proeferentia
2448 3935 2469 3966 ,

1453 3984 1610 4034 Voss.
1644 3999 1691 4044 ι,
1711 3981 1760 4033 3.
1777 4010 1847 4020 -
1861 3981 2043 4032 Nostri
2065 3978 2191 4030 dant
2213 3978 2300 4030 alii
2322 3996 2465 4051 repe-

2518 1453 2583 1492 to

1454 4059 1578 4126 rias,
1601 4058 1690 4110 alii
1719 4057 1966 4132 repes-ies,-
1991 4056 2136 4109 solus
2159 4057 2221 4107 R.
2261 4056 2352 4121 13,
2389 4057 2468 4109 in·
2511 4113 2518 4118 ἱ

1454 4137 1640 4191 venies.
1667 4137 1832 4190 Iidem
1851 4154 1962 4209 proe
1991 4154 2044 4188 se
2058 4135 2318 4206 ferentia,
2347 4152 2460 4189 exc.

1457 4216 1610 4270 Poul.
1625 4254 1643 4284 ‚
1667 4218 1761 4289 qui
1779 4214 2116 4288 pnoeferentia
2151 4215 2243 4276 Ep.
