3200 5159
804 451 930 516 500
1367 448 1462 510 M.
1502 446 1731 510 FABu
1767 445 2330 527 QmN‘rthM
2407 449 2417 461 ’

802 569 961 640 nius
1042 569 1385 669 praecipit,
1438 593 1578 665 quo
1652 566 1843 666 plus·

1901 565 2293 640 dicentibus
2352 567 2516 641 fidei
2540 625 2559 660 ,
2619 570 2898 643 miuus-

803 711 941 781 que
992 705 1327 786 ¹suspectae
1389 684 1880 756 advocatorum
1946 683 2213 755 insidiae
2277 686 2564 758 forent:
2637 687 2756 760 sed
2783 688 2904 762 illa

803 800 1263 891 dissimulari,
1315 825 1469 896 quae
1540 819 1696 869 tum
1764 817 1944 888 erat,
2000 800 2256 898 potuit;
2329 801 2652 872 nondum
2705 803 2896 873 enim

798 940 1078 992 tantum
1115 915 1393 989 dicendi
1443 915 1690 986 lumen
1737 929 2179 1004 accesserat²‚
2216 936 2293 986 ut
2337 916 2546 988 etiam
2597 944 2718 1016 per
2762 918 2896 990 ob-

799 1036 1049 1108 stantia
1092 1053 1534 1132 erumperet:
1589 1057 1806 1129 quare
1852 1050 2029 1103 artes
2075 1030 2365 1128 quidem
2395 1053 2464 1108 et
2483 1032 2779 1106 consilia
2808 1034 2900 1106 la·

801 1169 1023 1237 teant,
1065 1170 1131 1220 et
1166 1144 1536 1248 quicquid,
1582 1145 1638 1217 si
1673 1144 2254 1243 deprehenditur,
2299 1148 2517 1246 perit:
2569 1148 2899 1222 hactenns

725 1280 760 1331 6
799 1263 1201 1361 eloquentia
1245 1279 1588 1333 secretum
1642 1257 1873 1331 habet.
1916 1259 2315 1332 Verborum
2364 1261 2652 1358 quidem
2704 1264 2902 1336 dele-

798 1399 981 1467 ctuS,
1013 1376 1297 1476 gravitas
1339 1374 1837 1446 sententiarum
1860 1431 1880 1463 ‚
1914 1373 2297 1472 figurarum
2332 1377 2675 1476 elegantia
2693 1377 2750 1470 3,
2781 1401 2904 1451 aut

794 1522 941 1568 non
967 1515 1166 1583 sunt,
1200 1512 1321 1565 aut
1343 1512 1723 1591 apparent:
1760 1491 1881 1563 sed
1901 1490 2222 1592 propter4
2255 1494 2386 1566 hoc
2406 1495 2637 1596 ipsum
2670 1517 2905 1569 osten-

796 1609 1072 1683 denda⁵
1108 1636 1253 1681 non
1287 1630 1450 1681 sunt
1471 1666 1490 1694 ‚
1537 1608 1726 1706 quod
1761 1632 2146 1708 apparent3
2182 1636 2263 1683 ac
2293 1609 2394 1682 si6
2430 1637 2654 1684 unum
2698 1614 2788 1686 sit
2815 1641 2900 1687 ex

801 1796 823 1818 a
844 1775 943 1824 si...
976 1790 1044 1823 ne
1067 1789 1224 1823 nosse
1248 1770 1464 1842 quidem
1486 1770 1699 1822 Graecos
1722 1771 1800 1821 vi-

803 1875 825 1897 ·
847 1850 1078 1903 deretur.
1097 1874 1120 1897 π
1549 1879 1554 1884 ·

874 1948 915 1981 ι.
951 1931 1066 2001 Quo
1084 1930 1226 2002 plus.
1246 1931 1424 1981 Turic.
1446 1929 1584 1982 Flor.
1609 1929 1801 1994 Cane„

795 2011 939 2083 quod
950 2010 1103 2084 plus,
1130 2028 1252 2061 cum
1274 2008 1413 2061 Alm.
1437 2009 1541 2062 Sed
1566 2005 1689 2060 illas
1703 2007 1803 2078 fo-

796 2101 909 2141 rent
938 2088 1133 2141 mulart'
1164 2106 1284 2162 quoe
1308 2107 1427 2140 cum
1452 2098 1591 2151 erat,
1621 2089 1800 2140 Turio.

794 2169 1025 2222 Florent.
1054 2170 1191 2221 Mira
1216 2168 1483 2238 stribligm
1511 2170 1567 2218 in
1595 2185 1701 2239 qua
1727 2166 1804 2218 nil

796 2263 972 2302 tamen
996 2249 1157 2302 latere
1182 2248 1425 2300 arbitror.
1455 2247 1692 2299 obstanti
1707 2264 1802 2313 en,

795 2329 933 2380 Flos-s
964 2330 1289 2382 Obstantiam
1319 2346 1422 2392 er„
1448 2326 1614 2377 an.
1639 2323 1802 2378 Goth.

876 2426 922 2461 2.
953 2407 1256 2461 Accesserat.
1285 2407 1537 2474 Jejunum
1566 2422 1677 2456 non
1706 2407 1807 2456 im-

798 2489 988 2540 merito
1017 2483 1323 2557 Spaldingio
1347 2484 1517 2534 visum
1541 2481 1668 2533 olim
1702 2481 1807 2534 hoc

799 2565 1047 2630 verbum,
1076 2582 1239 2635 quare
1270 2562 1576 2615 accenderat
1596 2564 1808 2633 conjec-

800 2645 948 2697 tabat
964 2682 980 2709 ‚
1004 2656 1064 2695 ut
1087 2641 1268 2693 lumen
1295 2644 1362 2692 sit
1384 2654 1605 2711 quartus
1629 2660 1803 2694 casus.

801 2724 853 2775 Si
870 2725 1063 2774 iterum
1079 2719 1194 2772 hoec
1210 2732 1485 2772 tractasset
1496 2757 1514 2783 ‚
1534 2736 1806 2774 accensum

801 2815 909 2854 erat
930 2803 1156 2854 fortasse
1180 2800 1502 2852 tentavisset.

870 2882 922 2933 3.
951 2879 1247 2955 Eleqantt‘a.
1272 2876 1445 2943 Flor.,
1468 2876 1737 2952 eligentia.
1775 2925 1782 2930 .

873 2961 924 3028 4.
954 2958 1055 3013 Sed
1079 2967 1292 3032 propter
1302 2979 1322 3019 ‚-
1355 2958 1429 3008 sic
1458 2956 1636 3009 'rm-ic.
1667 2954 1805 3007 Flor.

801 3047 962 3096 Gntr.
988 3057 1110 3090 cum
1134 3036 1269 3089 Alm.
1305 3034 1404 3090 Vel
1424 3037 1661 3087 inserunt
1684 3034 1809 3086 reli·

804 3122 910 3191 qui.
937 3148 1007 3158 --
1027 3101 1089 3167 Τό
1119 3114 1202 3167 vel
1222 3117 1459 3168 inserunt
1483 3131 1669 3166 omnes
1691 3131 1811 3165 nos·

805 3199 1323 3333 ‘ms-Etgumdehdm
1351 3274 1425 3325 sic
1449 3271 1633 3323 Turic.
1670 3270 1807 3322 Flor.

801 3358 961 3409 CAMP.
998 3352 1351 3414 Ostentanda,
1395 3348 1620 3420 reliqui;
1657 3350 1811 3420 cujus

805 3437 1074 3505 scripturae
1106 3441 1293 3481 auctor
1319 3446 1432 3479 non
1458 3428 1622 3479 sensit
1654 3426 1811 3497 longe

802 3514 1088 3577 venustius,
1105 3508 1176 3561 ob
1191 3504 1519 3578 respondens
1533 3517 1808 3578 apparent,

800 3594 1080 3667 proprium
1114 3588 1201 3639 hic
1227 3583 1548 3637 vocabulum
1580 3602 1809 3655 usurpa-

804 3688 914 3727 tum
941 3688 1054 3722 esse
1073 3684 1230 3737 quam
1257 3662 1810 3716 translatum.--Nos·

803 3755 871 3807 tri
894 3752 1021 3803 dant
1046 3746 1133 3798 alii
1156 3742 1470 3796 ostendenda
1478 3780 1496 3807 ,
1524 3740 1613 3794 alii
1638 3753 1808 3795 osten-

804 3830 979 3887 tanda.
1005 3830 1100 3880 En.

870 3913 922 3963 6.
949 3910 1027 3962 Ac
1047 3907 1091 3960 si
1113 3923 1275 3957 unum
1299 3903 1367 3955 sit
1386 3921 1449 3954 ex
1470 3902 1672 3954 duobus
1684 3924 1704 3964 ,·
1734 3906 1807 3955 sic

799 3993 976 4043 Tui-ic.
1017 3986 1155 4038 Flor.
1195 4001 1314 4034 cum
1352 3980 1491 4032 Alm.
1527 3983 1629 4032 nisi
1659 3981 1808 4053 quod

801 4069 908 4120 duo
943 4067 1149 4138 priores
1188 4059 1440 4115 mendose
1471 4059 1705 4125 duabus,
1745 4080 1806 4114 ex

801 4148 934 4199 Alm.
972 4158 1147 4196 autern
1178 4143 1246 4193 sit
1273 4159 1382 4191 non
1416 4140 1658 4192 affertur.
1690 4142 1804 4192 Hoc

1883 1783 2058 1823 tamen
2076 1774 2224 1825 estin
2234 1772 2643 1844 Canaquoquc,
2653 1787 2900 1826 caeterum

1882 1852 2224 1923 conspirante
2247 1870 2370 1904 cum
2391 1851 2638 1924 reliquis,
2660 1856 2750 1923 qui
2769 1852 2898 1905 dant

1881 1940 1979 1981 ant
2004 1929 2049 1982 εἰ
2074 1948 2239 1981 rmum
2266 1948 2297 1980 e
2322 1930 2535 1983 duobus.
2569 1933 2900 1985 Jensoniana

1883 2021 2062 2060 tamen
2089 2026 2188 2078 pro
2209 2027 2241 2058 e
2264 2008 2463 2060 duobus
2486 2007 2646 2062 habet
2670 2021 2743 2060 est
2762 2010 2898 2061 duo-

1884 2086 2004 2148 bau,-
2022 2086 2170 2159 quod
2185 2087 2425 2160 sphalma
2437 2126 2454 2152 ‚
2470 2088 2627 2159 quale
2642 2089 2771 2141 mihi
2785 2092 2902 2160 qui-

1884 2164 2006 2219 dem
2036 2166 2267 2233 videtur,
2297 2167 2601 2222 Obrechms
2637 2172 2897 2242 arripiens

1885 2256 1956 2297 est
1977 2263 2007 2295 e
2028 2244 2225 2297 duobus
2248 2244 2428 2299 edidit.
2450 2246 2723 2317 vulgatam
2747 2268 2898 2321 repe·

1886 2326 2087 2377 tierunt
2110 2326 2222 2378 VV.
2246 2327 2364 2378 DD.
2387 2329 2495 2378 imo
2517 2327 2708 2397 gallice
2733 2332 2898 2382 inter-

1885 2405 2080 2475 pretati
2103 2417 2226 2456 sunt
2246 2409 2594 2475 grammatico
2618 2427 2755 2461 nexu
2774 2429 2900 2463 con·

1888 2485 2047 2549 tenti,
2068 2483 2299 2555 logicum
2319 2504 2429 2539 non
2450 2502 2712 2542 curantes.
2735 2491 2897 2564 Atqui

1890 2579 2052 2634 quum
2072 2559 2290 2614 dicitur:
2320 2586 2342 2609 ιι
2362 2578 2456 2617 aut
2472 2568 2516 2618 si
2536 2585 2702 2619 unum
2722 2587 2751 2620 e
2769 2567 2900 2620 duo-

1893 2662 1916 2686 «
1935 2639 2036 2691 bus
2076 2639 2406 2713 eligendum,
2424 2669 2448 2691 n
2488 2663 2601 2697 non
2634 2645 2786 2699 aliter
2815 2666 2894 2701 est

1889 2737 1951 2772 ac
1972 2720 2018 2770 si
2037 2720 2092 2770 in
2111 2719 2546 2775 antecedentibus
2561 2726 2737 2778 forent
2755 2725 2890 2779 haec:

1895 2822 1918 2845 αι
1939 2812 2186 2851 neutrum
2249 2800 2465 2872 quidem
2526 2805 2894 2859 ostentandam

1895 2899 1917 2924 ι
1938 2890 2046 2943 est,
2066 2896 2239 2948 neque
2259 2898 2452 2946 causa,
2477 2901 2649 2957 neque
2674 2889 2896 2939 oratoris

1895 2978 1918 3003 a
1939 2955 2225 3026 elegerun„
2248 2982 2271 3005 ιι
2309 2960 2397 3010 cui
2430 2978 2572 3012 nunc
2606 2961 2894 3034 subjunge·

1893 3049 2066 3087 retur:
2112 3058 2134 3081 ι
2157 3039 2199 3088 si
2231 3050 2406 3090 tamen
2445 3058 2555 3094 non
2588 3055 2739 3111 potes
2771 3046 2894 3114 quin

1897 3133 1920 3159 ι
1941 3127 2172 3167 ostentes
2191 3115 2391 3186 aliquid
2404 3154 2421 3181 ,
2437 3135 2598 3170 causa
2617 3123 2795 3190 potins
2810 3123 2892 3173 fac

1897 3213 1919 3236 ι
1941 3204 2000 3242 ut
2022 3190 2285 3244 laudetur.
2309 3217 2332 3239 ι·
2361 3196 2525 3262 Quasi
2555 3216 2623 3249 ne
2651 3198 2753 3252 hoc
2778 3203 2894 3271 qui-

1891 3268 2012 3321 dem
2035 3271 2245 3324 efficere
2268 3270 2460 3325 debeat
2483 3280 2714 3330 severior
2736 3279 2893 3349 paulo

1892 3361 2092 3400 orator.
2121 3347 2225 3402 Sed
2244 3349 2329 3402 vel
2356 3370 2421 3403 eo
2449 3353 2566 3404 solo
2595 3353 2892 3409 damnanda

1892 3442 2005 3481 erat
2029 3427 2240 3499 vulgata
2256 3468 2273 3495 ,
2300 3430 2446 3502 quod
2468 3434 2520 3484 in
2551 3436 2894 3505 praecedenti-

1891 3507 1992 3561 bus
2012 3509 2226 3581 quidem
2252 3514 2533 3564 ostentatio
2562 3515 2616 3566 in
2637 3515 2763 3568 solis
2788 3536 2896 3568 ver*

1890 3587 2082 3640 borum
2106 3588 2379 3644 lenociniis
2403 3595 2646 3663 punitum
2671 3597 2892 3649 formula

1890 3685 2014 3719 vero
2038 3681 2132 3720 aut
2151 3669 2196 3720 εἰ
2223 3688 2392 3722 causae
2421 3675 2704 3726 ostentatio
2720 3712 2738 3739 ‚
2767 3691 2893 3727 tam-

1889 3767 2053 3820 quam
2075 3749 2178 3801 illis
2200 3750 2615 3821 comprehensa,
2647 3774 2788 3808 nnnc
2811 3776 2894 3808 se-

1889 3842 2120 3901 paratur.
2148 3828 2467 3901 Adoptanda
2489 3833 2651 3902 igitur
2676 3850 2786 3888 erat
2807 3856 2895 3888 ve-

1891 3921 2030 3962 tusta
2082 3911 2346 3982 scriptura
2397 3929 2461 3963 ac
2480 3950 2495 3976 ‚
2545 3933 2661 3985 ‚qua
2709 3916 2894 3971 vocula

1889 4001 2176 4059 utrumque
2209 3992 2464 4046 orationis
2499 3993 2789 4048 membrum
2825 3995 2892 4060 ad

1887 4064 2198 4118 modestiam
2211 4070 2412 4120 oratori
2421 4071 2891 4126 commendandam

1884 4144 2157 4213 aequaliter
2189 4160 2430 4216 spectare
2461 4149 2888 4208 demonstratur-e
