3200 5159
859 483 977 549 ωε
1415 461 1509 548 Μ.
1548 484 1778 549 FABn
1813 481 2368 568 Qnm'rmml

849 604 1051 676 facile
1103 625 1170 677 et
1211 603 1613 705 copiosum,
1657 606 2048 705 plurimum
2085 606 2331 697 studii,
2383 603 2653 677 multa¹
2702 627 2941 674 rerum

849 719 1228 816 eogniti023
1260 720 1332 791 in
1358 747 1499 817 qua
1529 741 1768 792 tamen
1805 719 2186 820 aliquando
2219 718 2308 791 ab
2340 705 2449 791 his
2462 716 2519 808 3,
2549 715 2803 816 quibus
2836 715 2946 787 in-

749 881 754 886 -
848 833 1189 933 quirenda
1239 835 1560 932 quaedam
1611 835 2033 926 mandabat,
2078 836 2413 933 deceptus
2450 854 2590 905 est:
2633 828 2944 904 tractavit

708 972 813 1031 ¹²9
848 949 1060 1021 etiam
1090 948 1577 1022 omnem4fere
1602 949 2002 1023 studiorum
2030 948 2437 1023 materiam⁵
2457 979 2475 1038 ;
2497 975 2664 1019 nam
2694 966 2761 1020 et
2778 972 2947 1018 ora-

715 1070 724 1078 '
844 1063 1111 1137 tiones⁶
1143 1066 1330 1167 ejus,
1365 1086 1431 1138 et
1459 1087 1816 1166 poemata,
1849 1086 1914 1138 et
1944 1066 2282 1166 epistolae,
2314 1085 2382 1138 et
2409 1062 2669 1163 dialogi
2701 1064 2945 1134 ferun-

842 1194 1035 1251 tur7:
1080 1179 1153 1251 in
1194 1179 1634 1279 philosophia
1671 1208 1921 1279 parum
1961 1181 2295 1280 diligens»,
2344 1179 2657 1279 egregius
2693 1198 2939 1250 tamen

841 1293 1169 1366 ¹vitiorum
1204 1294 1571 1367 insectator
1600 1293 1826 1368 fuit32
1862 1295 2147 1368 multae9
2182 1296 2253 1367 in
2289 1321 2371 1367 eo
2405 1294 2740 1394 claraeque
2773 1318 2946 1365 sen-

840 1410 1111 1501 tentiae,
1147 1410 1370 1482 multa
1407 1411 1617 1483 etiam
1664 1437 1946 1483 morum
1991 1411 2209 1511 gratia
2247 1410 2545 1510 legenda
2570 1422 2663 1500 ¹⁰3
2698 1408 2821 1483 sed
2866 1408 2943 1481 in

1936 1601 1960 1626 ι
1980 1592 2076 1648 tas,
2094 1595 2185 1633 aut
2197 1580 2419 1633 dictatas
2430 1601 2446 1644 ς
2459 1597 2684 1653 quorum
2700 1579 2942 1630 omnium

838 1576 908 1648 (a
945 1597 1051 1631 sec.
1084 1579 1281 1650 manu)
1307 1577 1427 1631 alioe
1453 1581 1666 1653 quidem
1693 1597 1765 1632 m.
1798 1598 1846 1631 υ.

1937 1678 1960 1703 κ
1979 1657 2105 1711 levis
2129 1661 2379 1711 memoria
2405 1670 2674 1730 superest,
2702 1668 2755 1708 et
2782 1654 2941 1721 tulit,

841 1658 1035 1724 Caum,
1061 1658 1168 1709 alie
1191 1658 1398 1729 quidem
1425 1659 1542 1710 virt.

919 1754 962 1788 ι.
983 1736 1162 1789 Multa
1181 1758 1198 1796 ‚-
1219 1739 1294 1788 sic
1308 1739 1482 1789 Turio.
1507 1737 1649 1789 Flor.
1672 1736 1845 1790 Guelf.

842 1815 1006 1868 esur.
1022 1833 1142 1867 cum
1163 1814 1317 1867 Basil.
1332 1815 1542 1888 Reliqui
1561 1815 1850 1867 multarum

839 1894 996 1967 (vide
1018 1895 1117 1960 lx,
1144 1912 1203 1960 2,
1226 1893 1324 1964 473
1347 1897 1413 1960 V,
1446 1911 1539 1961 10,
1562 1911 1624 1964 91
1642 1894 1679 1964 ).
1704 1895 1847 1948 Jens.

840 1975 979 2043 (tac.
1002 1972 1193 2044 Gesn.)
1221 1972 1346 2025 huic
1369 1975 1490 2026 voci
1510 1976 1776 2045 praemittit
1802 1984 1855 2025 et

840 2070 963 2104 cum
982 2049 1101 2104 edd.
1125 2066 1247 2103 ante
1266 2051 1419 2104 Basil.
1439 2069 1551 2104 acc.
1572 2051 1850 2126 Gryph—

841 2131 1038 2184 Eadem
1062 2132 1246 2182 nostri.
1271 2133 1365 2183 Ee.

912 2226 963 2261 2.
999 2207 1252 2280 cognitio·
1292 2208 1469 2260 Turio.
1509 2207 1649 2259 Flor.
1674 2207 1792 2280 (hic
1816 2227 1847 2261 a

836 2307 919 2361 pr.
944 2286 1128 2357 manu)
1149 2288 1414 2339 omittunt.

909 2368 960 2421 3.
981 2369 1061 2419 Ab
1087 2365 1194 2429 1ιὶς,·
1215 2368 1289 2419 sie
1311 2367 1489 2419 Turio.
1513 2365 1654 2417 Ποῖ.
1681 2366 1844 2418 Cmr.

836 2447 1045 2520 Reliqui
1066 2447 1130 2498 ab
1155 2446 1236 2499 it's.
1261 2446 1396 2498 Vide
1419 2447 1537 2498 vm
1553 2484 1569 2512 ‚
1591 2445 1627 2498 6
1643 2484 1658 2511 ,
1683 2446 1771 2502 63.

909 2526 959 2592 4.
997 2526 1237 2578 Omnem.
1276 2524 1436 2578 Goth.
1472 2523 1610 2595 (tac.
1646 2524 1846 2597 Gesn.)

836 2605 997 2658 Cur.
1011 2641 1029 2669 ‚
1045 2604 1299 2656 omnium.
1319 2603 1405 2654 Jo.
1426 2602 1712 2671 Seraz-ibet,
1731 2622 1845 2655 om-

835 2701 956 2735 nem
973 2682 1092 2755 fere
1111 2681 1346 2750 omnium
1369 2682 1502 2734 stud.
1529 2693 1680 2748 mat,
1701 2682 1842 2736 unde

833 2760 997 2815 Goth.
1013 2762 1322 2830 scripturam
1342 2759 1680 2812 commendat
1693 2761 1839 2814 Gisb.

833 2839 1005 2892 Koen.
1019 2837 1208 2905 Vides.
1232 2854 1248 2889 ι
1263 2837 1346 2890 25.
1356 2840 1559 2891 Nostra!
1573 2841 1842 2910 scriptum

833 2918 976 2971 favet
994 2919 1044 2982 1,
1061 2916 1093 2982 4
1105 2954 1121 2982 ,
1139 2917 1171 2970 5
1189 2938 1201 2966 =
1226 2939 1249 2962 κ
1264 2918 1410 2968 omni
1432 2917 1729 2971 studiorum
1749 2937 1842 2990 ge-

839 3012 863 3044 o
883 3014 1027 3047 nere.
1048 3018 1070 3042 ιι
1095 3024 1165 3033 —-
1183 2994 1364 3047 Nostri
1388 3014 1617 3064 omnem,
1638 3015 1749 3050 exc.
1774 2999 1838 3050 R.

831 3089 895 3142 9,
920 3074 1012 3143 qui
1035 3071 1291 3124 omnium.
1321 3074 1412 3124 Eo.
1449 3095 1456 3102 ·

905 3149 954 3204 5.
983 3150 1300 3213 Materiam3
1326 3154 1672 3207 nam.<Tu1-ic.
1697 3152 1837 3206 Flor.

831 3231 900 3303 (a
923 3249 1001 3302 pr.
1033 3249 1192 3282 manu
1222 3233 1487 3303 uterque)
1519 3251 1646 3285 nam
1674 3244 1842 3285 mate-

831 3310 984 3363 riana
1015 3308 1107 3362 me
1132 3328 1162 3361 a
1191 3327 1295 3362 sec.
1321 3328 1482 3362 manu
1504 3310 1642 3363 tollit
1667 3305 1839 3383 'priore

821 3387 953 3442 'ioco
971 3406 1114 3456 nam,
1128 3407 1226 3442 nec
1246 3388 1458 3461 reponit
1474 3389 1641 3443 altero
1656 3428 1675 3457 ‚
1693 3403 1745 3443 et
1763 3393 1839 3443 sic

832 3466 972 3520 Atm.

823 3551 830 3558 '
900 3547 952 3601 6.
982 3543 1266 3600 Orationes.
1291 3548 1468 3604 Turio.
1492 3547 1634 3603 Flor-
1659 3547 1783 3620 (hic
1807 3569 1838 3603 a

830 3646 912 3699 pr.
938 3625 1120 3697 manu)
1137 3626 1711 3682 orationem—Nostri
1730 3647 1839 3681 om-

829 3724 926 3758 nes
941 3706 1210 3757 orationes.
1223 3706 1663 3760 Eue-Orationes.
1682 3729 1704 3753 οι
1719 3707 1837 3760 sive

835 3783 859 3832 ὁ
880 3802 1155 3837 causarum
1193 3785 1446 3836 actiones.
1485 3786 1602 3855 Egit
1646 3786 1836 3840 multas

838 3885 862 3910 ι
884 3877 936 3915 et
955 3863 1209 3929 illustres,
1224 3874 1383 3935 atque
1402 3864 1456 3915 in
1478 3865 1595 3934 ipso
1622 3861 1836 3928 senatu3

840 3962 864 3990 ι
884 3955 942 3995 ut
959 3944 1195 3994 omittam
1217 3960 1345 4012 quas
1365 3943 1590 4014 principi
1611 3943 1838 4015 scripsit,

839 4044 864 4068 cr
883 4025 936 4074 in
971 4034 1154 4073 senatu
1187 4019 1498 4073 recitandas.
1522 4024 1710 4094 Neque
1735 4022 1839 4075 du-

839 4125 862 4149 a
881 4100 995 4153 bito
1020 4100 1206 4154 Edicta
1234 4100 1301 4153 ad
1323 4101 1583 4174 populum
1608 4117 1661 4155 et
1682 4104 1837 4173 Epis-

817 4197 864 4226 ἰ
885 4178 1016 4234 telas
1034 4181 1324 4252 graviores,
1351 4179 1419 4233 ab
1441 4180 1533 4233 ino
1563 4171 1838 4256 conscrip-

1937 1762 1959 1785 ιι
1978 1752 2038 1789 ut
2067 1738 2200 1791 solet
2215 1776 2233 1806 ‚
2255 1757 2439 1790 aevum.
2457 1762 2481 1787 n
2509 1738 2715 1809 Lipsius
2738 1737 2792 1788 in
2815 1738 2941 1788 Vita

1931 1817 2155 1869 Senecae.
2176 1817 2428 1869 Poe-mata
2443 1829 2677 1869 «certum
2690 1828 2769 1867 est
2782 1813 2944 1867 uber·

1937 1917 1959 1941 ·
1981 1898 2073 1947 tim
2088 1896 2373 1965 scripsisse.
2390 1896 2510 1966 Ipse
2522 1895 2577 1945 in
2595 1891 2773 1945 exsilio
2786 1894 2941 1945 fecis-

1937 1994 1960 2019 ·
1980 1992 2036 2027 se
2053 1972 2280 2026 ostendit
2292 2011 2309 2038 ‚
2325 1984 2375 2023 et
2389 1973 2603 2024 Tacitus
2615 2009 2632 2038 ‚
2641 1973 2753 2041 jam
2775 1973 2938 2023 etiam

1934 2072 1958 2097 ι
1978 2053 2268 2117 seniorem,
2282 2063 2333 2103 et
2354 2052 2411 2102 in
2432 2049 2569 2102 aula.
2594 2051 2672 2101 lta
2692 2051 2835 2101 enim
2858 2051 2940 2100 in-

1934 2153 1958 2178 οι
1977 2132 2082 2184 vidi
2092 2131 2482 2184 calumniantur
2491 2130 2631 2203 apud
2643 2131 2931 2183 Neronem:

1934 2230 1958 2257 ι
1982 2211 2301 2284 objiciebant
2311 2211 2490 2278 etiam,
2501 2210 2808 2284 eloquentiae
2826 2210 2938 2262 lcu-

1930 2312 1954 2338 ·
1973 2290 2090 2342 dem
2117 2292 2212 2343 uni
2233 2290 2329 2343 sibi
2350 2291 2600 2353 asciscere,
2627 2300 2679 2341 et
2696 2291 2935 2354 camina

1930 2369 2191 2421 acu-ebrius
2212 2368 2491 2440 factitare,
2516 2380 2794 2441 postquam
2824 2368 2932 2420 Ne-

1930 2469 1953 2494 ·
1974 2451 2252 2513 roniamor
2270 2466 2447 2500 eonem
2473 2448 2701 2500 venisset.
2720 2467 2745 2494 u
2763 2446 2930 2499 Idem.

1923 2555 1996 2566 —-
2016 2524 2247 2599 Dialoqi.
2285 2548 2309 2572 e
2327 2527 2478 2594 Quos
2521 2525 2718 2579 Fabius
2754 2528 2931 2580 nomi—

1929 2626 1952 2650 ·
1972 2616 2093 2670 nat,
2116 2622 2215 2656 nec
2238 2602 2394 2655 ultra.
2413 2627 2436 2652 υ
2466 2604 2629 2656 [dem.

1996 2699 2047 2752 7.
2069 2680 2553 2755 Dialoqiferuntur.
2572 2683 2755 2735 Turio.
2768 2681 2930 2750 Flora,

1920 2758 2196 2832 dialoqef.
2221 2759 2314 2812 lue
2338 2778 2368 2812 a
2394 2778 2497 2812 sec.
2520 2779 2708 2827 manu,
2732 2760 2931 2834 dialoqt’

1919 2838 2236 2910 efferuntur,
2262 2853 2316 2893 et
2338 2842 2412 2893 sic
2435 2840 2598 2892 Cam.
2633 2842 2782 2893 Jens.
2807 2860 2929 2894 cum

1920 2918 2043 2972 edd.
2068 2934 2176 2972 ant.
2207 2920 2326 2973 ald.
2360 2920 2604 2974 Secunda
2639 2921 2780 2973 Flor.
2818 2941 2928 2975 ma-

1920 3013 2051 3065 nus,
2087 3014 2268 3052 nostra
2307 3001 2440 3072 ipsa.
2465 3001 2673 3053 Nostris
2708 3001 2927 3054 vocibus

1917 3078 2061 3130 Jens.
2095 3078 2229 3149 (tac.
2259 3078 2453 3150 Gesn.)
2472 3078 2690 3149 subjicit
2723 3091 2781 3133 et
2807 3099 2926 3133 cum

1919 3156 2039 3209 edd.
2059 3171 2278 3230 posterr.
2296 3171 2419 3210 ante
2434 3158 2551 3210 Ald.
2573 3178 2675 3231 pro
2697 3178 2806 3231 quo
2829 3163 2924 3215 Re-

1919 3238 2037 3306 gius
2059 3234 2317 3289 suadebat
2339 3236 2448 3290 etsi.

1922 3343 1927 3348 ·
1991 3317 2041 3370 8.
2071 3317 2209 3369 fuit.
2239 3318 2505 3370 Omittunt
2530 3317 2663 3371 Vall.
2692 3318 2788 3373 m».
2818 3321 2919 3374 lut.

1920 3396 1982 3463 8,
2005 3413 2068 3466 9,
2098 3395 2179 3448 13.
2203 3396 2296 3448 En.

1987 3493 2038 3545 9.
2074 3474 2320 3528 Multa...
2346 3493 2552 3528 morum
2575 3476 2768 3549 qratia.
2796 3478 2918 3529 Tur.

1914 3552 2054 3605 Flor.
2072 3591 2089 3619 ‚
2113 3557 2275 3606 multo
2301 3552 2458 3606 multi
2478 3573 2719 3606 amorum
2739 3574 2793 3629 q.
2831 3556 2921 3609 1110

1917 3649 1948 3684 a
1984 3650 2089 3684 sec.
2120 3651 2314 3700 mann,
2352 3632 2525 3684 multa
2560 3631 2740 3686 multis
2774 3651 2919 3686 muo-

1916 3725 2033 3760 rum
2046 3727 2103 3782 q.
2128 3711 2226 3762 Hic
2250 3724 2483 3763 nostram
2504 3712 2693 3782 ipsam.
2714 3714 2795 3764 M.
2816 3713 2848 3763 ι’.
2871 3730 2915 3765 e.

1915 3785 2069 3840 claroe
2108 3806 2147 3840 s.
2187 3808 2260 3841 m.
2298 3809 2343 3842 e.
2383 3807 2454 3841 m.
2494 3808 2571 3862 9.,
2593 3789 2755 3842 Goth.
2786 3792 2915 3860 (tac.

1915 3866 2114 3940 Gesn.)
2141 3870 2303 3921 Qui».
2339 3871 2581 3922 Vicissim
2623 3889 2653 3922 e
2689 3873 2839 3924 Voss.
2872 3886 2934 3937 1,v

1916 3946 2199 4018 multaeque
2218 3948 2252 3998 ι’.
2273 3965 2317 4000 e.
2342 3966 2386 4000 c.
2415 3966 2455 4001 s.
2482 3965 2552 3999 m.
2579 3966 2624 4000 e.
2650 3967 2722 3999 m.
2739 3967 2795 4022 5.
2815 3950 2916 4002 Vo-

1917 4043 2031 4077 cem
2039 4024 2157 4097 fuit
2175 4040 2298 4078 ante
2320 4041 2500 4079 nostra
2525 4029 2721 4079 omittit
2739 4027 2894 4080 Goth.

1996 4122 2075 4159 ro.
2100 4105 2354 4178 Leqenda.
2397 4107 2573 4158 Turio.
2611 4106 2754 4159 Flor.
2777 4110 2913 4160 Jens.

1914 4182 1939 4256 (
1965 4197 2172 4239 tacente
2202 4184 2439 4241 Gesnero
2462 4184 2484 4256 )
2523 4187 2676 4240 Tarv.
2694 4225 2711 4254 ,
2748 4185 2916 4261 leym·
