3200 5159
783 405 911 488 ⁵44

1350 405 1444 468 Μ.
1483 405 1712 469 FABII
1750 405 1965 488 QUIN
1973 405 2310 471 TILIANI

780 550 852 600 et
880 526 1182 600 colorem
1215 527 1522 616 tra-here,
1560 526 1879 599 naturale
1915 547 2054 614 est;
2103 527 2401 626 ideoque
2441 528 2516 600 in
2552 528 2873 603 omnibus

784 642 1107 741 gentibus
1142 641 1319 714 alius
1357 641 1493 714 alio
1534 640 1907 714 facundior
1947 640 2280 733 habetur,
2315 663 2383 714 et
2414 643 2487 716 in
2534 645 2875 746 loquendo

787 758 1010 830 dulcis
1033 759 1297 856 magis:
1325 758 1516 858 quod
1538 759 1762 831 sinon
1782 757 2118 847 eveniret,
2143 785 2392 832 omnes
2416 788 2612 860 pares
2638 785 2876 853 essent,

788 894 857 945 et
882 874 1072 945 idem
1095 889 1111 919 ¹
1148 900 1394 947 omnes
1428 873 1700 946 deceret
1727 904 1744 959 ;
1792 894 1860 945 at
1891 872 2308 970 loquuntur,
2343 897 2412 949 et
2440 899 2715 952 servant
2745 905 2881 978 per·

786 1017 1118 1062 sonarum
1170 990 1593 1064 discrimen:
1649 990 1741 1063 ita
1780 1017 1921 1090 quo
1968 991 2263 1091 quisque
2312 993 2473 1092 plus
2521 995 2740 1067 efficit
2787 996 2884 1067 di-

795 1105 1018 1179 ceudo
1045 1165 1064 1198 ‚
1122 1106 1254 1178 hoc
1322 1108 1546 1206 magis
1607 1105 1997 1178 secuudum
2048 1121 2073 1151 ²
2098 1129 2424 1181 naturam
2481 1109 2881 1210 eloquentiae

685 1242 756 1310 45
795 1221 979 1293 dicit.
1021 1220 1514 1321 Quapropter³
1561 1248 1651 1293 ne
1694 1221 1827 1293 illis
1860 1221 2151 1319 quidem
2192 1224 2501 1298 nimium
2539 1255 2883 1328 repugno,

794 1407 1095 1493 loquenda)
1120 1420 1283 1472 Cute.
1315 1418 1489 1472 Guelf.
1523 1440 1647 1473 cum
1669 1420 1807 1472 Alm.

795 1499 956 1552 Goth.
988 1500 1053 1550 In
1083 1499 1218 1572 eloq.
1236 1537 1252 1564 ,
1275 1499 1426 1553 Voss.
1459 1517 1507 1552 2.
1539 1500 1614 1551 Et
1639 1498 1773 1573 eloq.
1788 1538 1807 1566 ,

798 1576 919 1631 edd.
952 1577 1075 1630 iude
1103 1597 1134 1629 a
1160 1580 1305 1631 Jens.
1332 1580 1588 1631 Nostrum
1618 1599 1648 1631 e
1677 1597 1810 1631 con·

792 1664 1016 1729 jectura.

1890 1421 2126 1473 intulerit
2137 1460 2153 1487 ‚
2168 1436 2219 1475 et
2236 1442 2302 1475 an
2318 1425 2588 1479 inventum
2605 1429 2661 1479 in
2677 1427 2888 1492 Codice,

1891 1499 2017 1551 olim
2040 1501 2260 1572 patebit.
2285 1504 2441 1554 Nunc
2468 1502 2655 1575 utique
2677 1508 2889 1558 retinen-

1890 1577 2018 1631 dum
2043 1580 2113 1632 ob
2137 1594 2335 1633 motam
2362 1581 2504 1634 illam
2532 1583 2740 1654 pridem
2768 1602 2888 1635 con-

1889 1670 1968 1709 tra
1987 1657 2207 1710 verbum
2224 1660 2428 1712 salvare
2445 1664 2685 1729 serioris,
2706 1682 2797 1716 eeu
2810 1664 2889 1715 ab·

880 1756 921 1790 1.
960 1737 1168 1790 Idem...
1201 1736 1503 1811 loquuntur.
1533 1739 1809 1792 Turicens.
1884 1739 2124 1808 jectioris
2148 1737 2394 1792 latinismi
2417 1744 2807 1813 suspicionem,
2829 1743 2889 1796 de

800 1819 939 1871 Flor-
954 1856 972 1885 ‚
996 1817 1133 1870 idem
1158 1820 1355 1871 omines
1375 1817 1507 1869 alter
1532 1819 1708 1871 decere
1730 1819 1814 1871 al·

804 1896 1077 1960 locuntur,
1109 1897 1210 1948 nisi
1244 1894 1388 1968 quod
1424 1894 1512 1947 hic
1549 1893 1687 1947 alter
1717 1915 1815 1967 per

804 1973 1179 2045 compendium
1191 1971 1273 2024 alt
1285 1992 1407 2025 cum
1421 1972 1616 2025 lineola
1631 1972 1814 2026 litterae

807 2065 827 2103 ι
849 2070 1077 2125 superne
1098 2050 1412 2104 adhaerente.
1446 2052 1491 2103 Ι.
1523 2071 1570 2104 ο.
1596 2051 1649 2103 d.
1675 2051 1816 2104 allo-

804 2143 1066 2207 quuntur,
1093 2130 1268 2184 Guelf.
1297 2135 1357 2184 lu
1386 2145 1601 2204 recepta
1625 2133 1816 2183 mirum

803 2211 1011 2265 videtur
1028 2210 1247 2262 verbum
1274 2209 1564 2283 loquuntur
1579 2212 1653 2262 ita
1673 2208 1816 2262 nude

806 2293 1040 2362 positum
1068 2303 1121 2341 et
1148 2307 1272 2340 cum
1299 2301 1585 2359 sequente,
1621 2287 1817 2360 copula

806 2372 879 2423 ita
911 2366 1315 2440 explicandum:
1350 2369 1474 2419 dum
1508 2365 1817 2440 loquuntur,

810 2449 1011 2501 scilicet
1035 2448 1093 2500 in
1117 2446 1396 2521 loquendo.
1428 2448 1551 2499 Haec
1572 2444 1821 2509 conside·

810 2528 946 2579 renti
988 2539 1205 2596 accepta
1243 2526 1466 2577 fortasse
1497 2526 1674 2576 veniat
1706 2525 1821 2579 Ob-

810 2607 979 2660 rechti
1011 2608 1269 2677 scriptura
1297 2605 1369 2657 A:
1403 2602 1559 2655 aliter
1587 2604 1819 2677 loquun-

813 2699 914 2739 tur.
939 2685 1043 2740 Sed
1062 2703 1189 2737 usus
1210 2686 1352 2735 vocis
1368 2682 1524 2735 aliter
1540 2702 1639 2755 pro
1657 2683 1821 2735 diver-

810 2764 1008 2818 simode
1030 2761 1271 2829 aliunde,
1296 2761 1442 2833 quod
1465 2764 1660 2829 sciam,
1684 2780 1821 2816 non-

812 2844 941 2897 dum
954 2841 1213 2915 probatus
1233 2856 1330 2895 est.
1352 2841 1663 2912 Exemplum
1681 2845 1820 2894 enim

814 2921 963 2997 quod
994 2940 1059 2974 ex
1088 2922 1255 2993 ipsius
1284 2921 1464 2972 Nostri
1494 2918 1651 2983 loco,
1687 2921 1823 2973 infra

816 3004 861 3074 §.
891 3020 992 3073 70,
1013 3003 1126 3074 peti
1148 3001 1349 3071 possit,
1375 3017 1483 3051 uon
1508 2998 1730 3052 admitto
1760 3018 1826 3052 ex

816 3085 988 3138 causis
1020 3083 1094 3135 ibi
1127 3080 1470 3154 exponendis.
1505 3084 1695 3152 Neque
1731 3081 1822 3133 illo

817 3161 967 3229 alter,
986 3159 1129 3233 quod
1148 3159 1237 3213 hic
1256 3162 1410 3211 estin
1426 3162 1669 3225 vetustis.,
1689 3173 1825 3212 tam-

819 3261 979 3314 quam
1013 3242 1233 3312 vestigio
1278 3242 1355 3292 uti
1397 3239 1585 3312 aliquis
1626 3242 1826 3313 possit3

818 3321 922 3374 hoc
952 3322 1093 3373 euim
1122 3337 1286 3389 quum
1318 3317 1491 3371 alieno
1524 3318 1646 3370 loco
1679 3321 1830 3392 posi-

820 3414 933 3453 tum
962 3402 1054 3464 sit,
1083 3401 1167 3450 vix
1189 3394 1379 3451 dubito
1404 3410 1585 3449 natum
1612 3417 1676 3449 ex
1699 3398 1829 3470 sigla

822 3480 911 3533 illa
928 3477 991 3535 αί·
1003 3517 1020 3539 ,
1041 3497 1156 3550 quae
1176 3495 1298 3529 cum
1316 3479 1569 3530 varietate
1586 3477 1832 3530 lectionis

821 3560 998 3612 decere
1014 3561 1069 3610 in
1088 3569 1289 3609 textum
1310 3558 1635 3625 migraverit,
1655 3575 1833 3628 quam-

822 3658 928 3711 que
952 3635 1145 3689 similes
1167 3632 1325 3707 plane
1344 3635 1527 3687 turbas
1546 3637 1734 3689 fecisse
1751 3638 1832 3687 vi-

823 3717 999 3769 dimus
1017 3731 1175 3785 supra
1198 3709 1276 3783 §§.
1301 3730 1364 3764 22
1386 3726 1440 3764 et
1463 3711 1547 3766 35.
1570 3716 1834 3784 Integram

824 3798 983 3866 igitur
991 3813 1100 3847 rem
1113 3791 1437 3845 felicioribus
1448 3792 1709 3863 relinquo.
1721 3794 1837 3847 Sal-

826 3888 983 3942 vam,
1001 3875 1178 3926 Turic.
1208 3871 1346 3924 Flor.
1371 3873 1645 3926 Guelferb.
1672 3874 1834 3927 Goth.

828 3957 990 4008 Cur.
1008 3966 1061 4006 et
1075 3950 1197 4005 edd.
1213 3965 1335 4004 ante
1349 3951 1551 4025 Gryph.
1567 3952 1835 4022 Saluum,

830 4034 987 4085 Voss.
1016 4050 1066 4084 2.
1096 4032 1388 4102 Receptum
1415 4041 1625 4084 servant
1644 4051 1759 4085 esse
1780 4035 1837 4086 in

830 4111 967 4164 Ain.
996 4112 1080 4162 vix
1111 4107 1452 4162 crediderim:
1487 4112 1605 4181 quis
1635 4113 1836 4183 primm

1894 1835 1999 1888 qua
2031 1815 2148 1869 vide
2179 1818 2339 1870 Gesn.
2376 1820 2428 1869 iu
2456 1820 2618 1873 Thes.
2653 1822 2889 1889 Quamvis

1895 1897 2035 1946 enim
2067 1894 2183 1946 aliis
2217 1897 2270 1947 in
2304 1896 2469 1960 locis,
2501 1896 2595 1949 ubi
2629 1900 2890 1951 manifesta

1894 1987 1974 2025 est
1994 1970 2195 2025 salvum
2213 1974 2457 2045 faciendi
2481 1978 2665 2043 notio,
2694 1976 2892 2029 dubite-

1895 2054 2028 2104 tioni
2054 2050 2204 2105 locus
2234 2053 2447 2107 relictus
2474 2067 2582 2108 est:
2614 2055 2704 2109 hic
2725 2070 2890 2110 tamen

1895 2150 1993 2204 per
2034 2149 2248 2184 sensum
2291 2134 2449 2184 etiam
2489 2132 2664 2186 aliena
2699 2134 2892 2187 videtur

1896 2211 2061 2264 altera
2082 2212 2281 2263 forma:
2308 2225 2359 2264 et
2384 2211 2504 2264 vide
2528 2214 2604 2280 11,
2632 2231 2715 2284 17,
2735 2215 2793 2281 6,
2812 2214 2892 2267 nbi

1899 2303 1979 2342 est
2006 2314 2029 2336 ιι
2048 2303 2108 2341 ut
2132 2289 2348 2342 Antonii
2366 2310 2596 2362 persona
2623 2307 2852 2346 servetur
2866 2317 2887 2340 ι

1898 2369 2012 2420 sine
2049 2366 2156 2418 ulla
2194 2369 2461 2421 varietate.
2498 2371 2862 2425 Dicet-imnum
2877 2413 2892 2439 ,

1899 2447 2038 2501 Flor.
2065 2467 2186 2499 cum
2214 2448 2349 2501 Alm.
2374 2451 2563 2523 Itaque
2583 2471 2721 2524 quo,
2745 2452 2890 2505 Goth.

1899 2526 2039 2597 (tac.
2077 2528 2294 2599 Geso.)
2331 2559 2403 2568 —
2433 2532 2617 2583 Nostri
2656 2531 2785 2584 daut
2818 2531 2896 2583 alii

1900 2617 1958 2657 at
1987 2604 2296 2679 loquuntur,
2331 2606 2417 2660 alii
2450 2607 2811 2683 alloquuntur.
2837 2613 2896 2662 li·

1899 2684 2020 2738 dem
2044 2685 2250 2739 salvant
2271 2706 2369 2758 pro
2391 2701 2612 2742 servant.
2641 2693 2734 2743 Eu.

1975 2781 2023 2815 2.
2047 2766 2308 2818 Naturam
2331 2766 2646 2839 eloquentia!
2659 2793 2681 2832 ;
2706 2770 2777 2822 sic
2797 2772 2896 2822 Tu·

1901 2847 2090 2896 ricens.
2107 2846 2247 2897 Flor.
2263 2848 2438 2900 Guelf.
2455 2850 2622 2902 Cim».
2640 2870 2762 2903 cum
2775 2851 2893 2902 Alm.

1903 2921 2052 2974 Bodl.
2074 2928 2227 2976 Voss.
2262 2943 2289 2977 2
2307 2964 2325 2990 ,
2357 2927 2517 2980 Goth.
2550 2924 2775 2982 Nuturoe
2798 2928 2897 2982 elo-

1903 3002 2172 3073 quentiam
2183 3042 2202 3069 ‚
2218 3003 2338 3056 edd.
2356 3005 2479 3058 inde
2492 3025 2520 3057 a
2534 3009 2685 3061 Jens.
2702 3026 2898 3071 omues,

1905 3094 2095 3152 praeter
2123 3079 2244 3135 Ald.
2281 3085 2372 3152 qui
2403 3098 2664 3138 nostrum.
2691 3087 2899 3156 Vulgata

1909 3162 2036 3231 quin
2061 3162 2126 3212 sit
2149 3178 2180 3212 a
2204 3177 2505 3216 correctore
2525 3165 2739 3238 aliquo,
2760 3165 2899 3218 dubi-

1907 3241 2006 3290 tari
2022 3239 2104 3290 vix
2122 3253 2298 3310 potest
2315 3263 2327 3291 ε
2345 3243 2415 3294 ita
2432 3244 2533 3295 feei
2546 3282 2562 3310 ,
2579 3245 2728 3317 quod
2741 3247 2899 3297 fecere

1908 3316 2079 3371 voluit
2092 3320 2204 3387 jam
2217 3319 2452 3373 Gesu.—
2465 3325 2649 3376 Nostri
2670 3336 2899 3378 naturam

1909 3397 2227 3470 eloquentiae
2235 3440 2254 3467 ,
2279 3419 2390 3453 exc.
2413 3402 2585 3469 Poul.‚
2606 3408 2702 3477 qui
2722 3416 2901 3457 namne

1909 3476 2283 3547 eloquentiam.
2315 3482 2409 3534 Er..
2438 3510 2497 3533 -e-
2523 3484 2783 3537 Naturam
2805 3482 2902 3535 elo-

1911 3557 2153 3628 quentiae.
2178 3558 2313 3627 Illis,
2338 3564 2429 3632 qui
2448 3576 2692 3615 naturam
2712 3578 2902 3633 semper

1914 3649 2162 3708 crepant,
2194 3637 2461 3691 observari
2486 3639 2646 3693 debet
2663 3680 2681 3705 ‚
2712 3653 2904 3694 natura·

1915 3715 2032 3767 liter
2056 3733 2211 3785 agere
2234 3737 2325 3771 eos
2341 3756 2357 3783 ,
2390 3722 2483 3789 qui
2506 3719 2794 3773 secundum
2816 3735 2903 3769 na·

1917 3805 2088 3846 turam
2111 3798 2355 3869 cujusque
2382 3800 2472 3851 rei.
2507 3803 2725 3871 Itaque,
2756 3797 2904 3869 siqui·

1917 3872 2039 3926 dem
2063 3887 2142 3926 est
2174 3875 2373 3946 aliquid
2407 3876 2736 3948 eloquentia,
2767 3888 2905 3928 aaut·

1920 3953 2103 4006 rah'ter
2121 3957 2278 4007 etiam
2296 3957 2479 4008 dieunt
2501 3960 2709 4010 nonnisi
2728 3959 2811 4030 qui
2828 3975 2903 4008 se·

1918 4032 2152 4086 cundum
2169 4045 2412 4087 nanu-am
2428 4035 2751 4110 eloquentiae.

1990 4113 2040 4166 3.
2080 4116 2421 4188 Quapropter.
2446 4120 2626 4172 Turic.
2657 4111 2903 4177 florenti,
