3200 5159
651 415 1303 527 1Ns‘r1‘ru‘r1oms
1340 458 1595 525 oRA‘r.
1636 459 1799 526 Lm.
1837 463 1926 542 x,
1979 485 2032 527 ι.

2300 459 2389 530 63

272 599 438 672 amr,
454 582 803 680 quaedam,
824 608 978 683 quae
993 583 1237 683 possis¹
1260 581 1691 682 decerpet-1³²3
1714 606 1782 657 et
1797 583 2138 684 praecipue
2163 583 2389 659 Phile-

292 694 524 786 mon3,
543 698 663 796 qui
683 719 761 770 ut
777 700 1000 798 pravis
1014 697 1166 771 *isui
1187 699 1516 798 temporis
1526 698 1809 798 judiciis
1821 700 1848 746 5
1864 703 2256 775 Menandro
2273 728 2383 774 sae-

296 837 385 909 pe
408 813 728 912 praelatus
761 835 889 905 est,
924 815 1015 886 ita
1048 840 1387 887 consensu
1424 813 1704 887 tamen⁶
1733 817 2057 889 omniurn
2087 832 2114 877 7
2133 809 2391 891 meruit

297 926 529 1000 credi⁸
565 929 933 1002 secundus„
964 929 1344 1003 Historiam
1377 929 1580 1001 multi
1620 930 1996 1029 scripsere9
2034 933 2383 1032 praeclare3

294 1096 456 1149 quem
474 1078 562 1132 bic
584 1094 956 1135 transcurrerat
968 1121 984 1147 ,
1004 1080 1135 1149 loci,
1153 1100 1303 1133 exeu-

291 1159 456 1211 sar-do
470 1159 513 1211 si
524 1161 653 1231 quid
664 1159 838 1213 minus
852 1160 1114 1232 probabile
1127 1178 1301 1212 occur·

200 1229 215 1240 “
294 1247 392 1288 nt.
419 1236 525 1290 Sed
546 1255 659 1308 quse
678 1236 788 1291 hoec
812 1253 892 1290 est
910 1241 1044 1291 ratio
1068 1238 1297 1291 addendi

288 1313 400 1368 hoe
414 1315 481 1369 de
496 1319 671 1368 animo
690 1315 755 1368 ad
769 1316 1144 1387 indulgentiam
1160 1335 1299 1368 eom·

290 1396 473 1466 posito
489 1433 507 1460 ,
534 1397 624 1465 qui
648 1393 787 1447 bona
814 1395 1050 1467 quaedam
1074 1397 1126 1447 in
1150 1395 1296 1447 hisce

292 1474 642 1545 scriptoribus
662 1478 728 1529 sit
745 1478 1085 1534 inventurus?
1102 1478 1207 1544 Qui
1226 1479 1299 1528 in·

288 1552 476 1623 dulget
495 1556 721 1621 vitiosis,
744 1557 788 1607 is
812 1574 937 1607 sane
964 1555 1123 1606 multa
1153 1569 1297 1626 pote-

294 1634 363 1683 rit
384 1630 637 1703 probare3
663 1631 757 1685 sed
778 1632 1063 1684 verendum
1088 1636 1209 1697 erit,
1230 1651 1296 1684 ne

292 1709 448 1781 plura
473 1730 632 1782 quam
666 1730 800 1783 opus
834 1714 915 1762 sit.
950 1714 1032 1762 An
1066 1713 1297 1782 accipie-

293 1791 414 1841 'mus
448 1790 651 1842 veniam
682 1789 1022 1860 legendorum
1056 1789 1238 1841 talium
1267 1809 1296 1842 a

294 1880 620 1938 preceptore
640 1868 863 1920 discenti
877 1885 1181 1920 concessam
1193 1869 1217 1918 ‘t'
1230 1871 1300 1920 At

292 1945 401 1999 hoc
440 1947 600 2020 plane
632 1950 871 2019 jejunum
892 1970 907 2011 3
948 1966 1121 2018 neque
1160 1950 1300 2000 enim

292 2026 419 2098 plus
443 2030 672 2081 inveniet
695 2029 823 2080 boni
845 2031 934 2101 qui
956 2027 1165 2080 volente
1195 2046 1303 2079 ma-

270 2107 457 2175 sistro
500 2105 640 2178 leget
660 2146 677 2172 ,
723 2125 881 2178 quam
930 2108 1021 2178 qui
1066 2106 1296 2159 nolente.

291 2188 476 2255 Longe
499 2188 675 2256 aptius
702 2199 811 2237 erat
828 2222 844 2250 ,
877 2187 920 2237 si
951 2203 1069 2250 cum
1102 2184 1300 2237 delectu

295 2264 542 2330 dixisset,
568 2262 651 2315 vel
682 2281 800 2315 cum
835 2264 1105 2328 cautione,
1128 2261 1210 2313 vel
1244 2274 1302 2313 ut

296 2343 346 2410 S.
377 2342 507 2407 itss,
538 2360 659 2394 eum
680 2341 894 2412 judicio.
925 2341 1006 2391 An
1036 2340 1170 2408 forte
1198 2339 1305 2391 hoc

298 2424 483 2487 inerit,
511 2423 555 2473 si
583 2422 880 2494 reposueris
907 2437 1027 2472 cum
1057 2438 1305 2473 verecun-

299 2499 419 2551 dia?
434 2496 600 2572 [Mihi
623 2512 796 2551 tamen
816 2500 1067 2551 satisfacit
1084 2498 1304 2551 Gesneri

299 2581 451 2631 ratio.
482 2580 619 2630 Nam
643 2580 793 2631 venia
826 2580 1010 2648 utique
1043 2590 1097 2629 et
1127 2576 1305 2629 indul-

298 2661 474 2729 gentia
493 2677 627 2731 opus
646 2670 751 2722 est,
772 2660 815 2708 si
836 2658 950 2728 quis
969 2668 1184 2707 caeteros
1205 2673 1302 2707 co-

298 2740 462 2791 micos
482 2777 500 2805 ,
543 2756 576 2789 a
618 2735 910 2790 Menandro
953 2734 1264 2787 obscuratos
1283 2773 1301 2802 ,

298 2815 470 2887 legere
495 2819 727 2868 animum
758 2814 991 2866 inducat.
1015 2815 1122 2881 Qui
1145 2814 1303 2883 igitur

302 2913 331 2946 a
352 2896 490 2947 vitiis
513 2893 723 2946 illorum
754 2909 862 2944 non
891 2891 1231 2955 absterretur,
1259 2893 1302 2942 is

299 2974 555 3038 inveniet,
578 2990 693 3044 quae
717 2988 995 3043 excerpere
1025 2972 1182 3021 etiam
1204 2988 1302 3022 vo·

301 3052 388 3105 let.
415 3049 706 3125 Bn'l'rM.]

377 3148 397 3183 ι
408 3171 420 3183 .
440 3130 621 3183 Possis.
636 3127 808 3182 Guelf.
822 3166 838 3194 ,
849 3132 1234 3200 possuntvoss.
1259 3144 1305 3194 1,

301 3208 361 3276 3,
381 3209 595 3282 possint.
621 3207 812 3272 Goth„
832 3208 1007 3279 possit.

372 3307 422 3341 2.
448 3289 744 3359 Decerpere.
768 3287 941 3341 Guelf.
959 3325 977 3355 ,
1006 3287 1302 3352 decernere,

299 3385 421 3420 eum
443 3369 600 3421 Voss.
628 3384 673 3432 1,
697 3367 747 3419 3.
1006 3413 1011 3420 .

371 3447 421 3498 3.
449 3445 747 3497 Philemon.
768 3443 900 3496 Vide
922 3445 1016 3506 m,
1041 3459 1093 3512 7,
1129 3443 1187 3495 18
1212 3441 1300 3515 (p.

302 3523 433 3588 5n,
452 3537 566 3575 not.
594 3540 641 3586 t,
665 3522 886 3594 hujusce
903 3515 1189 3592 editionis).
1208 3523 1303 3573 Hic

298 3603 506 3657 Siculus
540 3617 651 3654 erat
672 3642 685 3668 ‚
716 3600 908 3654 deinde
936 3600 1170 3652 Athenas
1205 3601 1304 3652 mi-

299 3685 482 3753 gravit.
500 3684 870 3752 Fragmentum
889 3682 1001 3749 ejus
1016 3677 1304 3745 comoediae,

306 3761 492 3814 Militis
515 3760 666 3813 dictae
682 3798 699 3824 ,
723 3772 889 3812 exstat
914 3756 1055 3829 apud
1077 3756 1268 3808 Athen.
1287 3795 1304 3822 ,

304 3841 395 3894 lib.
415 3843 539 3907 vll,
566 3859 687 3912 cap.
716 3857 809 3905 to,
836 3857 954 3910 pag.
991 3837 1108 3889 288.
1134 3836 1223 3890 Ob
1252 3835 1305 3887 id

305 3922 480 3993 gluriae
498 3935 793 3984 certamen,
812 3916 1160 3970 Menandrum
1181 3932 1307 3965 moe·

306 4019 422 4054 rore
447 4002 753 4053 confectum
781 3996 974 4050 obiisse
1002 3996 1186 4046 fertur.
1212 3998 1303 4047 Eu.

374 4080 425 4145 4.
468 4079 666 4131 Pravis.
705 4078 882 4129 Turio.
926 4074 1067 4126 Flor.
1108 4074 1272 4126 caup,
1290 4111 1307 4138 ,

278 4165 489 4225 ynam,
525 4173 650 4209 enm
680 4153 842 4209 Goth.
870 4155 1024 4210 Voss.
1057 4170 1085 4204 2
1105 4190 1123 4220 ,
1155 4151 1305 4206 Goth.

2422 952 2491 1003 -3

2426 995 2442 1022 Ι

1378 1079 1518 1150 (non
1541 1080 1675 1132 vau.
1711 1095 1767 1133 ut
1797 1083 2004 1152 Burm.)
2033 1096 2084 1134 et
2113 1083 2231 1135 edd.
2263 1097 2385 1137 ante
2449 1147 2464 1158 ⁴

1379 1158 1495 1210 ΑΜ.
1520 1162 1678 1212 Error
1700 1173 1778 1212 est
1804 1179 1832 1212 a
1857 1163 2170 1213 confusione
2194 1162 2387 1215 littera-

1378 1257 1494 1290 rum
1522 1238 1540 1288 i
1562 1251 1615 1291 et
1638 1257 1694 1304 e,
1723 1238 1891 1308 qualis
1928 1239 2089 1290 modo
2128 1243 2182 1290 in
2209 1240 2380 1292 Locre.

1377 1316 1550 1369 Guelf.
1579 1320 1775 1369 omisso
1801 1325 1858 1369 zu
1880 1318 2023 1389 (cum
2040 1323 2192 1370 VOSS.
2223 1319 2270 1388 ι)
2293 1320 2385 1372 dat

1376 1396 1613 1468 quamvis
1643 1415 1743 1466 pro
1778 1410 1976 1449 nostro.
2015 1397 2171 1448 Multi
2208 1401 2386 1450 excusi

1374 1475 1614 1547 quamvis
1625 1493 1723 1546 pro
1733 1475 2077 1527 tat—Eadem
2089 1479 2272 1528 nostri.
2285 1478 2378 1528 F».

1449 1552 1497 1605 5.
1531 1555 1766 1606 Judiciis.
1803 1554 1942 1605 Flor.
1981 1554 2046 1626 (a
2077 1575 2157 1627 pr.
2193 1557 2384 1628 manu)

1376 1632 1533 1684 Ruso.
1554 1672 1569 1696 ,
1586 1634 1803 1704 judicis.
1834 1633 2008 1685 Guelf.
2042 1638 2233 1686 omittit
2262 1654 2384 1687 cum

1376 1712 1528 1763 Voss.
1560 1712 1612 1763 3.
1642 1740 1707 1753 -·-
1733 1714 1997 1765 Omittunt
2024 1731 2237 1785 quoque
2266 1717 2379 1766 Put.

1377 1791 1512 1843 Prat.
1532 1790 1719 1844 Caeteri
1740 1791 1973 1864 judiciis.
2000 1795 2088 1844 En.

1449 1869 1498 1922 6.
1523 1870 1716 1921 Tamen
1730 1891 1750 1930 ‚·
1772 1872 1846 1922 sic
1864 1872 2040 1922 Turio.
2061 1870 2200 1923 Flor.
2218 1872 2382 1926 Cant».

1379 1964 1500 1998 cum
1530 1947 1694 1999 Goth.
1721 1953 1874 1999 Voss.
1911 1965 1970 2015 2,
1997 1949 2128 2001 vall.
2165 1952 2297 2003 Alm.
2332 1965 2387 2004 et

1380 2025 1499 2077 edd.
1530 2040 1652 2078 ante
1677 2027 1833 2092 fiad„
1860 2046 1968 2080 arc.
1997 2030 2149 2081 Basil.
2179 2029 2387 2104 Reliqui

1380 2106 1628 2155 omittunt
1641 2143 1657 2169 ,
1676 2124 1900 2176 quorum
1921 2121 2000 2159 est
2013 2108 2187 2159 Guelf.
2205 2139 2275 2149 -
2288 2111 2390 2162 So-

1380 2181 1462 2233 lus
1485 2183 1545 2233 R.
1577 2200 1639 2234 ιο
1659 2182 1714 2234 τὰ
1738 2194 1912 2235 tamen
1937 2188 2145 2238 omittit.
2171 2190 2262 2239 Eo.

1457 2280 1505 2332 7.
1519 2263 1732 2313 Mer-uit.
1748 2265 2064 2333 Impetravit,
2081 2284 2185 2316 non
2201 2265 2390 2338 diguus

1372 2339 1505 2411 fuit.
1522 2339 1658 2392 Vide
1680 2339 1752 2392 lx
1767 2378 1784 2407 ,
1810 2359 1837 2392 2
1852 2379 1869 2406 ‚
1892 2343 1978 2412 98.
1998 2374 2070 2383 —
2085 2345 2205 2394 erc
2230 2343 2391 2396 subti-

1382 2419 1444 2472 lis
1475 2417 1652 2490 Spald.
1683 2418 1951 2472 distinctio
1985 2440 2092 2472 non
2128 2435 2205 2474 est
2233 2422 2388 2475 nobis

1385 2497 1708 2550 admittenda
1725 2535 1741 2563 ,
1768 2518 1931 2571 quum
1953 2499 2020 2551 ταὶ
2049 2519 2142 2551 nec
2169 2513 2394 2555 meretur

1366 2576 1533 2651 fidem
1558 2578 1708 2649 (vide
1734 2578 1825 2632 lib.
1851 2579 1951 2644 lx,
1976 2599 2093 2652 cap.
2124 2598 2150 2633 2
2167 2620 2183 2644 ,
2210 2582 2258 2648 s.
2284 2581 2390 2652 98)

1379 2657 1567 2728 gallice
1605 2677 1890 2730 possumus
1929 2661 2001 2710 sie
2044 2674 2246 2712 vertere
2265 2682 2279 2711 t
2326 2679 2391 2714 ne

1381 2737 1620 2788 mer-itera
1630 2756 1727 2809 pas
1743 2737 1898 2790 d'etre
1910 2758 1999 2791 cru
2015 2777 2032 2803 ‚
2057 2739 2136 2791 vel
2153 2780 2170 2807 ,
2197 2758 2261 2792 ne
2280 2759 2391 2792 sera

1377 2833 1475 2887 pas
1487 2815 1644 2888 dique
1659 2816 1723 2867 de
1730 2815 1836 2888 foi.
1854 2817 1983 2884 Quae
2003 2816 2230 2884 locutio,
2247 2820 2393 2891 equi·

1381 2893 1502 2945 dem
1528 2895 1713 2958 fateor,
1738 2894 1876 2946 idem
1901 2894 2241 2965 significabit,
2265 2916 2325 2949 ac
2346 2899 2391 2949 si

1382 2972 1526 3024 dicas
1546 3012 1564 3036 ,
1611 2972 1932 3027 n'obtiendm‘
1968 2994 2064 3047 pas
2104 2974 2257 3027 d'ecre
2299 2994 2392 3029 cru

1384 3050 1512 3121 (non
1531 3050 2039 3125 impembitfidem)
2067 3054 2170 3106 Sed
2189 3054 2308 3122 hie,
2332 3069 2393 3108 ut

1383 3144 1496 3183 tota
1513 3130 1878 3198 Quintilianeae
1900 3131 2102 3203 phrasis
2120 3137 2197 3187 vis
2228 3138 2393 3208 expri-

1386 3223 1576 3275 matur,
1593 3219 1649 3262 ’τὸ
1670 3211 1859 3262 meruit
1873 3215 2171 3264 necessario
2190 3230 2390 3266 verten-

1384 3289 1511 3341 dum
1558 3301 1636 3342 est
1680 3287 1870 3358 gallico
1910 3288 2070 3340 verbo
2091 3327 2108 3354 ,
2154 3293 2390 3354 mee-iter,-

1386 3386 1575 3438 nempe
1597 3369 1641 3418 si
1659 3367 1928 3420 Philemon
1950 3367 2137 3440 injuste
2156 3369 2395 3441 impetra·

1384 3447 1515 3497 verit
1552 3447 1747 3517 primas
1763 3483 1780 3510 ,
1821 3458 1875 3496 st
1912 3443 2094 3496 saltem
2131 3447 2391 3501 secundas

1385 3545 1492 3576 non
1518 3525 1688 3576 solum
1714 3523 2036 3594 impetravit,
2057 3524 2147 3576 sed
2173 3527 2392 3588 meruit,-

1386 3621 1510 3672 ergo
1545 3603 1733 3675 dignus
1752 3603 1884 3674 fuit.
1907 3600 2040 3652 vide
2071 3605 2205 3656 infra
2235 3607 2285 3673 S.
2324 3606 2391 3674 74

1386 3693 1496 3734 not.
1532 3681 1612 3746 14.
1634 3682 1727 3731 En.

1458 3760 1507 3811 8.
1547 3758 1697 3810 Credi
1725 3757 1986 3810 secundus.
2023 3757 2160 3810 Flor.
2190 3757 2253 3827 (a
2285 3779 2387 3811 sec.

1385 3837 1580 3907 manu)
1612 3856 1657 3889 c.
1691 3853 1791 3887 esse
1822 3856 1858 3888 s.
1878 3875 1894 3898 ,
1925 3856 2044 3887 cum
2076 3838 2218 3890 Jens.
2252 3837 2389 3909 (err.

1386 3916 1571 3986 Gesn.)
1588 3927 1638 3966 et
1656 3912 1776 3966 edd.
1795 3928 1916 3966 ante
1932 3914 2054 3967 Bad.
2073 3916 2176 3967 Sed
2189 3916 2361 3968 Gueff.
2376 3955 2393 3982 ,

1387 4013 1489 4046 esse
1511 3994 1772 4046 secundus.

1459 4089 1509 4141 9.
1537 4068 1704 4121 Multi
1722 4068 1974 4141 scripsere.
1990 4072 2165 4123 Tur-ic.
2181 4111 2197 4138 ,
2222 4072 2396 4126 multis

1387 4150 1623 4211 scribere>
1639 4168 1666 4201 a
1684 4169 1788 4203 sec.
1805 4150 1962 4216 ιιι,ιή
1981 4148 2157 4203 mattis
2169 4153 2392 4206 scribere.
