3200 5159
796 471 877 536 32
1358 474 1450 537 M.
1492 473 1720 537 FABII
1757 474 2314 557 QUINTILIANI

796 593 1128 693 depulsa¹
1173 615 1353 667 recta
1385 594 1565 683 via‘,
1607 596 1994 668 necessario
2022 596 2110 668 ad
2148 598 2527 695 eloquendi
2565 595 2886 696 quaedam

796 703 1212 781 deverticula
1260 709 1617 808 confugiat
1650 741 1669 799 3
1728 737 1855 782 nec
1920 731 2187 783 mutare
2208 710 2236 757 3
2288 713 2611 812 quaedam
2676 712 2887 784 modo

794 823 1043 914 verba,
1095 824 1215 896 sed
1258 824 1662 916 extendere,
1709 827 2050 927 corripere
2077 884 2096 916 ,
2145 849 2582 918 convertere,
2638 826 2890 900 divide-

795 966 865 1010 re
919 961 1241 1040 cogatur:
1275 968 1401 1013 nos
1433 968 1593 1014 vero
1628 962 1930 1014 armatos
1962 963 2135 1014 stare
2175 942 2247 1014 in
2286 943 2465 1032 acie,
2494 964 2562 1015 et
2592 941 2887 1015 summis

691 1064 761 1116 30
794 1055 879 1128 de
915 1058 1119 1130 rebus
1143 1058 1516 1130 decernere
1537 1116 1555 1150 ,
1591 1080 1659 1131 et
1686 1058 1776 1131 ad
1804 1060 2165 1131 victoriam
2198 1060 2323 1133 niti
2345 1058 2398 1131 4.
2430 1062 2676 1157 Neque
2707 1058 2733 1103 ⁵
2756 1085 2884 1157 ego

782 1169 985 1244 'arma
1008 1171 1321 1270 squalere
1340 1171 1371 1217 ⁶
1396 1171 1531 1245 situ
1562 1199 1643 1244 ac
1674 1172 1998 1272 rubigine
2017 1189 2043 1237 7
2072 1171 2283 1248 velim
2304 1173 2360 1265 ⁸,
2384 1173 2506 1247 sed
2528 1174 2883 1272 fulgorem

789 1286 1011 1359 inesse
1031 1302 1087 1378 9,
1117 1287 1238 1386 qui
1278 1308 1559 1379 terreat,
1581 1289 1809 1387 qualis
1839 1290 2229 1379 est¹⁰ferri‚
2265 1317 2406 1390 quo
2441 1316 2641 1361 mens
2669 1287 2885 1361 simul

785 1402 1111 1502 visusque
1151 1403 1723 1503 praestringitur¹¹
1745 1434 1765 1495 ;
1801 1431 1946 1477 non
1985 1406 2212 1504 qualis
2254 1405 2403 1478 auri
2442 1403 2881 1504 argentique,

785 1581 948 1634 Goth.
979 1584 1124 1635 Jeus.
1153 1581 1279 1652 (tac.
1307 1584 1492 1656 Gesn.)
1521 1603 1644 1636 cum
1674 1584 1794 1638 edd.

787 1675 909 1713 ante
946 1662 1099 1714 Basil.
1136 1662 1204 1713 In
1239 1663 1494 1736 propriis,
1520 1663 1794 1717 Tui-icens.

786 1740 963 1792 Guelf.
994 1740 1203 1812 Reliqui
1225 1742 1450 1813 propn'is
1476 1745 1570 1795 uti.
1596 1773 1670 1783 —-
1691 1744 1796 1796 Ea-

786 1820 908 1872 dem
932 1823 1115 1873 nostri.
1142 1820 1236 1872 En.

864 1914 909 1949 ι.
939 1898 1231 1972 Amynta...
1259 1899 1486 1972 depulsa.
1520 1902 1794 1954 Feminina

784 1976 897 2030 hec
922 1980 1320 2052 participiorum
1340 1994 1462 2032 aunt
1481 1980 1549 2032 ab
1570 1981 1795 2034 oblivio-

785 2076 853 2109 ne
896 2072 950 2110 et
985 2073 1133 2129 grata
1150 2097 1166 2125 ‚
1209 2061 1253 2111 si
1293 2063 1380 2112 cui
1415 2062 1486 2113 ita
1525 2061 1794 2134 appellare

783 2137 963 2205 lubet,
997 2139 1311 2210 negligentia
1346 2144 1492 2211 ejus,
1519 2144 1612 2212 qui
1634 2159 1796 2216 genus

784 2218 996 2289 quidem
1008 2258 1024 2284 ,
1042 2219 1186 2290 quod
1203 2219 1364 2271 modo
1379 2234 1634 2291 posuerat
1645 2259 1661 2286 ,
1678 2222 1793 2274 nol-

783 2296 883 2363 let,
908 2311 1095 2369 utpote
1119 2311 1393 2364 neutrum,
1416 2299 1616 2352 diutius
1639 2319 1792 2353 naur-

782 2396 909 2448 pare
929 2415 946 2441 ,
992 2392 1044 2430 et
1088 2397 1186 2448 per
1227 2381 1435 2451 synesin
1479 2379 1792 2450 intelligeret

780 2458 968 2526 poesin
991 2455 1130 2525 (vide
1153 2457 1253 2518 lx,
1276 2475 1304 2508 a
1319 2494 1336 2522 ,
1357 2457 1474 2527 79),
1495 2459 1649 2510 sicuti
1669 2479 1790 2512 mox

782 2548 861 2588 est
899 2535 1131 2590 historia.
1170 2536 1355 2588 Nimiae
1387 2540 1526 2589 enirn
1563 2539 1788 2591 fortasse

778 2616 938 2666 fuerit
951 2616 1182 2667 audaciae
1196 2617 1386 2666 criticae
1397 2653 1414 2680 ,
1432 2617 1474 2667 si
1490 2618 1608 2687 quis
1626 2619 1788 2670 modo

778 2714 878 2766 pro
900 2713 1140 2767 genus-m
1171 2706 1530 2765 comparatum
1566 2713 1789 2770 reponat

775 2785 1040 2845 gentem...
1078 2784 1450 2846 comparatam.
1490 2775 1637 2846 Saepe
1664 2795 1789 2848 qens

776 2851 887 2903 abit
906 2853 960 2903 in
976 2870 1139 2925 qenus
1156 2865 1208 2904 et
1225 2855 1482 2924 genitivus
1486 2850 1785 2929 fiqurarum

777 2928 1076 2982 attrahebat
1111 2949 1308 3003 genum
1345 2935 1433 2984 cui
1467 2933 1660 2985 deinde
1696 2953 1787 2986 ac-

776 3009 1204 3062 commodaretur
1248 3013 1619 3084 participium;
1665 3014 1785 3066 vide

779 3088 822 3160 §.
851 3090 935 3142 31.
963 3079 1215 3142 Si⁴essent
1236 3087 1324 3141 illa
1347 3093 1624 3162 participia
1646 3111 1784 3145 mas-

775 3168 950 3221 culina
972 3168 1196 3240 pluralia
1218 3167 1482 3245 alliqati...
1508 3170 1710 3244 depulsi
1727 3175 1782 3224 in

773 3248 1136 3301 vetustissimis
1160 3247 1332 3314 libris,
1357 3268 1476 3301 curn
1504 3249 1666 3302 Badio
1697 3253 1779 3303 in-

775 3340 1091 3398 terpretarer
1103 3345 1268 3399 genus
1291 3327 1658 3381 subaudiendo
1686 3329 1781 3383 ho-

773 3407 979 3458 minum
1004 3406 1087 3476 (ut
1109 3425 1195 3478 ap.
1211 3410 1354 3478 virg.
1380 3406 1573 3477 Georg.
1598 3411 1654 3474 1,
1677 3410 1745 3463 63
1765 3432 1779 3472 ;

773 3488 1030 3538 Nostrum
1061 3489 1110 3552 1,
1138 3503 1184 3553 t,
1213 3485 1307 3557 8),
1341 3498 1393 3538 et
1428 3489 1779 3559 appositionis

774 3565 894 3617 loco
915 3564 1194 3630 haberem,
1214 3564 1511 3635 subjeetum
1527 3567 1645 3616 voci
1660 3584 1781 3637 poe-

774 3654 862 3694 tas.
886 3642 1018 3696 Vide
1040 3655 1151 3694 not.
1185 3643 1217 3694 8
1242 3661 1431 3714 supra,
1456 3660 1576 3714 pag.
1605 3645 1689 3697 31.

844 3742 892 3775 2.
916 3719 1147 3794 Depulsa
1171 3732 1306 3773 recta
1334 3723 1435 3773 via.
1454 3720 1587 3774 Vide
1615 3724 1690 3789 ΙΙ,
1714 3723 1776 3789 3,

768 3820 832 3871 9,
857 3814 992 3855 recto
1016 3802 1199 3854 itinere
1226 3801 1374 3874 lapsi.

840 3882 890 3934 3.
916 3882 1131 3932 Mutare
1152 3880 1410 3954 quoedam.
1432 3881 1608 3932 Turio.
1633 3879 1774 3931 Flor.

767 3959 820 4029 (a
842 3979 924 4030 pr.
951 3978 1110 4011 manu
1139 3959 1384 4031 uterque)
1413 3969 1750 4031 mutareque!

839 4037 888 4103 4.
922 4037 1054 4089 Nixi.
1084 4039 1301 4110 Neque-,-
1330 4038 1405 4090 sic
1427 4038 1603 4089 Turic.
1634 4037 1772 4090 Flor.

766 4115 943 4168 Guelf.
977 4117 1139 4169 Cute.
1176 4136 1296 4168 cum
1329 4114 1490 4167 Goth.
1518 4116 1674 4168 Voss.
1713 4136 1775 4183 α,

1876 1586 2044 1639 Stoer.
2084 1585 2309 1638 Chouet.
2350 1585 2496 1638 Leid.
2537 1581 2883 1656 probantibus

1877 1664 2074 1730 Badio,
2102 1666 2326 1736 Capper.
2363 1664 2476 1734 (aed
2512 1681 2608 1715 sua
2641 1661 2883 1733 loquaci-

1878 1744 2034 1816 tate),
2055 1745 2320 1808 Gesnero3
2343 1742 2676 1815 improbante
2693 1740 2883 1796 Gibao-

1875 1843 1975 1890 no,
2000 1828 2152 1896 eujus
2177 1827 2305 1876 mira
2330 1823 2416 1876 illa
2441 1822 2511 1892 (S.
2541 1820 2628 1892 21)
2652 1820 2881 1873 eruditio

1874 1906 1982 1955 cito
1995 1903 2217 1957 decoxit.
2236 1903 2442 1974 Reliqui
2457 1904 2695 1954 inserunt
2710 1898 2880 1964 decet,

1875 1983 2037 2053 Regio
2052 1985 2217 2054 magis
2231 1980 2578 2035 subaudiente
2589 2018 2607 2046 ,
2624 1997 2784 2050 quam
2803 1979 2881 2028 in-

1878 2063 2082 2134 terponi
2113 2061 2353 2133 jubente.
2381 2089 2455 2100 —-
2477 2060 2658 2111 Nostri
2696 2067 2878 2109 omnes

1874 2141 1992 2192 niti.
2016 2141 2218 2212 Neque.
2251 2141 2346 2191 Eo.

1945 2220 1997 2271 5.
2011 2220 2137 2294 Ego.
2149 2220 2325 2271 anic.
2342 2216 2479 2269 Flor.
2495 2215 2671 2268 Guelf.
2688 2215 2881 2274 Cium,

1871 2315 1990 2371 erqo
2005 2338 2024 2364 ,
2048 2317 2172 2350 cum
2193 2297 2328 2350 Alm.
2362 2297 2526 2349 Palat.
2550 2295 2722 2348 Gebh.
2742 2294 2875 2347 Vide

1871 2380 1968 2444 VI,
1993 2378 2053 2440 3,
2080 2378 2299 2447 7931X,
2323 2377 2386 2441 3,
2407 2394 2503 2445 70³
2524 2374 2790 2428 Drakenb.
2812 2373 2879 2426 ad

1870 2458 1979 2509 Liv.
2019 2456 2293 2522 XXXVII,
2332 2455 2430 2521 53,
2467 2472 2545 2507 ιι.
2581 2483 2650 2493 -
2681 2453 2877 2506 Eadem

1872 2537 2038 2587 nostri
2061 2533 2229 2587 codd.
2256 2537 2348 2587 En.

1939 2616 1990 2667 6.
2012 2614 2275 2688 Squalere.
2291 2615 2466 2666 Turio.
2490 2613 2658 2677 Flor.,
2677 2610 2879 2684 squalo-

1870 2712 1940 2760 re,
1957 2714 2079 2747 cum
2092 2695 2396 2746 Jens-Tarv.
2409 2695 2644 2746 Correxit
2659 2693 2871 2763 Regius.

1941 2790 1991 2842 7.
2016 2772 2283 2847 Rubiqt‘ne.
2304 2773 2480 2824 Tur-ic.
2507 2771 2561 2842 (a
2584 2791 2665 2844 pr.
2692 2773 2873 2836 manu)

1868 2851 2114 2924 robigine.

1937 2933 1988 2984 8.
2026 2930 2084 2985 V
2076 2930 2217 2982 elim.
2257 2931 2431 2983 Tur-ic.
2450 2968 2468 2997 ,
2511 2931 2688 2982 verim.
2732 2927 2872 2981 Flor.

1863 3009 2067 3072 Guelf.,
2091 3029 2285 3063 verum.

1934 3105 1985 3157 9.
2017 3087 2296 3161 Fulgorem
2332 3089 2517 3152 inesse,
2553 3087 2662 3160 qui.
2691 3087 2867 3140 Turic.

1862 3166 2004 3220 Flor.
2046 3168 2162 3238 (hic
2189 3168 2431 3242 βάθυνε)
2458 3167 2673 3242 ficlqore
2717 3168 2871 3220 nimis

1859 3265 2044 3319 seque,
2074 3268 2195 3300 cum
2222 3248 2382 3300 Goth.
2408 3250 2562 3298 Voss.
2595 3265 2623 3298 a
2655 3246 2780 3317 (sed
2807 3266 2867 3299 ex

1859 3325 1964 3378 hoc
2004 3326 2148 3400 qui).
2198 3326 2421 3401 Fulqore
2465 3329 2643 3380 minus
2685 3345 2867 3400 seque,

1859 3405 2035 3457 Guelf.
2056 3404 2280 3479 Fulqore
2295 3425 2438 3478 sepe,
2458 3407 2620 3458 Caua.
2647 3405 2870 3479 Fulgore

1859 3487 2082 3538 munisse
2107 3487 2198 3559 qui
2212 3526 2229 3554 ,
2262 3489 2404 3539 Jens.
2436 3505 2558 3538 cum
2587 3484 2708 3536 edd.
2746 3504 2869 3558 pos-

1859 3576 1979 3614 terr.
2008 3579 2130 3617 ante
2155 3564 2272 3617 Ald.
2300 3564 2525 3637 Fulqore
2548 3565 2754 3616 munita
2773 3583 2871 3617 esse

1858 3645 1977 3717 qui,
1998 3645 2117 3698 Ald.
2139 3646 2264 3698 Bad.
2287 3666 2348 3699 ex
2373 3648 2514 3715 conj.
2542 3647 2705 3716 Regii.
2729 3646 2868 3699 Noa-

1859 3737 1996 3775 trum
2021 3727 2074 3775 in
2104 3726 2257 3777 Basil.
2289 3725 2495 3795 Reliqui
2525 3723 2604 3776 his
2631 3727 2866 3776 inserunt

1856 3816 1979 3873 post
2001 3801 2147 3878 fulg.
2175 3833 2241 3844 -
2267 3804 2617 3876 Fulqorem...
2643 3805 2738 3875 qui
2766 3814 2865 3855 ter-

1860 3892 1980 3932 reat.
2005 3881 2135 3933 Vide
2159 3884 2305 3948 vm,
2330 3883 2390 3947 3,
2415 3883 2476 3948 3,
2502 3882 2552 3935 5.

1936 3975 2015 4012 ιο.
2037 3959 2219 4030 Qualis
2232 3972 2318 4013 est.
2336 3960 2474 4012 Flor.
2494 3962 2546 4031 (a
2571 3980 2651 4033 pr.
2677 3960 2862 4030 manu)

1859 4041 2053 4090 omittit
2074 4050 2163 4091 est.

1935 4136 2013 4171 tt.
2043 4119 2457 4193 Pmstrinqitur5
2484 4123 2557 4173 sie
2578 4119 2718 4171 Flor.
2739 4120 2867 4172 Per·

766 4194 901 4248 vau.
944 4193 1076 4246 Alm.
1111 4209 1164 4246 et
1197 4194 1315 4248 edd.
1353 4209 1474 4247 ante
1510 4195 1626 4248 Ald.
1661 4214 1772 4248 acc.
1851 4200 2139 4273 stringitur,
2162 4200 2338 4255 Turic.
2363 4202 2720 4255 Guelf.Cntr.
2742 4219 2863 4253 curn
