3200 5159
790 502 918 590 590

1334 502 1446 575 M·
1487 502 1716 565 FABu
1753 501 2309 584 QUINTILIANI

788 647 1127 727 praecepta
1160 625 1557 725 reliquerit?
1586 626 1843 725 dignus
1871 627 1980 701 vel
2012 628 2161 727 ipso
2191 629 2582 730 proposito,
2617 649 2696 701 ut
2720 653 2900 702 eum

685 760 753 815 25
787 742 988 814 scisse
1017 741 1255 813 omnia
1280 739 1400 813 illa
1422 741 1812 814 credamus.
1840 746 1966 814 At¹
2002 744 2335 844 perficere
2368 765 2646 818 tantum
2677 770 2896 844 opus,

786 858 1172 947 arduum23
1219 878 1286 929 et
1334 884 1545 930 nemo
1598 859 1905 956 perfecit.
1963 862 2146 932 Ante
2205 860 2450 933 omnia
2503 859 2755 935 sufficit
2793 858 2896 931 ad

786 972 1338 1047 exhortationem
1380 973 1774 1047 studiorum
1801 974 1855 1064 3,
1899 1001 2043 1046 non
2087 976 2332 1048 cadere
2366 975 2443 1048 in
2487 1002 2724 1048 rerum
2765 1001 2899 1046 na-

786 1108 1057 1177 turam,
1095 1108 1171 1159 ut
1203 1087 1606 1186 quidquid4
1633 1115 1777 1165 non
1809 1110 1908 1161 est
1943 1090 2245 1180 factum,
2288 1117 2378 1163 ne
2413 1090 2563 1161 fieri
2601 1088 2896 1187 quidem

787 1204 1032 1304 possit3
1076 1203 1279 1275 tum⁵
1319 1204 1592 1293 omnia,
1635 1231 1786 1302 quae
1825 1232 2082 1305 magna
2123 1226 2286 1278 sunt
2324 1227 2535 1303 atque
2577 1205 2893 1279 admira-

787 1321 992 1411 bilia,
1037 1341 1315 1420 tempus
1362 1321 1686 1420 aliquod,
1731 1348 1872 1420 quo
1905 1324 2218 1422 primum
2257 1324 2732 1412 efficerentur,
2773 1322 2896 1393 ha-

687 1457 754 1510 26
789 1436 1045 1510 buisse.
1076 1437 1448 1526 Quantum
1483 1435 1727 1508 enim⁶
1752 1438 1978 1535 poesis
2004 1438 2094 1509 ab
2120 1440 2431 1511 Homero
2462 1459 2530 1510 et
2552 1436 2891 1537 Virgilio,

786 1572 1062 1625 tantum
1090 1550 1449 1649 fastigium
1482 1552 1748 1651 accepit
1784 1552 2182 1652 eloquentia
2212 1581 2254 1626 a
2283 1553 2755 1627 Demosthene
2785 1571 2898 1623 at-

788 1693 926 1766 que
978 1667 1354 1756 Cicerone3
1401 1668 1703 1765 denique
1749 1668 2101 1769 quidquid
2150 1690 2249 1741 est
2294 1670 2685 1768 optimum,
2729 1687 2898 1739 ante

789 1810 934 1856 non
959 1785 1481 1856 fuerat.Verum
1506 1785 1775 1857 etiamsi
1801 1786 1959 1885 quis
1987 1813 2268 1859 summa
2295 1786 2645 1885 desperet,
2675 1781 2898 1881 (quod

789 1926 914 1973 cur
938 1900 1168 1990 faciat,
1205 1899 1318 1973 cui
1344 1900 1740 2000 ingenium,
1765 1902 2109 1991 valetudo,
2134 1900 2449 1989 facultas,
2475 1915 2895 2000 7praecepto-

866 2087 913 2123 ι.
938 2070 1024 2122 At.
1051 2070 1257 2136 Guelf.,
1280 2070 1594 2123 ad.—-At...
1617 2071 1797 2144 perfe-
1860 2074 2021 2145 juste
2060 2090 2226 2125 eausoe
2267 2072 2324 2124 in
2360 2071 2614 2124 diversum
2658 2069 2890 2124 trahant.

787 2150 875 2202 eit.
927 2147 1194 2220 Objectio.
1236 2149 1377 2200 Ante
1426 2150 1642 2216 omnia,
1692 2162 1793 2202 etc.

789 2229 1100 2300 Responsio.

865 2327 911 2361 2.
945 2308 1219 2368 Arduum;
1251 2307 1325 2357 sic
1348 2307 1623 2357 Turicens.
1655 2305 1794 2359 Flor.

787 2386 962 2439 Guelf.
987 2384 1148 2439 Goth.
1173 2387 1333 2438 Cum.
1360 2386 1452 2437 Est
1477 2383 1680 2436 addunt
1709 2404 1797 2436 re-

786 2465 935 2536 liqui.
968 2463 1206 2537 Perficit,
1230 2465 1405 2514 Turic.
1431 2462 1606 2515 Guelfl
1632 2462 1793 2514 Goth.

786 2543 1018 2615 (tacente
1031 2544 1231 2614 Gesn.).
1243 2542 1331 2594 Ad
1343 2542 1764 2594 exercitationem
1776 2582 1794 2610 ‚

785 2625 963 2675 Turio.
975 2622 1061 2674 Ad
1075 2621 1514 2687 exercitationem,
1524 2621 1699 2673 Guelf.
1711 2622 1799 2673 Ad

790 2700 1167 2765 hortationem,
1207 2701 1374 2752 Cnuu
1418 2713 1502 2766 et,
1537 2701 1763 2769 junctim
1779 2737 1797 2767 ,

786 2778 1087 2833 Gothanns.

861 2860 912 2912 3.
939 2858 1274 2923 Studiorum,
1298 2875 1406 2909 non
1429 2856 1610 2909 eadere
1636 2858 1692 2909 in
1717 2876 1798 2909 ne—

789 2957 938 3000 rum,·
981 2939 1056 2991 sie
1094 2936 1221 2988 Bad.
1261 2938 1451 2999 tacite3
1491 2936 1796 3003 inventum,

790 3030 851 3070 ut
881 3016 1108 3083 videtur,
1144 3017 1200 3066 in
1226 3014 1362 3068 vall.
1403 3027 1454 3067 et
1488 3017 1563 3066 sic
1595 3014 1794 3087 Gryph.

786 3095 936 3150 Gibs.
963 3109 1017 3150 et
1038 3096 1127 3148 alii
1150 3093 1292 3166 apud
1317 3096 1490 3147 Burm.
1517 3095 1594 3146 St.
1619 3113 1799 3165 capere

790 3175 860 3228 id.
890 3194 960 3241 r.‚
984 3176 1258 3227 Turicens.
1290 3173 1431 3225 Flor.
1460 3173 1634 3226 Guelf.
1671 3176 1794 3226 Exe.

787 3254 934 3308 sant.
961 3272 1083 3304 cum
1110 3253 1247 3304 Alm.
1274 3252 1404 3323 (nisi
1433 3251 1580 3324 quod
1605 3271 1666 3304 ex
1691 3250 1796 3304 hoc

787 3333 1000 3407 caper-id
1017 3333 1101 3403 id)
1120 3332 1272 3384 Basil.
1293 3334 1367 3385 St.
1393 3350 1499 3383 non
1522 3349 1708 3403 cupere
1731 3350 1795 3400 r.‚

786 3412 951 3466 Goth.
978 3410 1101 3483 (tac.
1124 3410 1311 3483 Gesn.)
1334 3411 1486 3462 Voss.
1520 3426 1548 3461 2
1572 3410 1655 3481 (nt
1682 3429 1797 3463 sus·

788 3495 959 3565 picor,
993 3490 1108 3542 vide
1139 3489 1346 3561 Burin.)
1376 3489 1536 3542 Cnn’.
1574 3489 1651 3540 St.
1687 3507 1794 3540 non

782 3589 971 3642 capere
998 3588 1068 3633 r.‚
1097 3569 1243 3622 Jens.
1274 3569 1505 3639 (tacente
1533 3567 1718 3638 Gesn.)
1741 3580 1796 3620 et

785 3663 1008 3722 posterr.
1045 3660 1166 3700 onte
1202 3647 1330 3699 Bad.
1362 3647 1440 3700 St.
1475 3664 1580 3698 non
1610 3664 1794 3716 capere

782 3731 845 3783 id
865 3748 935 3793 r.‚
962 3726 1170 3798 reliqui.
1187 3725 1322 3779 Vide
1343 3744 1467 3778 mox
1493 3725 1575 3777 26.
1602 3725 1670 3775 Id
1693 3744 1792 3797 pro

786 3812 842 3862 in
872 3813 927 3862 in
949 3809 1126 3860 Turio.
1152 3808 1277 3858 Non
1305 3824 1488 3877 capere
1519 3822 1628 3855 non
1656 3804 1795 3857 vide·

787 3905 873 3943 tur
890 3886 1071 3942 referri
1085 3904 1244 3958 posse
1259 3887 1360 3937 nisi
1381 3883 1448 3936 ad
1468 3902 1552 3936 res
1572 3884 1794 3936 nimium

782 3986 1004 4041 magnas
1019 4006 1036 4033 ,
1063 3965 1207 4038 quod
1231 3965 1356 4018 hine
1375 3964 1639 4023 alienum;
1667 3982 1798 4017 noo-

785 4064 920 4102 mm
953 4048 1174 4098 formam
1210 4042 1374 4095 habes
1410 4045 1567 4095 etiam
1592 4043 1672 4108 11,
1703 4059 1793 4113 17,

782 4129 888 4198 34,
920 4126 1017 4178 hoc
1043 4142 1250 4198 quoque
1272 4124 1327 4176 in
1351 4134 1592 4176 naturam
1622 4140 1794 4175 rerum

780 4209 955 4275 cadit,
989 4219 1050 4260 ut
1070 4204 1198 4260 duos
1223 4205 1474 4277 sapientes
1498 4203 1789 4276 aliquando

1949 2151 2002 2218 4.
2048 2152 2120 2202 Ut
2157 2151 2434 2224 quidquid.
2483 2153 2561 2203 Eo
2604 2148 2889 2225 quicquid,

1874 2231 2052 2283 Turio.
2074 2229 2214 2281 Flor.
2231 2228 2408 2283 Guelf.
2430 2227 2701 2301 Neefiefl,
2723 2230 2888 2280 Cant.

1876 2307 2007 2361 Obr.
2051 2307 2206 2379 Quod
2226 2327 2329 2380 pro
2352 2308 2595 2382 quidem,
2620 2307 2797 2361 Guelf.
2818 2337 2890 2347 —

1877 2389 2056 2440 Nostri
2080 2384 2279 2458 nefien'
2295 2387 2523 2459 quiden.
2549 2390 2642 2438 En.

1949 2465 2000 2519 5.
2047 2467 2201 2519 Tum.
2226 2506 2270 2518 ..
2311 2466 2568 2528 habuisse,-
2605 2467 2682 2519 sic
2718 2466 2885 2516 cim.

1880 2547 2070 2598 Cum...
2092 2545 2343 2599 habuisse.
2357 2547 2533 2598 Turio.
2550 2544 2690 2596 Flor.
2708 2541 2888 2596 Guelf-

1878 2642 2001 2675 cum
2025 2622 2215 2676 Almel.
2245 2624 2442 2694 Quin...
2471 2623 2729 2689 habuisse,
2753 2622 2886 2676 Obr.

1881 2703 2071 2754 Cum...
2085 2701 2385 2768 habuerint,
2403 2701 2612 2772 reliqui,
2626 2703 2728 2753 nisi
2743 2698 2892 2771 quod

1878 2779 2200 2845 habuerunt,
2234 2779 2396 2834 Goth.
2420 2785 2576 2835 Voss.
2606 2798 2655 2833 2.
2689 2778 2892 2851 Aliqua

1876 2877 2007 2929 quo,
2035 2860 2310 2912 Turicens,
2339 2859 2405 2910 A.
2429 2859 2569 2932 quod
2580 2899 2600 2926 ,
2624 2858 2892 2912 cunels.—

1876 2937 2071 2989 Eadem
2093 2940 2263 2990 nostri
2282 2936 2454 2990 codd.
2481 2938 2573 2991 Eo.

1945 3016 1998 3067 6.
2022 3017 2240 3068 Enim...
2263 3016 2508 3069 Homero.
2529 3016 2672 3068 Nam
2698 3028 2750 3068 et
2766 3033 2888 3087 poe·

1878 3104 1955 3146 tas
1985 3095 2050 3146 ab
2084 3094 2329 3159 homero,
2360 3096 2539 3147 Turio.
2573 3092 2706 3163 (nisi
2743 3090 2891 3164 quod

1877 3172 2076 3241 omero)
2094 3172 2329 3224 Florent.
2356 3186 2409 3225 et
2430 3175 2486 3225 in
2509 3184 2685 3224 ratur:
2709 3169 2886 3223 Guelf.

1876 3267 1998 3302 cum
2020 3249 2209 3302 Almel.
2243 3252 2385 3303 Nam
2419 3261 2472 3301 et
2494 3250 2659 3321 poesis
2686 3251 2752 3302 ab
2782 3250 2888 3315 11„

1876 3329 2039 3381 Can.
2061 3329 2202 3381 Nam
2229 3341 2483 3402 quantum
2507 3330 2673 3403 poesis
2693 3331 2760 3381 ab
2782 3329 2888 3394 H„

1875 3408 2054 3461 Guelf.
2089 3407 2150 3477 (a
2186 3427 2347 3461 mann
2380 3409 2527 3483 sem).
2556 3409 2887 3476 Vastidium,

1875 3486 2018 3539 Flor.
2045 3486 2283 3560 Accipit,
2312 3487 2473 3541 Goth.
2498 3491 2642 3541 Jens.
2670 3501 2722 3542 et
2749 3500 2887 3559 post.

1874 3581 1996 3620 ante
2016 3567 2168 3619 Basil.
2196 3567 2246 3618 A
2269 3570 2520 3620 omittunt
2541 3570 2720 3621 Turio.
2745 3566 2886 3619 Flor.

1872 3648 2034 3699 Cute.
2050 3664 2172 3697 cum
2191 3644 2329 3697 Alm.
2349 3647 2454 3717 Qui
2468 3666 2691 3711 summa,
2707 3648 2753 3697 T
2755 3648 2884 3697 urie.

1873 3724 2015 3777 Flor.
2040 3722 2216 3778 Guelf.
2242 3723 2294 3794 (a
2320 3743 2403 3794 pr.
2430 3725 2634 3797 manu).
2660 3723 2812 3794 Quod
2831 3725 2887 3775 in

1873 3803 2144 3856 Guelferb.
2173 3822 2203 3855 a
2227 3804 2462 3857 secunda
2492 3823 2656 3857 manu
2684 3803 2883 3857 laeuum

1876 3887 2205 3955 inscriptum.

1948 3981 1999 4033 7.
2032 3965 2399 4036 Proeceptom3
2429 3964 2503 4016 sic
2527 3963 2666 4016 Flor.
2694 3981 2881 4035 quam-

1876 4061 2037 4116 quam
2064 4062 2163 4115 per
2184 4061 2240 4109 e,
2278 4045 2370 4114 qni
2404 4045 2815 4115 superscriptum
2841 4059 2882 4093 ς.

1874 4123 2226 4195 Praeceptor-2,
2250 4122 2429 4175 Turio.
2460 4122 2770 4194 Praeceptor,
2797 4138 2883 4173 ro-

1870 4202 2032 4275 liqui„
