3200 5159
764 451 887 512 512

1348 449 1442 511 M.
1488 446 1713 511 FABII
1754 448 2312 531 QUINTILIANI

765 572 967 671 quia¹
1017 571 1209 643 aliud
1245 572 1319 643 in
1365 572 1502 645 alio
1538 573 1760 671 magis
1805 573 2101 661 eminet,
2148 576 2268 646 sed
2311 576 2502 675 quod
2537 604 2680 648 non
2726 605 2866 650 una

767 687 1099 759 omnibus
1130 688 1359 758 forma
1385 688 1687 787 placuit,
1724 688 1979 787 partim
2013 688 2415 767 conditione
2448 691 2556 762 vel
2591 712 2870 790 tempo-

769 828 963 892 rum,
1006 801 1115 873 vel
1149 801 1493 892 locorum,
1525 802 1780 901 partim
1804 802 2075 903 judicio
2106 802 2456 903 cujusque
2483 827 2688 904 atque
2722 832 2873 904 pro-

768 916 1015 1017 posito.
1058 917 1313 1007 Primi,
1360 944 1664 1015 quorum
1701 916 1993 1015 quidem
2029 946 2238 1017 opera
2279 947 2427 992 non
2476 921 2872 993 ’vetustatis

768 1033 979 1103 modo
1010 1034 1225 1131 gratia
1243 1033 1530 1104 visenda
1553 1031 1788 1120 sunt3,
1818 1032 1986 1104 clari
2014 1032 2360 1132 pictor-ess*
2391 1035 2608 1107 fuisse
2635 1034 2872 1106 dicun·

766 1169 881 1219 tur
927 1147 1400 1249 Polyqnotus⁵
1452 1170 1658 1248 atque
1695 1147 2161 1248 Aqlaophon,
2215 1177 2522 1248 quorum
2576 1151 2872 1250 simplex

767 1317 888 1385 sed,
922 1318 1065 1389 quod
1090 1316 1258 1388 probe
1283 1317 1700 1382 observandum,
1724 1319 1779 1370 in

768 1396 1013 1449 omnibus
1058 1395 1141 1448 his
1188 1397 1319 1451 locis
1362 1399 1384 1471 (
1408 1399 1561 1471 plura
1603 1412 1780 1450 autem

738 1493 745 1500 ·
769 1476 894 1528 mihi
913 1477 1125 1548 quidem
1138 1515 1153 1542 ,
1173 1479 1288 1549 qui,
1306 1495 1366 1528 ea
1391 1497 1505 1550 quae
1521 1476 1780 1530 editorem

767 1554 919 1606 decet
952 1554 1221 1625 diligentia
1240 1595 1258 1622 ,
1291 1553 1434 1608 hunc
1470 1558 1781 1627 scriptorem

768 1651 878 1684 non
911 1631 1138 1704 perlegi,
1186 1651 1295 1685 non
1322 1633 1705 1703 innotuerunt)
1738 1635 1782 1684 is

768 1725 972 1763 tantum
1010 1731 1200 1764 vocum
1243 1711 1452 1765 illarum
1498 1732 1626 1764 usus
1661 1730 1785 1784 pro·

767 1805 899 1856 stat,
921 1810 1027 1861 quo
1040 1793 1332 1862 junguntur
1352 1792 1525 1844 verbis
1550 1792 1785 1862 augenti·

768 1867 896 1933 bus,
936 1868 1275 1921 laudantibus
1292 1908 1308 1934 ,
1360 1867 1782 1922 asseverantibus

775 1970 796 1993 α
818 1951 839 2012 (
862 1950 1041 2000 nescio
1070 1966 1137 2000 an
1167 1947 1486 2020 plurimum,
1517 1950 1779 2016 mittimur,

773 2050 795 2073 a
815 2024 1106 2096 efficacius,
1140 2041 1239 2079 etc.
1257 2027 1278 2099 )
1293 2049 1346 2092 »3
1377 2030 1648 2100 negationi
1664 2031 1785 2099 jun-

765 2119 877 2159 ctas
901 2106 1112 2159 easdem
1135 2106 1278 2179 apud
1293 2108 1559 2161 Nostrum
1574 2125 1682 2158 non
1700 2127 1784 2159 re-

765 2190 935 2260 perio.
975 2189 1165 2258 Neque
1195 2200 1371 2239 tamen
1395 2186 1500 2239 hoe
1540 2205 1605 2240 eo
1629 2185 1781 2253 dico,

768 2267 913 2339 quod
929 2266 995 2318 de
1012 2264 1235 2318 aliorum
1251 2279 1529 2318 auctorum
1544 2284 1644 2318 usu
1657 2266 1782 2320 satis

767 2358 913 2397 certo
944 2344 1121 2410 (haud
1144 2346 1247 2396 scio
1290 2364 1360 2395 an
1386 2363 1538 2396 nemo
1577 2356 1630 2396 et
1664 2345 1779 2396 sim.

765 2423 882 2475 vide
902 2423 1103 2474 Duker.
1143 2421 1210 2474 ad
1230 2422 1368 2475 Flor.
1398 2424 1493 2488 111,
1529 2438 1547 2472 ι
1561 2439 1587 2472 2
1608 2459 1625 2486 ,
1647 2422 1782 2474 Dra-

765 2501 923 2555 keub.
957 2501 1022 2553 ad
1047 2505 1154 2554 Liv.
1177 2503 1450 2567 XXXVII,
1484 2500 1605 2572 54.)
1627 2500 1782 2552 dubi·

766 2595 872 2634 tem
893 2605 903 2633 :
931 2581 1025 2634 sed
1047 2579 1359 2649 Quintiliani
1373 2580 1499 2633 huic
1521 2583 1671 2652 operi
1690 2581 1782 2631 im-

766 2661 974 2711 mittere
1018 2659 1137 2710 meo
1183 2658 1426 2722 arbitrio,
1475 2657 1618 2729 quod
1651 2656 1780 2718 libri

763 2736 963 2810 ubique
986 2755 1169 2788 omnes
1200 2738 1274 2801 (si
1315 2755 1478 2788 unum
1504 2755 1567 2787 ex
1591 2747 1698 2801 tot,
1727 2748 1782 2786 et

765 2836 875 2869 uno
898 2816 1023 2868 loco
1039 2853 1055 2880 ,
1077 2815 1306 2886 excipis)
1325 2832 1434 2867 non
1455 2827 1777 2884 agnoscunt,

752 2889 1022 2968 ⁴cujusque
1083 2893 1227 2968 aliud
1289 2892 1587 2964 exemplum
1636 2893 1780 2964 apud

765 2975 1007 3030 eumdem
1047 2994 1158 3028 non
1198 2988 1307 3036 est3
1355 2972 1488 3039 hoe,
1529 2974 1743 3045 inquam
1761 3011 1779 3039 ,

766 3077 875 3109 non
901 3058 1164 3120 sustineo,
1193 3054 1496 3124 nollemque
1522 3053 1724 3104 factum
1748 3072 1779 3104 a

765 3134 1087 3206 Spaldingio.
1112 3131 1255 3201 Quid
1277 3134 1417 3184 enim
1438 3133 1483 3184 si
1505 3129 1780 3183 fluctuavit

764 3218 820 3267 in
844 3213 947 3266 hoc
973 3214 1132 3265 etiam
1156 3230 1283 3263 usus
1301 3214 1325 3262 ἲ
1355 3209 1500 3278 Quid
1536 3212 1581 3262 si
1611 3211 1778 3278 Quin·

766 3294 978 3346 tilianus
1012 3310 1126 3344 eam
1150 3309 1391 3343 normam
1434 3301 1648 3341 secutus
1672 3302 1777 3354 est,

768 3385 831 3423 ut
854 3371 1019 3424 nescio
1066 3389 1137 3420 an
1174 3366 1466 3440 plurimum
1504 3381 1554 3419 et
1593 3367 1780 3420 similia

766 3469 925 3503 sensu
941 3449 1248 3502 affirmativo
1262 3483 1279 3511 ,
1302 3447 1466 3498 neseio
1487 3465 1559 3496 an
1575 3444 1747 3498 ullum
1759 3484 1777 3511 ,

766 3550 837 3581 an
855 3527 1141 3580 enarrabile
1160 3524 1490 3596 (cujusmodi
1507 3524 1668 3576 verba
1686 3545 1782 3598 per

767 3628 823 3660 se
851 3626 958 3659 non
982 3618 1307 3669 asseverant,
1346 3604 1441 3656 sed
1464 3605 1782 3675 extenuant)

768 3689 1011 3758 negativo
1042 3684 1358 3755 usurparet?
1394 3684 1537 3751 Quin
1565 3685 1783 3737 interest

769 3765 969 3837 aliquid
1013 3767 1149 3816 inter
1197 3762 1490 3834 simplicem
1540 3764 1783 3831 negatio-

767 3864 916 3910 nem,
960 3842 1127 3914 qualis
1166 3853 1246 3893 est
1285 3840 1491 3906 nullus,
1543 3843 1780 3910 quamvis

769 3943 865 3995 per
882 3923 1049 3974 nescio
1067 3940 1137 3976 an
1161 3919 1463 3972 diffidenter
1485 3918 1778 3990 prolatam,

772 4015 824 4053 et
854 4001 995 4051 illam
1019 3998 1086 4050 de
1120 3996 1231 4050 ullo
1259 3997 1674 4050 haesitationem:
1706 4011 1779 4049 at-

772 4096 874 4148 que
918 4095 1015 4146 ego
1053 4075 1196 4127 illam
1240 4093 1341 4146 pro
1387 4073 1488 4128 hac
1525 4075 1777 4146 ponendo

770 4174 982 4209 sensum
1013 4156 1249 4207 minuere
1277 4173 1473 4207 verear.
1519 4154 1780 4207 Coeterum

1860 1337 1941 1370 ars
1964 1316 2111 1384 ulla,
2149 1333 2274 1391 post
2307 1339 2493 1373 vocem
2517 1332 2716 1386 orator,
2749 1320 2872 1371 bre-

1861 1398 1990 1449 viter
2026 1396 2226 1450 dictum
2265 1413 2346 1452 est
2381 1400 2501 1452 loco
2542 1403 2683 1470 ejus,
2725 1399 2870 1472 quod

1861 1475 2070 1547 plenius
2097 1492 2175 1530 est
2204 1478 2399 1550 artifex
2422 1480 2476 1531 in
2511 1493 2622 1532 ane
2653 1478 2778 1531 ulla.
2803 1509 2874 1519 -

1861 1554 1995 1607 Vide
2020 1555 2146 1628 quid
2170 1555 2237 1608 de
2259 1556 2361 1610 hac
2385 1558 2655 1610 locutione
2678 1558 2874 1628 (nescio

1861 1651 1930 1683 an
1952 1632 1976 1704 )
2023 1634 2250 1686 dixerint
2298 1638 2430 1687 DI).-
2458 1636 2779 1707 Pon-Royal
2819 1638 2870 1687 in

1860 1711 2092 1763 Gramm.
2118 1714 2232 1765 Lat.
2258 1714 2353 1764 En.

1943 1807 1985 1840 ι.
2022 1789 2176 1860 Quia.
2201 1792 2378 1843 Turic.
2399 1832 2414 1859 ,
2442 1793 2550 1864 qui.
2602 1795 2870 1844 Turicens.

1862 1866 2002 1918 Flor.
2037 1869 2214 1933 Jens.,
2239 1871 2295 1921 in
2319 1871 2430 1922 alia
2453 1874 2588 1937 (tae.
2608 1871 2798 1942 Gesn.)
2822 1887 2876 1923 et

1864 1944 1984 1995 edd.
1997 1959 2137 2016 post.
2151 1959 2274 1999 ante
2285 1945 2406 1999 Ald.
2426 1948 2576 2018 Quod
2590 1966 2694 2000 uno
2710 1967 2870 2012 omn„

1861 2026 2042 2076 Turic.
2064 2025 2204 2078 Flor.
2237 2027 2458 2100 Cuique,
2484 2028 2659 2080 Turic.
2677 2029 2812 2080 Plor.

1937 2121 1984 2154 α.
2016 2106 2069 2159 V
2065 2107 2309 2159 etustatis.
2340 2107 2390 2160 V
2387 2110 2578 2173 etesiis,
2602 2110 2870 2161 Turicens.

1861 2182 2001 2234 Flor.
2046 2183 2099 2236 V
2095 2184 2297 2236 {scendo
2313 2223 2331 2250 ,
2354 2186 2534 2236 Turic.
2575 2186 2837 2237 Miscenda
2854 2223 2868 2246 ,

1859 2263 2013 2314 Voss.
2046 2278 2066 2313 1
2085 2300 2102 2328 ,
2132 2264 2182 2314 3.
2209 2262 2441 2334 (Dixeris
2466 2266 2627 2316 fuisse
2655 2266 2747 2335 qui
2772 2263 2870 2315 da·-

1861 2354 1977 2392 rent
2002 2360 2107 2394 non
2129 2342 2340 2396 vetustis
2353 2344 2508 2396 modo
2531 2341 2838 2413 miscenda.)

1933 2421 1982 2471 3.
2027 2419 2190 2482 Smin
2225 2422 2300 2474 sie
2327 2422 2504 2473 Turio.
2534 2421 2677 2473 Flor.
2707 2422 2866 2474 Cur.

1858 2498 2004 2550 Jens.
2029 2497 2168 2565 (tac.
2204 2499 2399 2570 Gesn.)
2427 2519 2550 2552 cum
2574 2500 2722 2552 editt.
2739 2513 2870 2551 ante

1860 2578 2007 2629 Leid.
2024 2578 2345 2631 acc.·Rollin.
2363 2581 2498 2645 Sint,
2521 2580 2868 2651 reliqui.Tnm

1857 2656 2159 2723 sui‚'Guelf.
2180 2660 2414 2725 Habeat,
2428 2659 2568 2710 Flor.
2591 2678 2713 2711 cum
2733 2659 2867 2712 Alm.

1860 2765 1929 2775 -
1952 2737 2135 2789 Nostri
2151 2739 2283 2806 sint,
2309 2758 2421 2792 exc.
2443 2741 2551 2790 RR.
2578 2757 2639 2810 7,
2671 2758 2691 2791 r
2708 2756 2726 2790 r
2742 2777 2759 2805 ,
2778 2742 2870 2811 qui

1858 2822 1994 2865 sunt.
2027 2817 2120 2866 Eo.

1931 2892 1982 2958 4.
2008 2892 2151 2946 Clari
2164 2896 2402 2967 pictores.
2428 2898 2488 2948 ln
2511 2895 2595 2948 his
2620 2909 2674 2948 et
2695 2898 2749 2948 in
2768 2909 2870 2949 sta-

1859 2972 2041 3023 tuariis
2069 2973 2159 3042 qui
2183 2991 2305 3025 mox
2329 2989 2690 3041 recensentur,
2708 2977 2866 3026 facie·

1859 3068 1976 3103 mus
1999 3063 2060 3102 ut
2083 3053 2302 3106 Gesner.
2330 3068 2381 3105 et
2404 3057 2638 3124 priores,
2665 3052 2870 3107 studio-

1860 3149 2054 3200 sosque
2072 3130 2432 3203 ablegabimus
2454 3123 2520 3184 ad
2541 3134 2692 3186 Plinii
2709 3133 2868 3186 libros

1857 3209 2111 3272 XXXIV,
2153 3211 2348 3264 XXXV
2365 3251 2380 3278 ,
2429 3227 2482 3264 et
2510 3213 2578 3265 ad
2606 3215 2868 3266 Francisci

1860 3289 1889 3339 J
1894 3291 2006 3340 unii
2021 3289 2336 3360 Catalogum
2351 3292 2651 3355 Artificum:
2668 3296 2767 3346 nisi
2781 3293 2871 3345 ubi

1861 3364 1974 3420 haec
1997 3370 2156 3420 etiam
2171 3368 2490 3422 adminicula
2509 3370 2658 3423 dubii
2678 3370 2872 3443 aliquid

1862 3445 2172 3516 relinquunt
2197 3485 2213 3512 ,
2262 3460 2320 3499 ut
2368 3451 2543 3500 statim
2593 3451 2648 3500 in
2693 3451 2872 3522 primis

1862 3524 2090 3577 duobus.

1900 3604 2322 3678 &Poly-quotum
2335 3604 2500 3657 filium
2510 3607 2673 3658 fuisse
2683 3604 2872 3679 Aqlao·

1860 3683 2076 3753 phontis
2094 3696 2279 3734 notum
2307 3702 2369 3735 ex
2394 3683 2677 3736 Simonidis
2693 3686 2867 3755 Epigr.

1864 3778 1950 3832 ap.
1984 3763 2135 3813 Paus.
2162 3762 2240 3826 X,
2282 3778 2377 3832 27,
2420 3781 2484 3813 ex
2515 3762 2645 3814 Plat.
2673 3764 2783 3814 lon.
2811 3781 2866 3835 p.

1864 3839 1995 3905 532,
2039 3839 2129 3906 E.,
2171 3852 2224 3891 et
2253 3858 2315 3890 ex
2353 3842 2525 3891 Dione
2565 3839 2749 3913 Chrys.
2778 3839 2874 3905 55,

1861 3919 1974 3969 init.
2007 3921 2098 3988 qui
2122 3916 2275 3992 simul
2301 3934 2478 3971 narrat
2502 3937 2622 3971 eum
2645 3933 2796 3991 patre
2813 3921 2868 3970 in

1860 3998 2066 4066 pictura
2087 3999 2337 4066 magistro
2352 4014 2525 4048 usum.
2551 3997 2694 4064 Quid
2717 3999 2872 4066 igitur

1860 4089 1942 4127 est
1956 4095 2053 4128 cur
2067 4077 2228 4147 priori
2253 4076 2374 4129 loco
2395 4076 2743 4150 Polygnotum
2759 4096 2871 4128 me-

1861 4169 2032 4208 morat
2068 4154 2427 4220 Quintilianus
2451 4155 2566 4222 hie,
2611 4156 2704 4208 ubi
2737 4170 2870 4209 tem-
