3200 5159
693 516 1348 611 ms'rsrn'rloms
1383 543 1643 608 ORAT.
1684 544 1843 608 Lm.
1884 544 2043 622 xa,
2093 566 2190 611 ιο.

2367 542 2489 609 565

388 684 522 736 tate
571 668 927 768 complent
983 667 1208 768 spatia
1258 665 1382 738 illa
1436 692 1814 739 nervorum
1848 723 1867 757 ,
1915 687 2121 764 atque
2167 666 2275 737 his
2319 691 2493 764 quos

389 778 990 879 interposuerunt,
1034 782 1349 853 inserunt
1391 780 1605 871 alios,
1661 803 1742 854 ut
1783 780 1985 881 pauci
2031 779 2135 852 illi
2169 779 2495 852 transitus

394 896 649 968 multos
679 897 938 995 gradus
960 897 1284 969 habeant.
1324 897 1566 969 Plures
1600 896 1815 996 igitur
1841 897 2052 969 etiam
2083 894 2494 995 eloquentiae
2527 909 2597 978 69

389 1010 630 1100 facies;
657 1013 774 1085 sed
802 1013 1293 1085 stultissimum
1319 1040 1625 1113 quaerere
1643 1071 1661 1101 ‚
1697 1014 1786 1089 ad
1806 1040 2021 1112 quam
2046 1039 2117 1085 se
2151 1028 2168 1057 ¹
2189 1033 2499 1084 recturus

392 1126 479 1197 sit
511 1151 781 1220 orator,
817 1155 1043 1227 quum
1085 1129 1315 1202 omnis
1351 1129 1652 1228 species,
1692 1155 1848 1229 quae
1888 1129 2099 1200 modo
2143 1149 2324 1199 recta
2359 1148 2458 1200 est
2480 1183 2497 1215 ,

389 1242 645 1315 habeat
674 1272 881 1316 usum
900 1303 917 1334 ,
950 1267 1161 1343 atque
1193 1245 1262 1316 id
1293 1244 1567 1346 ipsum²
1601 1272 1815 1317 omne
1843 1244 1932 1317 sit
1958 1244 2277 1333 oratoris,
2306 1242 2498 1342 quod

388 1358 599 1458 vulgo
637 1386 849 1458 qenus
889 1357 1202 1432 dicendi3
1236 1380 1523 1431 vocant:
1571 1380 1803 1433 utetur
1843 1359 2067 1447 enim,
2113 1378 2192 1430 ut
2225 1385 2328 1430 res
2363 1356 2504 1428 exi-

392 1492 542 1569 get,
577 1473 944 1561 omnibuS,
979 1501 1108 1546 nec
1147 1500 1273 1573 pro
1314 1471 1572 1547 causa4
1619 1474 1871 1564 mode,
1910 1476 2029 1547 sed
2073 1474 2241 1574 pro⁵
2285 1473 2504 1573 parti-

392 1585 525 1656 bus
562 1613 805 1659 causae.
833 1591 1016 1659 Nam
1037 1588 1069 1632 ⁶
1104 1609 1182 1659 ut
1221 1616 1367 1660 non
1403 1589 1654 1661 eedem
1690 1589 1902 1660 modo
1932 1617 2057 1688 pro
2088 1615 2203 1660 reo
2236 1587 2500 1688 capitiS‚
2538 1612 2606 1665 7⁰

395 1723 462 1774 et
488 1703 560 1773 in
594 1705 973 1777 certamine
1006 1704 1440 1797 hereditatiS,
1477 1727 1545 1778 et
1581 1706 1668 1777 de
1704 1705 2124 1778 interdictis?
2163 1732 2242 1777 ac
2284 1731 2501 1804 spon-

399 1904 422 1927 κ
441 1882 764 1952 &accensiva
807 1898 967 1957 atque
1014 1882 1171 1938 ὖπὼη
1213 1884 1367 1951 pion-v
1387 1924 1404 1946 ,

400 1984 424 2007 ιι
445 1981 558 2032 qnae
584 1965 816 2034 singulas
846 1979 1061 2017 octavas
1084 1968 1139 2016 in
1166 1980 1407 2037 quartam

399 2054 421 2083 τι
443 2052 495 2090 et
520 2042 757 2110 quintam
772 2041 1014 2095 dividunt
1026 2081 1043 2109 ‚
1056 2058 1118 2095 ut
1133 2040 1406 2097 nobis-fet

398 2138 420 2161 α
440 2117 477 2167 f.
528 2119 638 2171 Hos
677 2122 856 2192 itaque
891 2124 1128 2192 quinque
1160 2142 1322 2175 sonos
1346 2136 1407 2175 ut

400 2219 421 2242 u
442 2198 707 2270 principes
755 2204 975 2253 secrevit
1014 2202 1403 2270 Quintilianum

401 2299 423 2321 α
444 2277 782 2350 reliquosque
794 2293 920 2346 tres,
936 2283 1188 2353 quoniam
1207 2282 1308 2334 illis
1318 2284 1408 2334 mi·

401 2380 423 2403 κ
444 2376 575 2410 nora
593 2360 705 2429 jam
727 2362 884 2414 unius
899 2363 1013 2413 toni
1027 2361 1298 2415 intervalla
1314 2382 1406 2415 na-

398 2459 422 2484 ·
441 2453 662 2491 scantur
673 2479 689 2506 ‚
706 2459 827 2492 eum
842 2444 1081 2515 proxima
1095 2438 1405 2495 man-vard-

401 2540 423 2564 ι
444 2538 537 2579 eu,
581 2537 683 2590 qua
708 2535 832 2572 octo
862 2521 1211 2573 immobilium
1242 2525 1407 2574 inter-

399 2621 421 2645 ·
442 2597 607 2663 valla,
650 2602 943 2654 secundum
966 2621 1134 2673 genus
1175 2602 1406 2655 diatoni-

400 2700 423 2723 κ
443 2697 563 2729 cum
588 2718 605 2745 ‚
648 2683 883 2732 omnium
927 2682 1372 2754 simplicissimum
1389 2721 1405 2748 ‚

398 2779 422 2802 α
444 2759 582 2809 tonis
612 2771 663 2810 et
695 2758 997 2812 hemitoniis
1035 2760 1405 2833 complentur,

400 2858 421 2881 κ
441 2835 522 2889 his
538 2836 708 2889 verbis
724 2838 1031 2910 complexus
1048 2853 1128 2892 est
1145 2863 1155 2890 :
1171 2839 1406 2913 plurima

399 2937 421 2961 a
442 2915 629 2968 deinde
664 2920 907 2970 varietate
942 2917 1208 2990 complent
1236 2919 1405 2989 spatia

402 3016 425 3038 ι
444 2992 540 3045 illa
564 3013 853 3047 nervorum.
885 2996 1135 3067 Superest
1165 2996 1406 3067 designa-

400 3095 422 3119 ι
445 3075 518 3125 tio
537 3077 801 3126 minorum
817 3075 1211 3127 intervallorum
1224 3079 1407 3146 generi

402 3175 423 3197 ι
444 3152 773 3205 chromatico
799 3167 849 3205 et
893 3153 1241 3205 enharmonio
1278 3174 1408 3227 pro-

405 3253 425 3275 ιι
443 3234 678 3303 priorum
696 3271 712 3298 ‚
760 3252 822 3285 ex
857 3250 963 3303 qua
1007 3233 1130 3283 novi
1168 3235 1411 3284 oriuntur

404 3333 426 3355 κ
447 3314 563 3363 soni
608 3312 873 3382 prioribus
925 3314 1237 3384 interpositi.
1289 3313 1407 3363 Huc

406 3415 427 3436 u
450 3405 690 3462 spectant
712 3391 871 3444 verba
893 3414 905 3442 ε
930 3392 1105 3465 Atque
1121 3392 1199 3445 his
1220 3410 1404 3464 quos...

404 3495 425 3518 a
446 3470 602 3538 alios,
623 3485 780 3542 atque
804 3473 877 3523 ita
905 3490 1160 3523 sonorum
1183 3472 1408 3523 varietas

407 3576 429 3596 α
450 3550 634 3602 eadem
651 3553 934 3622 reperitur,
950 3569 1106 3622 quam
1129 3553 1180 3603 in
1199 3550 1410 3603 dicendi

406 3652 426 3674 α
447 3628 731 3699 generibus
746 3631 985 3698 agnoseit
1002 3632 1227 3701 scriptor
1249 3629 1294 3700 §.
1311 3629 1407 3696 66,

404 3732 425 3756 a
447 3713 519 3761 ita
559 3707 808 3760 horum...
843 3722 922 3761 est
964 3727 1167 3761 eorum.
1190 3733 1212 3756 n
1258 3710 1410 3761 Noti-

404 3814 425 3835 .
446 3791 573 3840 tiam
603 3799 779 3838 autem
803 3805 1056 3839 sonorum
1088 3800 1140 3838 et
1169 3786 1409 3839 interval-

406 3890 428 3914 α
447 3868 622 3919 lorum
652 3868 843 3919 veteris
871 3868 1164 3938 systematis
1195 3878 1411 3916 caetera-

407 3971 429 3993 ι
450 3966 552 4017 que
573 3944 681 3997 huc
710 3947 1003 4017 spectantia
1028 3957 1149 4015 pete
1177 3945 1231 3994 in
1261 3962 1411 3995 com-

407 4049 429 4072 «
451 4026 772 4077 mentatione
797 4042 913 4076 mea
936 4023 1003 4075 de
1027 4022 1412 4074 conformatio·

408 4127 430 4151 a
452 4124 519 4156 ne
557 4106 737 4155 animae
778 4102 1056 4156 mundanae
1085 4103 1141 4155 in
1177 4102 1409 4156 Platonis

408 4205 430 4227 κ
449 4183 675 4247 Timaeo,
703 4183 894 4235 inserta
920 4170 1115 4234 Stuiiiis
1139 4200 1171 4232 a
1198 4180 1410 4234 Daubio

410 4281 432 4305 ι
453 4272 506 4312 et
528 4261 782 4311 Creuzero
802 4259 955 4312 editis
976 4261 1038 4312 T.
1066 4261 1153 4312 ΙΙΙ.
1178 4261 1235 4311 Ρ.
1266 4261 1321 4322 1-;
1359 4272 1413 4312 et

1492 1908 1515 1932 κ
1535 1887 1589 1937 in
1628 1886 1765 1939 libro
1800 1887 1869 1939 de
1909 1888 2092 1939 Metris
2140 1885 2350 1938 Pindari
2392 1885 2462 1937 111
2485 1922 2501 1949 ,

1493 1988 1516 2010 ι
1536 1984 1656 2037 cap.
1685 1985 1731 2037 7.
1753 1992 1775 2014 2·

1565 2062 1610 2096 r.
1642 2046 1711 2101 Se
1733 2057 1962 2098 recturus
1980 2046 2076 2107 sit3
2119 2046 2191 2096 sic
2225 2042 2498 2095 Turicens.

1485 2123 1626 2175 Flor.
1651 2126 1813 2177 Cnn’.
1847 2125 1910 2175 R.
1934 2123 2026 2188 sit,
2051 2122 2228 2174 Guelf.
2251 2122 2337 2175 Sit
2352 2140 2403 2174 se
2427 2139 2497 2186 r.,

1485 2204 1648 2256 Goth.
1665 2204 1799 2275 (tac.
1824 2204 2026 2275 Gesn.).
2045 2204 2105 2254 R.
2122 2221 2173 2256 se
2189 2204 2281 2269 sit,
2292 2202 2499 2274 reliqui.

1488 2313 1556 2324 --
1575 2283 1776 2336 Eadem
1795 2284 1978 2334 nostri.
2000 2284 2094 2333 En.

1563 2381 1612 2414 2.
1635 2363 1706 2414 Id
1721 2363 1891 2434 ipsum
1911 2380 2067 2413 omne
2088 2360 2170 2413 sit.
2200 2360 2327 2411 Tur.
2358 2358 2501 2410 Flor.

1487 2441 1663 2492 Guelf.
1679 2480 1696 2507 ‚
1721 2441 1962 2512 idipsum
1982 2458 2089 2491 non
2109 2441 2200 2506 sit,
2221 2457 2345 2491 cum
2364 2437 2501 2490 Alm.

1485 2518 1648 2572 Goth.
1674 2520 1828 2571 Voss.
1863 2537 1922 2583 2,
1953 2519 2098 2569 Jens.
2126 2530 2178 2568 et
2216 2514 2340 2568 edd.
2379 2527 2504 2567 ante

1488 2598 1644 2650 Basil.
1672 2616 1785 2650 exc.
1815 2596 1935 2650 Ald.
1973 2599 2050 2648 lta
2082 2596 2344 2649 librorum
2369 2596 2506 2646 anti·

1488 2695 1718 2749 quorum
1757 2696 1900 2729 unus
1946 2677 2107 2729 Cmv.
2152 2674 2316 2727 habet
2353 2692 2504 2726 rece-

1485 2769 1653 2828 ptam.
1681 2757 1868 2828 Neque
1893 2769 2069 2808 tamen
2094 2756 2150 2807 in
2170 2754 2277 2806 hoc
2300 2752 2505 2805 haeren-

1488 2837 1644 2903 dum,
1668 2851 1814 2890 recte
1838 2848 2087 2890 monente
2109 2836 2269 2888 Gesn.
2296 2834 2364 2887 de
2378 2853 2504 2887 eon-

1486 2918 1699 2970 fusione
1728 2931 1976 2969 notarum
1998 2919 2030 2966 5
2053 2928 2106 2967 et
2128 2920 2204 2967 δε.
2232 2945 2302 2956 -
2320 2917 2505 2968 Nostri

1485 2995 1654 3048 codd.
1670 3035 1688 3061 ‚
1709 2996 1765 3048 id
1781 2997 1948 3068 ipsum
1973 3013 2082 3045 non
2102 2995 2183 3047 sit.
2208 2997 2310 3046 Pro
2333 2995 2502 3066 ipsum

1486 3075 1637 3128 Poul.
1665 3076 1787 3148 ipse.
1812 3078 1905 3128 En.
2061 3102 2072 3115 ·

1560 3157 1610 3209 3.
1632 3157 1808 3207 Genus
1829 3153 2057 3207 dicendi.
2082 3155 2275 3220 Cura,
2295 3153 2396 3206 dic.
2414 3171 2500 3225 qe-

1490 3252 1602 3286 nus.
1628 3232 1776 3285 Flor.
1792 3272 1810 3299 .,
1838 3244 2046 3286 tutetur.

1560 3313 1611 3380 4.
1657 3313 1761 3365 Pro
1794 3332 1978 3373 eausa,
2017 3311 2074 3363 id
2097 3325 2206 3378 est,
2244 3325 2303 3364 ut
2340 3329 2501 3365 causa

1490 3393 1676 3461 exiget.

1562 3469 1612 3522 5.
1643 3469 1747 3523 Sed
1766 3486 1863 3541 pro
1879 3491 1900 3531 ‚·
1927 3470 2002 3520 sic
2029 3468 2206 3520 Turic.
2226 3466 2496 3520 Guelferb.

1486 3553 1514 3602 J
1522 3568 1632 3602 ens.
1655 3548 1795 3619 (tac.
1812 3549 1971 3600 Gesn.
1986 3547 2008 3617 )
2026 3560 2079 3599 et
2091 3546 2213 3600 edd.
2234 3560 2357 3599 ante
2369 3546 2497 3599 Bad.

1488 3642 1540 3682 et
1562 3632 1800 3682 inserunt
1829 3628 2036 3698 reliqui.

1561 3709 1615 3761 6.
1640 3708 1782 3761 Nam
1811 3717 1871 3758 ut
1896 3723 2020 3757 non.
2057 3706 2333 3757 Tui-icens.
2359 3703 2500 3756 Flor.

1488 3778 1666 3840 G'uelf.
1714 3788 1909 3852 Ceut,
1941 3804 2066 3837 nam
2089 3803 2195 3836 non
2215 3794 2290 3835 ut.
2325 3785 2501 3835 Turio.

1489 3866 1666 3919 Guelf.
1706 3865 1900 3931 Cum,
1936 3874 1989 3915 et
2008 3863 2073 3914 cle
2096 3863 2340 3928 internis,
2379 3880 2504 3913 cum

1491 3943 1654 3998 Goth.
1684 3945 1839 3996 Voss.
1867 3960 1916 3993 2.
1950 3943 2022 3993 Et
2042 3941 2107 3992 de
2130 3941 2335 4007 imnis„
2359 3939 2496 3991 Alm.

1490 4023 1564 4075 Et
1581 4022 1811 4086 internis,
1843 4020 2257 4073 Non—Nostri
2282 4018 2409 4069 etde
2423 4020 2506 4070 in-

1492 4101 1668 4167 ternis,
1691 4108 1802 4153 e'xc.
1828 4098 1980 4150 Poul.
1997 4095 2194 4151 etVall.
2215 4097 2305 4149 lib.
2332 4095 2453 4166 (hie
2472 4118 2504 4150 a

1491 4199 1597 4234 see.
1615 4180 1737 4250 m-)‚
1756 4180 1846 4252 qui
1865 4190 1916 4230 et
1929 4177 1993 4230 de
2017 4178 2068 4228 in
2077 4175 2316 4229 tedicus.
2339 4174 2429 4230 Eu.

1564 4277 1615 4329 7.
1640 4261 1720 4313 De
1735 4257 2020 4312 interdictis
2040 4276 2103 4309 ac
2125 4256 2500 4327 sponsionibus.
