3200 5159
1095 498 1610 568 PRAEFATIO.
2360 519 2396 582 3

302 639 679 730 exemplum
721 632 1073 728 diligenter
1109 639 1267 708 inde
1305 641 1559 729 singula
1601 660 1670 707 et
1704 647 1847 735 ipse
1890 658 2178 723 enotavit
2212 629 2397 731 Butt-
2427 673 2428 676 ’

298 782 610 834 mannus,
640 758 798 822 etin
829 756 1081 822 caeteris
1112 780 1383 850 quoque
1410 757 1776 830 decessoris
1797 790 2052 836 morem
2081 784 2391 854 servavit:

302 898 504 970 quem
538 898 747 965 quum
780 873 1198 963 Spaldingius
1238 896 1372 942 non
1409 878 1562 940 satis
1602 880 2023 968 explicuerit,
2064 887 2399 960 describa-

298 1015 446 1060 mus
469 1014 742 1058 necesse
769 1008 897 1072 est3
929 992 1125 1058 simul
1151 1008 1217 1056 et
1241 1015 1441 1081 quam
1469 999 1880 1088 nosmetipsi
1904 1005 2077 1070 viam
2102 1014 2396 1082 tenuari...

302 1131 448 1176 mus
492 1131 529 1172 a
569 1108 782 1197 prima
818 1107 1140 1196 propositi
1185 1107 1438 1176 itineris
1476 1127 1650 1178 meta
1688 1136 1899 1203 usque
1934 1118 2020 1184 ad
2058 1122 2396 1213 ultimam,

298 1222 618 1316 quodque
643 1225 953 1291 viaticum
979 1246 1115 1288 non
1134 1221 1501 1310 mediocre,
1525 1249 1840 1314 germano
1865 1234 2137 1322 quidem
2156 1240 2397 1319 editori

302 1359 645 1429 negatum,
672 1340 1303 1426 comparaverimus,
1331 1343 1557 1428 paucis
1581 1366 1810 1412 rursus
1833 1347 2157 1439 attingere
2178 1379 2400 1447 operae

301 1458 590 1552 pretium
617 1473 735 1523 est.
762 1457 1090 1525 Nimirum
1121 1455 1538 1547 Spaldingius
1571 1477 1890 1532 statuerat
1917 1467 2004 1533 ab
2033 1470 2220 1539 initio
2255 1476 2398 1545 edi-

301 1573 549 1638 tionem
587 1568 744 1641 dare
782 1571 1121 1640 communi
1162 1585 1419 1637 tantum
1458 1575 1609 1642 usui
1642 1593 1897 1662 aptam,
1938 1604 2138 1670 quam
2177 1603 2400 1659 tamen

218 1681 229 1688 “
304 1709 541 1776 parvo,
571 1706 773 1776 quem
807 1701 947 1756 tum
982 1684 1119 1752 fors
1157 1685 1520 1768 obtulerat,
1548 1709 1871 1778 apparatu
1898 1695 1986 1764 ita
2016 1720 2396 1785 exornaret,

299 1820 372 1868 ut
399 1819 623 1893 posset
646 1799 803 1870 inde
830 1803 1058 1890 augeri
1081 1824 1295 1890 penus
1324 1804 1656 1869 variarum
1681 1807 2046 1884 lectionum
2073 1815 2181 1885 illa
2198 1869 2215 1899 ‚
2249 1845 2398 1911 quae

294 1919 472 2010 apud
503 1921 955 1986 Burmannum
985 1934 1053 1981 et
1076 1918 1450 1993 Gesnerum
1482 1938 1755 2009 prostat.
1788 1927 1963 1996 Hinc
1986 1931 2236 2004 factum
2266 1956 2392 2024 est,

301 2051 532 2106 uttam
554 2056 756 2123 parva
782 2049 1097 2122 appareat
1123 2032 1190 2095 in
1220 2033 1437 2121 primo
1460 2034 1798 2112 volumine
1821 2045 2077 2114 notatio
2098 2050 2402 2120 variatio·

299 2172 460 2218 num
488 2174 503 2211 :
556 2147 807 2238 quippe
861 2168 942 2211 ex
982 2144 1288 2212 omnibus
1340 2147 1450 2227 iis,
1498 2171 1649 2238 quae
1690 2154 2105 2228 Burmannus
2151 2162 2355 2234 habet
2376 2218 2393 2246 ,

300 2266 459 2340 nihil
504 2264 847 2353 repetebat
888 2263 1345 2351 Spaldingius,
1384 2266 1511 2330 nisi
1552 2291 1689 2358 quo
1732 2270 1819 2344 ed
1865 2278 2398 2350 constituendam

296 2378 950 2468 confirmandamque
990 2402 1175 2446 suam
1215 2379 1608 2469 scripturam
1639 2406 1806 2474 opus
1838 2388 2198 2462 videretur.
2238 2401 2397 2466 Mox

296 2514 632 2567 crescente
669 2494 976 2569 codicum
1008 2496 1230 2583 copia,
1261 2520 1470 2587 quum
1492 2500 1664 2591 jam,
1686 2501 1870 2570 velut
1895 2529 1969 2574 se
1997 2509 2235 2593 invito,
2266 2519 2393 2582 cri—

299 2615 491 2686 ticam
510 2662 529 2696 ,
583 2611 652 2677 id
697 2628 798 2677 est
818 2661 836 2692 ,
884 2612 1358 2701 scripturarum
1398 2616 1825 2688 varietatibus
1865 2624 2178 2694 refertam
2199 2680 2217 2710 ‚
2264 2631 2393 2701 sibi

298 2729 580 2796 evadere
608 2726 973 2801 editionem
995 2726 1284 2810 videret,
1319 2731 1502 2820 quod
1530 2749 1678 2804 tum
1699 2740 1932 2829 utique
1960 2746 2128 2810 ratio
2160 2748 2395 2817 suade.

297 2849 441 2929 bat,
480 2847 678 2913 fecit:
717 2848 1098 2917 memoratis
1129 2871 1403 2923 suorum
1430 2850 1738 2922 codicum
1769 2855 2165 2930 lectionibus
2182 2916 2198 2942 ‚
2230 2870 2390 2936 Bur-

294 2967 685 3037 manuianos
716 2967 948 3045 etiam,
986 2967 1104 3055 qui
1137 2989 1292 3038 cum
1328 2990 1593 3059 queque
1634 2974 2146 3061 concordarent,
2184 2983 2388 3054 libros

292 3079 661 3157 annotavi13
688 3078 830 3146 illas
847 3096 1072 3150 autem
1090 3081 1483 3150 variationes
1507 3106 1545 3149 a
1571 3085 1976 3169 Bai-manno,
2009 3093 2391 3167 Gesnerove

288 3193 425 3284 jam
450 3207 740 3270 notatas,
767 3190 1009 3283 quibus
1041 3216 1213 3262 nova
1244 3196 1427 3264 nulla
1447 3199 1801 3266 auctoritas
1823 3204 2204 3303 accederet,
2233 3234 2392 3302 qua..

298 3328 582 3394 rumque
611 3328 808 3371 usum
845 3307 1251 3394 perspiceret
1281 3309 1575 3390 nullum,
1613 3313 1681 3377 in
1716 3337 1902 3414 suam
1941 3341 2211 3411 quoque
2251 3327 2391 3393 edi..

297 3422 548 3487 tionem
576 3442 934 3509 congerere
962 3418 1389 3504 detrectavit3
1421 3439 1623 3515 atque
1654 3425 1738 3496 ed
1766 3428 1938 3498 hanc
1965 3435 2353 3520 plenitatem
2370 3495 2388 3524 ‚

301 3556 447 3622 quae
477 3533 775 3623 quamvis
803 3533 1039 3602 lectori
1072 3534 1269 3602 docto
1305 3538 1670 3629 criticoque
1711 3542 2078 3629 sufficeret,
2118 3576 2254 3619 non
2293 3573 2390 3622 ta-

302 3669 451 3711 men
480 3646 722 3712 futuris
752 3645 1151 3730 editoribuS,
1185 3669 1300 3718 aut
1334 3674 1561 3726 rerum
1591 3657 2011 3748 antiquarum
2048 3666 2391 3758 indagato-

301 3761 476 3827 ribus
521 3783 958 3850 supervacuas
999 3764 1142 3830 illas
1183 3765 1493 3838 redderet
1534 3768 1897 3853 editiones,
1933 3780 2152 3865 priora
2190 3784 2387 3850 etiam

305 3877 636 3943 volumina
667 3880 1142 3968 supplementis
1170 3905 1415 3971 augere
1436 3884 1796 3976 aliquando
1819 3894 2267 3961 constituerat.

387 3996 506 4061 Illa
540 4019 702 4062 vero
739 3998 1027 4080 consilii,
1061 4001 1246 4091 quod
1283 4004 1351 4068 in
1394 4004 1611 4093 primo
1645 4007 1864 4094 operis
1905 4011 2242 4079 volumine
2283 4039 2387 4082 se·-

304 4089 625 4197 quebatur
641 4113 1059 4203 Spaldingius
1072 4167 1090 4193 ‚
1112 4116 1452 4188 diversitas
1469 4119 1652 4186 aliud
1671 4124 1869 4189 etiam
1890 4126 2385 4197 incommodum
