3200 5159
651 473 1303 576 ms'rrrn'rloms
1338 474 1596 542 ORAT.
1638 476 1803 542 ΜΒ.
1840 477 1930 553 x,
1982 500 2033 540 t.

2316 475 2397 562 75

290 595 542 671 birius¹
582 624 661 671 ac
694 599 926 672 Pedo²
961 625 1106 671 non
1141 597 1413 697 indigni
1446 598 1846 697 cognitione
1866 654 1886 687 ,
1923 598 1978 670 si
2008 618 2223 670 vacet.
2254 599 2404 671 Lu-

289 712 550 787 canus³
584 714 873 804 ardema,
908 736 979 786 et
1010 697 1393 787 concitatus
1415 769 1436 802 ‚
1469 733 1538 785 et
1567 713 1921 786 sententiis
1950 711 2404 802 clarissimus,

290 849 394 918 et,
412 851 494 902 ut
518 828 748 903 dicam
772 829 963 929 q'uod
982 829 1238 920 sentio,
1266 829 1493 928 magis
1522 828 1914 902 oratoribus
1940 854 2158 928 quam
2188 826 2408 926 poetis

293 945 875 1019 annumerandus
889 942 942 1016 4.
965 947 1115 1020 Hos
1131 941 1661 1019 nominavimus
1677 1000 1696 1034 ,
1717 945 1885 1045 quia
1899 942 2403 1017 Germanicum
2435 973 2499 1028 9¹

289 1125 334 1160 s,
366 1125 457 1158 ma
491 1106 658 1169 turbi3
688 1127 719 1160 a
747 1100 855 1161 sec'.
889 1127 1049 1164 manu
1082 1118 1312 1162 senectus

291 1188 582 1238 maturavit
597 1225 617 1253 ,
635 1205 761 1240 cum
785 1187 982 1240 Barthii
1000 1187 1133 1240 cod.
1161 1186 1308 1240 Bodl.

289 1264 578 1317 Andreana
592 1304 610 1332 ‚
634 1280 685 1318 et
704 1268 781 1319 sic
800 1265 948 1319 haud
967 1265 1129 1320 dubie
1144 1266 1308 1318 Palat.

290 1343 469 1398 Gebh.
510 1344 612 1399 sed
647 1345 789 1398 Flor.
826 1345 889 1417 (a
923 1366 1005 1418 pr.
1040 1345 1235 1416 manu)
1269 1365 1308 1399 s.

291 1427 475 1478 tur-bit.
505 1424 722 1479 celin-i
750 1439 804 1478 et
825 1426 1058 1479 vidovaei
1086 1424 1210 1479 edd.
1227 1464 1246 1493 ,
1269 1444 1310 1480 s.

291 1506 582 1566 mutuatim
619 1518 674 1557 et
707 1504 815 1558 hoc
856 1508 1029 1559 inesse
1068 1507 1315 1577 suspicor

289 1585 472 1635 Turio.
501 1596 556 1635 et
575 1582 719 1635 Flor.
746 1586 806 1635 ln
828 1583 930 1636 hac
955 1598 1133 1636 autem
1156 1586 1316 1655 scrip-

289 1675 414 1713 tura
456 1678 524 1713 an
567 1663 635 1714 sit
673 1660 1017 1732 reprehensio
1040 1699 1058 1727 ‚
1102 1661 1314 1732 qualem

291 1738 456 1811 vulgo
478 1754 776 1811 agnoscunt
793 1743 849 1793 in
863 1754 1105 1812 recepta,
1123 1741 1311 1792 merito

293 1816 592 1869 dubitatur.
623 1818 729 1870 Res
762 1819 1041 1871 manifesta
1071 1820 1242 1882 foret,
1270 1819 1315 1869 si

291 1914 400 1967 pro
421 1897 587 1966 ipsam
607 1895 870 1967 legeretur
885 1897 994 1967 ipsa
1006 1935 1024 1963 ,
1038 1909 1100 1949 ut
1116 1914 1182 1947 ne
1199 1898 1316 1968 ipsa

296 1973 516 2046 quidem
546 1988 789 2027 senectus
818 1974 1056 2027 attulisse
1084 1978 1198 2045 ejus
1230 1976 1315 2026 in-

291 2056 457 2124 genio
473 2057 828 2107 maturitatem
844 2054 1125 2108 diceretur.
1137 2055 1314 2118 Nunc,

296 2152 417 2205 quae
437 2146 517 2184 est
534 2131 802 2185 Gebhardi
827 2133 1115 2196 sententia,
1136 2143 1316 2202 potest

297 2229 431 2263 sane
483 2210 706 2280 intelligi
760 2212 1053 2263 immaturae
1107 2220 1315 2260 tantum

298 2291 487 2342 mortis
519 2289 863 2361 significatio,
894 2302 946 2341 et
979 2287 1143 2340 habet
1172 2308 1195 2332 ι
1217 2289 1316 2338 ne'c

304 2393 330 2415 c·
351 2372 526 2442 ipsum
546 2393 569 2418 ιι
598 2388 705 2442 qno
739 2370 1021 2430 referatur..
1051 2370 1094 2421 si
1130 2368 1319 2419 memi-

298 2452 442 2502 neris
457 2488 480 2515 ‚
521 2449 670 2501 illum
711 2451 820 2501 sive
863 2450 1164 2513 Varenum,
1209 2449 1316 2499 sive

297 2526 608 2581 Cornelium
622 2527 870 2580 Severum
887 2540 1009 2579 ante
1023 2526 1163 2579 diem
1179 2543 1319 2576 mor·

301 2623 457 2660 tuum
498 2607 661 2659 modo
703 2608 903 2658 narrari
920 2644 938 2672 ‚
973 2605 1222 2676 idemque
1262 2607 1317 2657 in

300 2686 516 2740 Valerio
545 2684 738 2738 Flacco
768 2683 995 2738 ostendi.
1020 2682 1318 2735 Fatendum

301 2779 482 2817 xamen
513 2767 776 2835 ingratum
795 2780 909 2816 esse
940 2762 1235 2836 asyndeton
1260 2764 1317 2816 in

299 2845 467 2897 verbo
499 2844 783 2911 maturuit,
818 2845 1111 2895 orationem
1140 2856 1318 2895 autem

301 2924 581 2974 tersiorem
602 2936 657 2974 et
678 2921 974 2974 molliorem
997 2923 1053 2973 in
1075 2933 1316 2993 recepta3

303 3019 630 3072 quamquam
660 2999 742 3052 vel
775 3002 888 3071 ipsa
919 2998 1067 3066 haec,
1098 3012 1320 3071 propter

301 3080 436 3134 illud
461 3098 556 3132 nec
583 3081 752 3151 ipsum
769 3117 785 3144 ,
813 3091 992 3151 potest
1017 3080 1234 3132 nonnisi
1261 3080 1317 3131 in

298 3161 581 3229 juventute
613 3159 926 3210 exstinctum
960 3156 1188 3212 Saleium
1212 3171 1319 3210 tes·

303 3239 422 3288 tari.
447 3236 572 3304 Quo
593 3247 770 3288 tamen
789 3235 975 3287 ordine
993 3248 1318 3301 recensetur,

305 3328 561 3387 totusque
590 3313 813 3366 dicentis
839 3313 908 3367 de
935 3334 1002 3367 eo
1029 3314 1248 3368 habitus
1273 3317 1318 3369 is

304 3396 419 3448 fere
439 3408 546 3460 est,
564 3407 626 3446 ut
639 3392 885 3465 colligas,
903 3413 1015 3446 non
1030 3393 1187 3456 valde
1207 3395 1318 3447 lau-

303 3473 539 3527 dabilem
554 3476 604 3526 ei
617 3477 785 3526 visum
802 3473 1049 3527 Saleium.
1072 3476 1132 3527 ln
1150 3478 1317 3547 Epist.

304 3554 376 3608 od
407 3552 608 3627 Tryph.
641 3571 684 3606 1.
719 3556 818 3606 Pro
851 3555 1154 3609 maturuisse
1178 3555 1319 3608 Flor.

305 3633 370 3705 (a
393 3653 476 3706 pr.
503 3634 694 3704 manu)
711 3633 885 3687 Guelf.
909 3634 1054 3690 Jens.
1080 3633 1319 3707 (tacente

303 3713 496 3784 Gan.)
517 3714 672 3765 Tarv.
697 3712 849 3778 Alai„
871 3716 1221 3767 matur-avim.

389 3810 433 3844 t.
478 3792 733 3846 Rabirius.
775 3793 876 3845 Hic
895 3830 913 3858 ‚
957 3796 1050 3865 qui
1089 3797 1321 3846 carmine

309 3884 622 3944 persecutus
662 3884 741 3924 est
777 3870 976 3924 bellum
1013 3869 1323 3937 achaicum,

313 3951 518 4023 aliquot
526 3949 870 4022 scriptoribus
881 3969 1001 4002 cum
1014 3951 1200 4003 eximia
1218 3950 1323 4002 lau-

314 4030 381 4084 de
401 4042 742 4094 memoratur,
763 4029 905 4082 velut
926 4028 1116 4084 Ovidio
1136 4029 1319 4098 (Pont.

313 4112 402 4178 JV,
427 4111 518 4177 16,
543 4110 635 4180 5),
660 4123 714 4161 et
739 4109 938 4161 velleio
961 4112 1040 4172 11,
1064 4108 1164 4176 36,
1190 4124 1242 4162 et
1262 4110 1321 4162 1..

299 4189 519 4243 Senecae
546 4189 763 4262 (senet.
781 4190 879 4255 Vl,
905 4189 989 4259 3).
1013 4187 1145 4240 Vide
1169 4192 1319 4242 Voss.

297 4351 324 4396 1

1391 1108 1461 1162 de
1495 1109 1720 1162 Historr.
1758 1112 1871 1162 Lat.
1905 1112 1963 1177 1,
1997 1126 2082 1163 nt.
2117 1105 2264 1161 Nihil
2293 1108 2408 1179 ejus

1390 1189 1672 1262 reliquum.

1468 1286 1515 1320 2.
1538 1266 1844 1320 Pedo.vide
1858 1268 1956 1333 Vl,
1970 1266 2004 1320 3
2017 1305 2033 1332 ,
2048 1266 2110 1318 61
2124 1305 2139 1318 .
2153 1266 2408 1337 Ejusdem

1391 1347 1691 1412 Theseida‚
1722 1367 1838 1420 quae
1871 1361 1924 1399 et
1955 1349 2069 1418 ipsa
2102 1345 2407 1412 intercidit,

1391 1426 1721 1479 demonstrat
1740 1424 1894 1479 ovid.
1916 1428 2071 1477 Pont.
2092 1428 2181 1488 IV,
2205 1425 2296 1489 to,
2318 1441 2377 1494 7¹
2391 1461 2404 1475 .

1391 1507 1589 1557 Versus
1625 1503 1696 1557 de
1732 1505 2067 1574 navigatione
2108 1502 2408 1555 Germanici

1391 1585 1597 1656 profert
1624 1586 1701 1636 M.
1731 1585 1930 1637 Seneca
1954 1585 2169 1636 Suasor.
2204 1599 2221 1634 ι
2238 1620 2252 1634 .
2273 1581 2410 1634 Vide

1393 1664 1533 1716 idem
1550 1667 1706 1715 Voss.
1732 1661 1799 1714 de
1820 1664 1988 1713 Poett.
2010 1662 2176 1724 Latt,
2202 1680 2255 1731 p.
2275 1661 2372 1714 32.

1466 1743 1519 1795 3.
1547 1742 1803 1793 Lucanus.
1829 1741 1971 1791 Nota
1994 1738 2063 1791 de
2086 1738 2192 1792 hoc
2212 1740 2407 1790 omnia.

1393 1820 1499 1873 Alii
1542 1819 1810 1871 historicis
1856 1837 1978 1870 eum
2022 1820 2203 1889 potius
2248 1834 2411 1886 quam

1394 1900 1569 1971 poetis
1579 1910 1949 1951 annumerant.
1963 1896 2109 1948 Serv.
2123 1895 2191 1947 ad
2206 1894 2407 1947 AEneid.
2430 1918 2441 1927 ν

1395 1981 1454 2045 1,
1483 1976 1607 2030 386.
1640 1999 1663 2023 ιι
1682 1978 1929 2027 Lucanus
1962 1973 2084 2026 ideo
2109 1975 2164 2024 in
2184 1991 2408 2025 numero
2473 1964 2488 1984 ⁶

1401 2077 1425 2103 α
1446 2068 1726 2126 poetarum
1754 2071 1868 2105 esse
1896 2072 2006 2104 non
2034 2053 2258 2116 meruit,
2283 2053 2409 2122 quia
2453 2098 2461 2106 .

1399 2157 1425 2185 n
1443 2134 1651 2186 videtur
1691 2131 1977 2184 historiam.
2008 2130 2373 2200 composuisse
2390 2163 2410 2193 ‚

1400 2235 1425 2261 α
1445 2232 1555 2265 non
1589 2229 1802 2285 poema.
1825 2201 2018 2260 {vide
2054 2209 2303 2279 interprr.
2340 2206 2410 2264 ad
2496 2213 2510 2226 ’

1395 2294 1608 2344 Petron.
1638 2291 1768 2355 118,
1798 2301 1850 2341 et
1878 2305 1976 2340 nos
2004 2287 2073 2338 ad
2096 2289 2196 2349 111,
2225 2288 2290 2353 8,
2321 2286 2406 2339 ²3.
2481 2331 2526 2361 Ι.

1396 2371 1500 2425 Sed
1524 2369 1612 2422 hic
1637 2368 1858 2423 consule
1882 2381 1993 2418 not.
2020 2384 2130 2437 seq.
2178 2401 2185 2409 -

1468 2450 1520 2516 4.
1561 2446 2019 2512 Annumemudus.
2057 2445 2269 2510 Turia,
2308 2446 2427 2510 nti-7
2521 2437 2527 2442 “

1398 2529 1621 2589 tandiu,-
1645 2546 1675 2579 a
1702 2542 1811 2579 sec.
1835 2543 1996 2576 manu
2019 2523 2332 2589 imitandus,
2357 2536 2411 2574 et

1397 2609 1475 2659 sic
1501 2607 1641 2659 Flor.
1666 2604 1840 2658 Guelf.
1865 2603 2029 2658 Goth.
2055 2602 2192 2673 (tac.
2217 2601 2411 2674 Gesn.)

1396 2688 1558 2739 Cant.
1586 2703 1708 2738 cum
1728 2684 1867 2736 Alm.
1884 2683 2034 2735 Bodl.
2058 2681 2167 2735 Bal.
2184 2686 2339 2735 Voss.
2363 2698 2411 2748 1,

1399 2783 1451 2831 2,
1471 2765 1524 2831 3,
1542 2763 1677 2815 vau.
1692 2761 1818 2815 Bad.
1837 2762 1991 2814 Basil.
2007 2761 2207 2835 Gryph.
2225 2779 2410 2831 marg.;

1398 2847 1523 2897 item
1547 2848 1702 2897 Vasc.
1732 2841 1917 2914 Steph.
1945 2841 2075 2896 Obr.
2105 2842 2409 2893 Numeran-

1396 2924 1519 2990 (ἰν-ς,
1550 2915 1695 2975 Jens.
1724 2919 1860 2991 (tac.
1886 2920 2082 2992 Gesn.)
2109 2909 2231 2974 c'um
2261 2918 2407 2974 editt.

1398 3016 1627 3074 posterr.
1658 3014 1780 3054 ante
1806 2999 2005 3073 Gryph.
2035 3000 2209 3069 Quam
2242 3001 2410 3072 scrip-

1396 3094 1568 3134 turam
1592 3082 1760 3150 Regio
1784 3079 2064 3152 probatam
2090 3077 2281 3131 Badius
2300 3077 2410 3148 (cui

1398 3160 1652 3214 accedere
1674 3158 1931 3211 Galloeum
1956 3170 2133 3210 narrat
2156 3159 2414 3209 Burman-
2523 3225 2527 3229 ,
2621 3197 2627 3204 .

1397 3240 1525 3311 nus)
1539 3252 1683 3292 recte
1696 3237 1970 3290 ferendam
1985 3249 2163 3307 negat,
2174 3236 2254 3288 vel
2271 3235 2412 3288 enim

1399 3321 1538 3372 inter
1556 3328 1808 3382 oratores,
1834 3316 1917 3368 vel
1941 3315 2223 3369 oratoribus
2245 3333 2415 3365 annu-

1397 3397 1679 3450 merandus
1699 3395 2041 3448 scribendum
2069 3396 2247 3447 fuisse.
2280 3396 2414 3447 Pm-

1397 3477 1502 3528 fert
1525 3475 1685 3545 igitur
1707 3471 1852 3545 quod
1873 3473 2005 3525 dant
2031 3473 2175 3526 MSS.
2206 3474 2294 3524 cui
2321 3473 2413 3524 fir·
2524 3523 2529 3530 ,

1399 3554 1596 3607 mando
1618 3552 1837 3606 adhibet
1860 3552 2087 3605 Ganaeus
2110 3551 2319 3617 locum,
2336 3551 2413 3618 X,

1402 3652 1432 3686 2
1449 3672 1467 3700 ‚
1495 3653 1550 3685 αι
1575 3656 1589 3696 ;
1614 3652 1725 3685 non
1748 3632 1886 3685 male
1908 3629 2018 3684 ille.
2041 3632 2412 3702 Quamquam,

1401 3716 1594 3780 fateor,
1623 3716 1814 3766 tersius
1842 3713 2115 3784 aliquanto
2142 3713 2414 3783 magisque

1379 3794 1614 3867 explere
1654 3795 1889 3845 animum
1925 3790 2139 3844 lectoris
2175 3790 2414 3858 videtur,

1403 3872 1553 3945 quod
1585 3892 1728 3925 nunc
1761 3871 2016 3941 legimus,
2050 3872 2123 3921 ita
2151 3881 2327 3922 tamen
2356 3883 2415 3921 ut

1403 3957 1458 4006 in
1477 3952 1579 4005 hac
1593 3951 2045 4024 rationeqscribere
2063 3949 2240 4003 malim
2262 3970 2286 3996 c
2298 3949 2412 4015 sed,

1397 4051 1432 4079 *-
1453 4046 1515 4084 ut
1536 4032 1713 4084 dicam
1739 4030 1883 4102 quod
1908 4031 2096 4084 sentio.
2119 4051 2144 4075 ι·
2172 4029 2417 4097 Quomo-

1403 4108 1477 4160 do
1493 4124 1670 4162 autem
1692 4108 1803 4160 haec
1825 4110 2083 4180 scriptura
2096 4146 2113 4172 ‚
2131 4109 2174 4161 si
2187 4110 2300 4178 ipsa
2318 4107 2417 4159 fuit

1403 4189 1743 4258 Quintiliani,
1771 4187 1913 4240 abire
1938 4189 2169 4258 potuerit
2191 4189 2244 4240 iu
2267 4204 2415 4253 eam,
