3200 5159
834 518 955 593 162

1389 526 1482 591 M.
1523 524 1755 627 FAan
1797 520 2359 609 QnisTiLlAM

829 664 1014 721 erat¹
1054 648 1425 723 existimari
1478 649 1884 750 praeclusam
1931 638 2136 722 nobis
2182 678 2225 725 a
2268 648 2616 750 prioribus
2651 650 2926 723 'viamz

829 790 1023 837 nunc
1057 792 1215 838 vero
1254 765 1803 839 innumerabiles
1846 787 2009 838 sunt
2046 767 2275 856 modi,
2320 768 2782 866 plurimaeque
2815 795 2935 838 eo·

757 898 790 951 8
831 879 995 953 dem
1029 883 1153 954 viae
1181 882 1472 955 ducunt.
1511 884 1651 955 Sua
1685 883 1996 955 brevitati
2019 882 2049 929 ³
2072 883 2289 981 gratia
2309 941 2327 973 ‚
2354 910 2479 956 sua
2512 883 2767 984 copiae;
2799 883 2937 955 alia

830 998 1173 1070 translatis
1204 1000 1459 1088 virtus,
1498 998 1634 1070 alia
1677 998 2009 1098 propriis:
2045 999 2179 1072 hoc
2228 1001 2443 1072 oratio
2485 1020 2713 1087 recta,
2756 997 2931 1069 illud

830 1113 1056 1212 figura
1081 1113 1468 1187 declinatal*
1490 1112 1966 1186 commendat:
1999 1113 2145 1214 ipsa
2181 1114 2485 1216 denique
2506 1115 2532 1159 ⁵
2565 1114 2935 1185 utilissima

830 1249 932 1300 est
991 1228 1453 1301 exercitationi
1522 1226 1917 1298 difficidtas.
1981 1228 2179 1319 Quid
2211 1227 2241 1300 ’ς’
2297 1229 2491 1327 quod
2549 1227 2580 1274 ⁶
2614 1249 2933 1300 auctores

831 1343 1120 1416 maximi
1136 1343 1232 1415 sic
1250 1342 1649 1442 diligentius
1670 1358 2220 1441 cognoscuntur-7
2240 1344 2268 1414 ?
2286 1367 2432 1415 non
2462 1343 2655 1415 enim
2685 1342 2937 1439 scripta

827 1457 1122 1531 lectione
1152 1486 1393 1531 secura
1424 1457 2008 1547 transcurrimus-»3
2042 1450 2160 1530 sed
2201 1479 2570 1530 tractamus
2612 1457 2889 1557 singula
2911 1513 2932 1546 ,

829 1596 899 1647 et
937 1575 1323 1647 necessario
1356 1574 1917 1672 introspicimus»,
1954 1595 2061 1663 et,
2096 1594 2446 1674 quantum
2483 1572 2753 1647 virtutis
2799 1572 2935 1644 ha·

828 1688 1078 1780 beant,
1111 1687 1218 1761 vel
1263 1689 1398 1760 hoc
1448 1686 1649 1788 ipso⁸
1691 1687 2212 1786 cognoscimus,
2243 1687 2435 1786 quod
2483 1686 2740 1760 imitari
2787 1713 2933 1758 non

755 1839 792 1891 9
829 1831 1203 1904 possumus
1219 1819 1273 1876 9.
1309 1807 1455 1877 Nec
1482 1801 1735 1876 'aliena
1781 1800 2056 1891 tantum
2107 1805 2472 1876 transferre
2495 1858 2515 1892 ,
2550 1802 2672 1876 sed
2720 1803 2933 1875 etiam

828 1942 1065 1993 nostra
1094 1920 1414 2021 pluribus
1441 1933 1499 1964 ¹⁰
1533 1914 1760 1991 modis
1783 1939 2072 1991 tractare
2105 1918 2450 2018 proderit,
2469 1938 2561 1990 ‘ut
2588 1945 2672 1991 ex
2691 1917 2937 1989 indus-

829 2036 958 2111 tria
1003 2063 1368 2109 sumamus
1419 2036 1798 2108 sententias
1857 2033 2237 2133 quasdam,
2278 2061 2530 2133 easque
2579 2059 2934 2121 versemus

831 2174 1049 2254 quam
1095 2152 1663 2225 numerosissime
1692 2165 1739 2196 ¹¹
1765 2208 1790 2242 ,
1832 2150 2021 2223 velut
2066 2151 2314 2223 eadem
2354 2177 2509 2224 cera
2544 2148 2696 2222 aliae
2730 2171 2934 2249 atque

911 2367 956 2401 t.
980 2348 1128 2400 Erat.
1154 2346 1316 2398 Goth.
1339 2347 1484 2398 Jens.
1509 2344 1635 2416 (tac.
1656 2343 1851 2413 Gesn.)

832 2428 963 2493 erit,
998 2446 1121 2478 cum
1154 2425 1274 2477 edd.
1307 2425 1691 2497 posterioribus
1720 2435 1844 2475 ante

832 2505 978 2558 Leid.
997 2544 1013 2572 ‚
1045 2523 1155 2556 exc.
1182 2502 1335 2555 Basil.
1360 2532 1433 2542 -
1455 2501 1589 2554 vall.
1616 2501 1707 2552 lib.
1733 2504 1841 2554 RB.

836 2585 896 2650 8,
921 2602 983 2655 9,
1006 2584 1118 2634 erit.
1147 2585 1239 2634 En.

910 2684 957 2716 α.
984 2664 1138 2717 Viam
1156 2684 1172 2710 .·
1197 2677 1354 2712 nunc.
1375 2652 1520 2711 Flor.
1536 2658 1590 2728 (a
1611 2656 1845 2710 secunda

829 2740 1031 2811 manu)
1060 2741 1222 2792 Cimr.
1248 2740 1487 2789 inserunt
1515 2737 1568 2787 in
1594 2736 1844 2802 dicendo,

836 2839 958 2873 cum
986 2818 1147 2871 Goth.
1167 2820 1321 2868 Voss.
1350 2834 1378 2868 2
1406 2821 1488 2882 (ut
1509 2815 1763 2881 videtui-J,
1794 2829 1847 2867 et

838 2898 958 2951 edd.
1000 2911 1122 2949 ante
1155 2897 1323 2949 Stoer.
1360 2912 1472 2946 exc.
1509 2893 1640 2945 Basil
1676 2930 1693 2958 ,
1732 2912 1844 2945 acc.
1884 2934 1890 2941 .

835 2978 982 3031 Gibs.
1008 2976 1136 3031 Obr.
1161 2978 1260 3027 Pro
1287 2992 1426 3025 raeuuc
1451 2990 1567 3025 vero
1590 2971 1728 3024 Alm.
1756 2991 1848 3024 nu·

838 3077 995 3110 mero.

909 3140 961 3191 3.
986 3138 1093 3190 Sua
1128 3134 1365 3188 brevitati
1388 3133 1596 3208 gratia,
1631 3150 1724 3184 sua
1757 3150 1848 3183 co-

831 3220 970 3292 pioe,·
1004 3217 1130 3271 alia.
1163 3217 1337 3281 Jens.‚
1374 3216 1477 3267 sive
1508 3212 1765 3265 brevitatis
1791 3231 1845 3285 q.

835 3301 942 3352 sive
971 3317 1015 3350 c.
1049 3318 1117 3365 a,
1149 3316 1269 3348 cum
1306 3294 1428 3347 edd.
1462 3306 1689 3365 poster-r.
1724 3305 1848 3343 ante

837 3379 963 3431 Bad.
999 3376 1102 3431 Sed
1130 3378 1342 3442 Τηνία,
1373 3394 1413 3428 s.
1446 3373 1491 3424 b.
1522 3372 1753 3445 qratiam
1790 3381 1852 3422 ut

837 3460 946 3512 alia
963 3482 982 3521 ,·
1014 3478 1043 3510 a
1073 3477 1177 3510 sec.
1214 3474 1373 3507 manu
1400 3453 1606 3528 qratia,
1639 3463 1846 3530 retento

838 3557 905 3591 an
940 3540 1135 3589 omisso
1174 3545 1234 3587 ut
1268 3535 1467 3585 nesci0.
1501 3530 1642 3582 Flor.
1678 3532 1848 3601 prima

839 3636 1027 3670 manus
1046 3616 1260 3688 penitus
1279 3613 1493 3676 abrasa,
1509 3624 1561 3662 et
1575 3629 1671 3662 sua
1689 3612 1849 3680 copioe

839 3698 1149 3768 repositum.
1197 3691 1336 3744 Alm.
1382 3689 1494 3741 haec
1536 3687 1647 3740 duo
1687 3687 1849 3740 verba

839 3777 1049 3828 omittit.
1071 3772 1276 3837 Guelf.‚
1298 3791 1336 3825 s.
1362 3768 1607 3821 brevitate
1625 3785 1680 3839 9.
1704 3786 1743 3819 s.
1770 3784 1851 3817 co-

833 3857 959 3927 pia,
984 3871 1107 3904 cum
1139 3853 1289 3902 Voss.
1320 3866 1365 3912 i,
1388 3848 1441 3900 3.

910 3933 962 3999 4.
994 3932 1186 4004 Figura
1219 3927 1497 3981 declinata.
1531 3923 1591 3977 ld
1619 3936 1700 3976 est
1730 3921 1848 3995 (in-

841 4023 1161 4083 terpretante
1185 4004 1472 4079 Cappa-A,
1496 4024 1528 4057 a
1549 4018 1697 4055 recto
1721 4005 1850 4054 sim-

841 4093 1074 4164 plicique
1115 4106 1360 4142 sermone
1395 4084 1583 4137 inflexa
1622 4102 1717 4155 per
1752 4083 1850 4134 ali-

841 4190 1001 4244 quam
1021 4170 1332 4235 verborum,
1356 4179 1448 4219 aut
1471 4165 1851 4218 sententiarum

839 4254 1094 4322 flgiti-anu
1129 4266 1252 4301 nam
1284 4246 1372 4299 hic
1402 4241 1457 4298 τὲ
1476 4241 1665 4317 figura
1690 4256 1768 4296 est
1794 4245 1853 4295 in

1924 2343 2175 2408 ablativo,
2196 2358 2249 2397 et
2263 2339 2323 2396 σὲ
2343 2342 2629 2409 declinata,
2646 2361 2720 2395 sc.
2743 2344 2946 2411 oratio,-

1923 2426 1981 2475 in
2009 2422 2353 2475 nominativo.
2376 2424 2472 2474 En.

1996 2500 2046 2554 5.
2096 2503 2217 2573 Ipsa
2260 2502 2501 2574 denique.
2527 2538 2539 2551 .
2564 2539 2577 2552 .
2626 2494 2936 2571 difficultas.

1924 2581 2060 2634 Nam
2088 2584 2181 2652 qui
2205 2600 2263 2633 se
2285 2583 2519 2633 exercuit
2541 2583 2597 2632 in
2619 2578 2781 2632 rebus
2804 2576 2939 2630 diffi-

1925 2660 2159 2727 cillimis,
2182 2660 2469 2733 proclivior
2490 2661 2589 2713 erit
2612 2659 2682 2712 ad
2706 2658 2938 2711 facilium

1926 2744 2313 2792 tractationem.
2333 2743 2503 2792 Tuum.

1997 2821 2050 2872 6.
2075 2822 2342 2872 Auctores.
2370 2821 2566 2882 Cum,
2591 2827 2837 2870 oratores.

1998 2916 2048 2969 7.
2075 2904 2480 2973 Cognoscuntur.
2500 2900 2677 2951 Turio.
2704 2897 2937 2949 Floreat.

1924 2978 1977 3050 (a
1994 2999 2073 3050 pr.
2099 2998 2256 3030 manu
2277 2977 2527 3049 uterque)
2543 2987 2936 3050 coqnoecantur,

1927 3078 2050 3112 cum
2074 3058 2209 3111 Alm.
2234 3089 2301 3099 -—
2320 3058 2503 3111 Nostri
2527 3073 2711 3108 omnes
2736 3074 2941 3132 coquos·

1926 3149 2135 3191 cuntur.
2162 3140 2255 3189 En.

1999 3219 2050 3271 8.
2077 3221 2217 3289 Ipso.
2237 3219 2415 3269 Turio.
2437 3217 2576 3268 Flo'r.
2598 3214 2652 3286 (a
2671 3234 2757 3287 pr.
2777 3232 2938 3268 mann

1927 3298 2175 3369 uterque)
2200 3298 2312 3369 ipsi.

1997 3395 2048 3448 9.
2078 3379 2371 3431 Possumus.
2390 3376 2567 3426 Tur-ic.
2592 3373 2733 3440 Flor.
2761 3372 2786 3443 (
2799 3372 2887 3425 hic
2907 3391 2939 3425 a

1927 3477 2006 3529 pr.
2042 3457 2234 3527 manu)
2263 3456 2528 3528 possimus.
2568 3457 2610 3505 A
2637 3472 2745 3507 sec.
2777 3472 2939 3505 manu

1926 3537 2103 3587 Turic.
2120 3535 2286 3587 ‘modo
2309 3535 2529 3586 imitare.
2542 3563 2616 3575 --
2630 3533 2814 3585 Nostri
2829 3531 2943 3585 ini-

1929 3614 2030 3666 tari
2045 3632 2150 3664 non
2166 3620 2463 3684 possumus,
2479 3612 2581 3663 nisi
2595 3610 2741 3681 quod
2762 3613 2825 3662 R.
2851 3627 2937 3675 ιτ,

1924 3694 2189 3765 possimus.
2213 3695 2332 3743 Haec
2353 3693 2604 3743 omittunt
2622 3692 2769 3741 Avic.
2790 3689 2935 3741 Poul-

1930 3785 1983 3822 et
2006 3769 2152 3842 apud
2176 3772 2350 3821 Burm.
2372 3770 2525 3820 Voss.
2553 3785 2599 3833 ι,
2623 3766 2676 3818 3.
2701 3769 2798 3819 En.

2010 3867 2089 3900 ιο.
2116 3849 2378 3901 Pluribus.
2394 3847 2558 3901 Goth.
2583 3844 2937 3919 Icus-‚pluri-

1930 3932 2059 3996 mis,
2089 3948 2212 3981 cum
2241 3929 2363 3980 edd.
2387 3941 2612 4000 posterr-
2637 3941 2761 3979 ante
2787 3925 2941 3993 And..

1932 4027 2041 4061 acc.
2081 4006 2208 4059 Bad.
2248 4010 2457 4061 Omittit
2488 4006 2655 4058 modis
2684 4004 2818 4059 Obr.
2846 4022 2937 4077 per

1930 4106 2176 4141 errorem.

2010 4181 2028 4216 t
2048 4181 2089 4215 i.
2108 4162 2551 4218 Numemistime.
2562 4162 2698 4216 Vide
2708 4161 2938 4227 lib.vtn,

1931 4245 2157 4296 Pmoem.
2187 4260 2247 4295 a..
2822 4260 2829 4271 ¹
