3200 5159
786 471 909 537 252

1346 470 1439 535 M.
1477 416 1705 534 rien
1741 468 2294 552 QUINTILIANI

679 600 747 668 ⁸4
790 613 1067 663 centem
1090 605 1109 637 ¹
1157 591 1325 691 ipsis
1362 592 1826 665 incommodis
1864 592 2044 665 bene
2082 593 2205 665 uti.
2247 592 2395 666 Illic
2436 592 2702 693 major²
2741 618 2870 664 ωε-

783 725 893 777 tus
909 702 962 795 3,
997 705 1118 778 ubi
1148 706 1304 804 quis
1327 706 1661 806 pudenda
1683 705 2021 806 queritur,
2047 729 2126 780 ut
2142 728 2492 807 stuprum,
2517 707 2874 808 praecipue'

784 818 1232 910 immaribus,
1262 840 1385 892 aut
1405 816 1525 892 os⁴
1559 821 2048 919 profanatum:
2073 847 2215 892 non
2242 820 2428 911 dico,
2457 820 2515 893 si
2538 821 2870 921 loquatur

787 931 968 1032 ipse3
1010 960 1176 1008 nam
1208 933 1383 1032 quid
1413 933 1606 1005 aliud
1649 933 1745 1023 ei,
1779 960 1992 1032 quam
2035 934 2334 1032 gemitus
2374 961 2454 1007 ac
2499 932 2769 1023 fletus⁵,
2800 955 2868 1006 et

785 1049 1148 1121 exsecratio
1177 1049 1323 1120 vitae
1353 1046 1759 1122 conveniat?
1786 1069 1864 1121 ut
1882 1048 2100 1150 judex
2129 1048 2470 1148 intelligat
2499 1049 2727 1149 potins
2749 1048 2868 1122 do-

785 1161 1005 1236 lorem
1058 1163 1293 1253 illum,
1336 1191 1550 1263 quam
1597 1164 1878 1236 audiat:
1923 1165 2042 1237 s'ed
2080 1186 2373 1266 patrono
2409 1192 2690 1266 quoque
2745 1191 2871 1264 per

785 1277 1042 1351 similes
1073 1280 1363 1351 affectus
1387 1279 1707 1350 eundum
1741 1278 1900 1367 erit,
1946 1281 2110 1378 quia
2153 1280 2286 1352 hoc
2336 1279 2602 1382 injurioe
2643 1304 2867 1378 genus

677 1400 748 1458 85
785 1391 1285 1466 verecundius⁶
1313 1393 1489 1465 inest
1519 1393 1754 1493 passis,
1782 1419 1993 1491 quam
2025 1395 2230 1469 ausis.
2255 1393 2644 1467 Mollienda
2666 1394 2868 1467 estin

784 1506 1130 1608 plerisque
1163 1507 1299 1580 alio
1345 1509 1608 1582 colore⁷
1639 1508 1961 1608 asperitas
2005 1510 2367 1600 orationis,
2405 1530 2482 1582 ut
2511 1509 2753 1585 Cicero
2780 1509 2868 1582 de

866 1739 911 1776 ι.
955 1724 1222 1776 Dicentem
1269 1724 1388 1795 ipsis
1428 1723 1785 1778 incommodis.

788 1805 903 1855 Hoc
937 1804 1119 1855 ordine
1143 1804 1319 1855 Turic.
1348 1803 1487 1856 Flor.
1514 1803 1787 1856 Guelferb.

788 1883 1019 1935 Gothau.
1044 1881 1168 1954 (tac.
1189 1883 1376 1954 Gesn.)
1398 1883 1561 1936 Cant.
1584 1884 1790 1957 Reliqui

789 1960 908 2031 ipsis
930 1959 1269 2013 incommodis
1289 1959 1565 2014 dicentem.
1637 1958 1644 1969 “

863 2057 911 2092 2.
952 2040 1141 2112 Major.
1176 2039 1350 2092 Guelf.
1390 2043 1513 2094 Exc.
1545 2040 1792 2109 sautem,

788 2122 1008 2192 majora.
1032 2150 1091 2162 -
1110 2122 1194 2174 Sic
1220 2139 1435 2192 quoque
1459 2120 1606 2174 solus
1624 2122 1686 2175 Β.
1710 2137 1790 2174 ιο.

789 2197 976 2250 Caeteri
999 2201 1182 2270 major.
1205 2199 1299 2250 Eu.

858 2277 910 2328 3.
934 2276 1127 2329 AEstus.
1146 2277 1255 2329 BR.
1279 2292 1330 2344 7,
1357 2292 1376 2326 ι
1392 2292 1438 2342 ι,
1456 2287 1529 2328 est
1548 2276 1639 2328 vis.
1660 2277 1754 2328 Eo.

861 2354 913 2421 4.
957 2356 1025 2407 05
1054 2355 1416 2427 profanatum.
1458 2356 1621 2409 Goth.
1658 2355 1792 2425 (err.

789 2433 974 2505 Gesn.)
995 2434 1189 2499 Cannu,
1216 2435 1377 2488 honos
1405 2426 1793 2507 prophanatus,

792 2530 916 2563 cum
942 2516 1093 2563 Voss.
1136 2528 1164 2562 2
1202 2510 1351 2580 (vide
1376 2513 1439 2565 82
1454 2512 1493 2583 ).
1509 2541 1581 2552 —-
1597 2512 1796 2565 Eadem

793 2591 976 2642 nostri.
1004 2590 1097 2641 Eu.

804 2692 811 2697 ·
866 2668 916 2722 5.
955 2667 1032 2720 Ac
1046 2668 1238 2744 fletus,
1276 2678 1343 2720 et.
1377 2670 1552 2721 Turic.
1586 2668 1758 2720 Guelf.
1778 2705 1796 2731 ,

794 2758 887 2799 aut
902 2745 954 2817 f.
980 2746 1142 2797 Cam».
1160 2784 1176 2808 ‚
1201 2747 1353 2819 ants.
1375 2756 1441 2798 et.
1461 2748 1609 2798 Jens.
1627 2783 1643 2809 ,
1666 2766 1729 2799 ac
1740 2747 1794 2817 f.

795 2828 909 2878 sine
920 2835 997 2889 et,
1014 2842 1132 2876 cum
1141 2825 1296 2876 Tarv.
1309 2826 1402 2894 qui
1417 2837 1469 2876 et
1482 2824 1795 2877 exercitatio.

863 2904 916 2956 6.
960 2902 1366 2956 Verecundiam...
1402 2902 1552 2956 ausis.
1583 2905 1798 2969 Turic.‚

797 2982 1095 3036 verecunda
1116 2992 1189 3036 est
1205 3001 1263 3053 p.
1283 3000 1335 3054 q.
1357 3003 1408 3034 α.
1430 2982 1638 3049 Guelf.‚
1667 3000 1800 3035 vere·

795 3062 1093 3116 cundassem
1117 3080 1173 3133 p.
1193 3081 1245 3134 q.
1267 3082 1317 3114 a.
1343 3061 1572 3114 Gothan.
1605 3064 1800 3114 omisso

796 3141 958 3195 modo
976 3141 1178 3214 injurioe
1192 3143 1267 3194 sic
1282 3161 1294 3191 ε
1314 3141 1803 3214 verecundioeqenus

796 3231 870 3274 est
893 3236 951 3291 p,
985 3237 1036 3290 q.
1065 3238 1116 3270 a.
1145 3218 1305 3271 Cane.
1325 3256 1342 3285 ‚
1378 3218 1708 3272 verecundius
1731 3230 1803 3273 est

794 3318 850 3371 p.
875 3317 926 3370 q.
953 3317 1002 3350 a.
1044 3297 1096 3349 Si
1122 3312 1262 3351 recte
1290 3299 1471 3351 siletur
1491 3298 1630 3350 Flor.
1656 3296 1802 3368 (me-

800 3391 1033 3430 moratus
1060 3376 1148 3429 ille
1175 3378 1230 3429 in
1253 3377 1357 3430 hoc
1380 3380 1497 3449 ipso
1521 3396 1678 3430 versu
1707 3379 1801 3449 qui

798 3456 869 3509 ad
895 3457 993 3508 hoe
1024 3455 1151 3508 dare
1174 3475 1295 3508 cum
1315 3454 1515 3527 Guelf.)
1540 3454 1799 3508 habemus

797 3554 963 3588 uuum
1004 3536 1419 3605 antiquissimum
1462 3547 1649 3586 testem
1685 3536 1801 3587 vul-

797 3626 929 3685 θείω
965 3615 1249 3683 scripturn.
1278 3612 1544 3664 Gesnerus
1578 3631 1608 3663 e
1637 3610 1797 3664 Goth.

800 3695 933 3747 eruit
973 3692 1099 3763 quia
1137 3689 1233 3742 hoc
1265 3708 1430 3761 yenus
1467 3688 1802 3760 (intellecto,

799 3790 909 3826 nou
933 3789 1178 3843 expresso
1201 3768 1293 3821 ino
1319 3768 1540 3842 injurioe)
1564 3789 1803 3823 verecun-

800 3849 899 3903 dioe
923 3861 1068 3923 estp.
1091 3869 1141 3922 q.
1163 3869 1215 3900 a.
1243 3847 1310 3900 ad
1335 3868 1531 3901 morem
1554 3848 1701 3901 illum
1725 3867 1804 3901 sa·

800 3931 868 3980 tis
896 3929 1163 3998 cognitum
1189 3925 1462 3978 omittendi
1490 3925 1797 3979 adverbium

800 4007 992 4078 magis,
1017 4004 1084 4059 tle
1110 4018 1216 4076 quo
1244 4004 1363 4056 vide
1391 4023 1496 4075 pra·
1524 4003 1639 4057 aliis
1662 4007 1800 4058 Dra-

800 4081 957 4137 kenb.
991 4083 1057 4136 ad
1094 4085 1203 4136 Liv.
1235 4082 1470 4148 XXXIV,
1499 4084 1597 4152 49,
1628 4100 1707 4136 ιο.
1743 4086 1799 4135 ln

799 4161 903 4214 illis
913 4163 1139 4215 Livianis
1154 4175 1329 4215 tamen
1346 4162 1596 4235 exemplis
1612 4165 1802 4235 sopius

1870 1736 1974 1777 tam
1998 1725 2177 1780 deesse
2198 1744 2481 1798 agnoscam
2506 1742 2666 1797 quom
2685 1725 2874 1797 magis,

1869 1807 1971 1857 nisi
1993 1806 2085 1857 ubi
2109 1805 2372 1859 antecedit
2397 1803 2608 1857 volendi
2624 1802 2872 1870 verbum,

1871 1882 2130 1937 lubricum
2167 1883 2328 1952 illud,
2366 1882 2615 1956 quodque
2645 1883 2872 1935 fortasse

1871 1962 2057 2016 cedere
2074 1963 2268 2016 debeat
2290 1963 2438 2016 alteri
2461 1960 2640 2014 malle.
2665 1963 2876 2030 Quinti·

1869 2039 2012 2094 liano
2038 2055 2211 2094 autem
2245 2042 2297 2093 in
2331 2041 2436 2094 hoc
2469 2058 2578 2092 uno
2606 2038 2729 2092 loco
2759 2053 2877 2089 tan-

1872 2133 1983 2172 tum
2011 2121 2240 2174 audacie
2266 2122 2564 2194 placuisse,
2592 2121 2673 2170 vix
2702 2118 2877 2172 addu-

1872 2218 1967 2252 cor
1987 2213 2047 2251 ut
2069 2199 2296 2252 credam.
2323 2201 2554 2271 Recepta
2579 2197 2743 2251 habet
2766 2216 2876 2268 quo

1873 2297 1929 2333 se
1979 2292 2188 2331 tueatur
2236 2283 2291 2332 in
2337 2278 2425 2331 illa
2474 2280 2600 2332 satis
2649 2276 2879 2330 mirabili

1875 2372 2138 2412 structura
2167 2360 2293 2426 vn,
2341 2376 2361 2411 ι
2379 2397 2396 2424 ,
2441 2358 2540 2421 56;
2599 2356 2762 2410 modo
2804 2368 2880 2411 est

1876 2439 2137 2492 scribatur
2161 2456 2261 2509 pro
2291 2440 2436 2491 inest.
2462 2437 2564 2490 sed
2591 2437 2755 2490 latere
2777 2435 2879 2488 ali-

1878 2519 2003 2592 quid
2022 2537 2131 2571 non
2152 2520 2330 2572 sinunt
2344 2517 2584 2570 dubitare
2609 2519 2880 2587 scripture

1876 2610 2207 2670 pru-postem
2224 2610 2349 2649 vett.
2373 2596 2502 2649 libb.
2529 2596 2643 2648 Nec
2671 2595 2882 2647 videtur

1874 2674 2164 2748 procedere
2186 2675 2269 2729 vel
2291 2674 2378 2727 illa
2403 2676 2538 2727 ratio
2554 2713 2570 2738 ‚
2589 2675 2691 2726 nisi
2714 2675 2878 2724 inter-

1875 2757 2115 2805 veniente
2147 2753 2433 2818 infinitivo,
2469 2764 2528 2802 ut
2564 2749 2765 2821 aliquid
2799 2750 2883 2801 fa-

1877 2850 1996 2885 cere
2027 2831 2233 2884 dicatur
2260 2850 2376 2883 esse
2409 2829 2798 2895 veremudum,
2827 2825 2882 2879 id

1879 2925 1985 2977 est,
2007 2910 2200 2983 pudori
2219 2910 2376 2962 alicui
2393 2946 2410 2975 ‚
2435 2927 2545 2961 non
2565 2907 2781 2979 quidem
2805 2905 2881 2958 illi

1879 2989 2006 3053 soli,
2022 2991 2114 3061 qui
2129 2990 2285 3040 faciat
2296 3026 2312 3054 ,
2337 2987 2430 3040 sed
2443 2988 2742 3057 cuicunque
2755 3003 2883 3056 prae·

1880 3069 2106 3119 senti.--
2118 3064 2518 3120 Verecundius...
2533 3064 2683 3116 ausis.
2700 3065 2880 3135 Ipsum

1883 3146 2093 3219 quidem
2111 3186 2128 3212 ‚
2152 3148 2242 3218 qui
2267 3144 2408 3197 hanc
2430 3145 2673 3214 injuriam
2697 3156 2883 3215 pertu-

1880 3224 2024 3290 ierit,
2042 3225 2218 3276 facere
2237 3223 2544 3294 loquentem
2563 3223 2618 3273 iu
2639 3223 2738 3273 ista
2759 3239 2883 3273 con-

1882 3306 2132 3356 troversia
2181 3304 2354 3353 minus
2402 3299 2630 3372 probare
2676 3298 2883 3351 videtur

1880 3385 2098 3445 Noster,
2145 3396 2284 3445 certe
2325 3380 2592 3434 difficilius
2639 3379 2882 3450 judicare

1878 3458 2017 3530 (vide
2042 3460 2120 3531 §§.
2146 3461 2241 3527 53,
2262 3458 2358 3532 54,
2385 3458 2476 3510 ubi
2498 3456 2651 3510 valde
2672 3460 2883 3528 gemina

1880 3538 2024 3592 hisce
2051 3543 2270 3602 uostris,
2305 3540 2430 3589 item
2465 3536 2580 3607 55).
2621 3538 2687 3587 Et
2715 3535 2884 3608 proha

1880 3631 1960 3669 est
1989 3616 2282 3670 admonitio
2320 3614 2588 3684 ejusdem,
2618 3617 2662 3666 si
2691 3613 2882 3681 modo,

1879 3695 2187 3765 Quintiliani
2201 3694 2518 3764 (Declamat.
2534 3692 2784 3746 oocxm
2794 3730 2811 3758 ‚
2829 3695 2884 3745 iu

1880 3773 2161 3844 Prooem.):
2195 3795 2218 3819 ιι
2239 3772 2363 3824 Non
2394 3774 2492 3824 erit
2526 3769 2754 3824 alienum
2787 3769 2884 3823 nd-

1888 3874 1911 3898 ·
1928 3864 2174 3904 vocatum
2205 3849 2330 3903 dare
2355 3848 2482 3901 huic
2511 3850 2824 3901 accusatori.
2840 3888 2852 3899 .
2868 3888 2881 3899 .

1882 3953 1905 3977 ιι
1928 3932 2133 4001 quoties
2183 3946 2341 3981 causa
2384 3926 2505 3999 plus
2542 3928 2678 3998 juris
2722 3924 2883 3977 habet

1884 4030 1907 4056 α
1929 4028 2085 4081 quam
2115 4006 2364 4079 pudoris,
2396 4006 2467 4059 nd
2503 4023 2625 4056 eum
2658 4005 2886 4056 Μυσὴ-

1884 4108 1908 4133 ·
1929 4086 2089 4140 reuda
2114 4098 2219 4151 est,
2243 4087 2334 4156 qui
2355 4102 2463 4136 uon
2489 4082 2769 4136 erubescit.
2791 4104 2820 4129 ι

1952 4180 2003 4234 7.
2039 4163 2171 4216 Alio
2206 4160 2392 4216 colore.
2422 4163 2699 4215 Tur-icens.
2739 4161 2878 4214 mor.
