<?xml version="1.0" encoding="UTF-8"?>
<!DOCTYPE html PUBLIC "-//W3C//DTD XHTML 1.0 Transitional//EN"
    "http://www.w3.org/TR/xhtml1/DTD/xhtml1-transitional.dtd">
<html xmlns="http://www.w3.org/1999/xhtml" xml:lang="en" lang="en">
 <head>
  <title>
</title>
<meta http-equiv="Content-Type" content="text/html;charset=utf-8" />
  <meta name='ocr-system' content='tesseract 3.04.00' />
  <meta name='ocr-capabilities' content='ocr_page ocr_carea ocr_par ocr_line ocrx_word'/>
</head>
<body>
  <div class='ocr_page' id='page_1' title='image "./deinstitutioneo00unkngoog_0727.png"; bbox 0 0 3200 5159; ppageno 0'>
   <div class='ocr_carea' id='block_1_1' title="bbox 654 516 2150 593">
    <p class='ocr_par' dir='ltr' id='par_1_1' title="bbox 654 516 2150 593">
     <span class='ocr_line' id='line_1_1' title="bbox 654 516 2150 593; baseline -0.001 -10"><span class='ocrx_word' id='word_1_1' title='bbox 654 516 1306 584; x_wconf 84' lang='lat' dir='ltr'>INSTITUTIONIS</span> <span class='ocrx_word' id='word_1_2' title='bbox 1342 516 1598 582; x_wconf 78' lang='lat' dir='ltr'><strong>ORAT.</strong></span> <span class='ocrx_word' id='word_1_3' title='bbox 1640 516 1801 581; x_wconf 90' lang='lat' dir='ltr'><strong>LIB.</strong></span> <span class='ocrx_word' id='word_1_4' title='bbox 1842 518 2000 593; x_wconf 84' lang='lat' dir='ltr'><strong>XII,</strong></span> <span class='ocrx_word' id='word_1_5' title='bbox 2052 540 2150 582; x_wconf 85' lang='grc' dir='ltr'><strong>ιι.</strong></span> 
     </span>
    </p>
   </div>
   <div class='ocr_carea' id='block_1_2' title="bbox 2325 518 2453 607">
    <p class='ocr_par' dir='ltr' id='par_1_2' title="bbox 2325 518 2453 607">
     <span class='ocr_line' id='line_1_2' title="bbox 2325 518 2453 607; baseline 0.016 -2"><span class='ocrx_word' id='word_1_6' title='bbox 2325 518 2453 607; x_wconf 75' lang='grc'><strong>579</strong></span> 
     </span>
    </p>
   </div>
   <div class='ocr_carea' id='block_1_3' title="bbox 346 641 2554 1555">
    <p class='ocr_par' dir='ltr' id='par_1_3' title="bbox 346 641 2554 1555">
     <span class='ocr_line' id='line_1_3' title="bbox 346 641 2448 741; baseline -0 -26"><span class='ocrx_word' id='word_1_7' title='bbox 346 643 616 716; x_wconf 88' lang='lat' dir='ltr'><strong>bonum</strong></span> <span class='ocrx_word' id='word_1_8' title='bbox 645 670 822 734; x_wconf 85' lang='lat' dir='ltr'><strong>esse,</strong></span> <span class='ocrx_word' id='word_1_9' title='bbox 853 664 919 715; x_wconf 89' lang='lat' dir='ltr'><strong>et</strong></span> <span class='ocrx_word' id='word_1_10' title='bbox 947 641 1221 715; x_wconf 81' lang='lat' dir='ltr'><strong>dicendi</strong></span> <span class='ocrx_word' id='word_1_11' title='bbox 1254 641 1557 741; x_wconf 87' lang='lat' dir='ltr'><strong>peritum</strong></span> <span class='ocrx_word' id='word_1_12' title='bbox 1585 642 1833 731; x_wconf 82' lang='lat' dir='ltr'><strong>velim3</strong></span> <span class='ocrx_word' id='word_1_13' title='bbox 1861 664 1985 715; x_wconf 85' lang='lat' dir='ltr'><strong>aut</strong></span> <span class='ocrx_word' id='word_1_14' title='bbox 2009 643 2298 732; x_wconf 84' lang='lat' dir='ltr'><strong>multa¹,</strong></span> <span class='ocrx_word' id='word_1_15' title='bbox 2325 643 2448 741; x_wconf 88' lang='lat' dir='ltr'><strong>qui</strong></span> 
     </span>
     <span class='ocr_line' id='line_1_4' title="bbox 353 755 2452 858; baseline -0.002 -26"><span class='ocrx_word' id='word_1_16' title='bbox 353 780 452 832; x_wconf 87' lang='lat' dir='ltr'><strong>tot</strong></span> <span class='ocrx_word' id='word_1_17' title='bbox 477 760 739 832; x_wconf 84' lang='lat' dir='ltr'><strong>artibus</strong></span> <span class='ocrx_word' id='word_1_18' title='bbox 768 759 841 831; x_wconf 89' lang='lat' dir='ltr'><strong>in</strong></span> <span class='ocrx_word' id='word_1_19' title='bbox 880 758 1179 858; x_wconf 82' lang='lat' dir='ltr'><strong>pueritia</strong></span> <span class='ocrx_word' id='word_1_20' title='bbox 1216 755 1594 844; x_wconf 75' lang='lat' dir='ltr'><strong>discendiS,</strong></span> <span class='ocrx_word' id='word_1_21' title='bbox 1630 783 1912 829; x_wconf 88' lang='lat' dir='ltr'><strong>morum</strong></span> <span class='ocrx_word' id='word_1_22' title='bbox 1946 784 2228 857; x_wconf 85' lang='lat' dir='ltr'><strong>quoque</strong></span> <span class='ocrx_word' id='word_1_23' title='bbox 2271 783 2452 857; x_wconf 77' lang='lat' dir='ltr'><strong>prae-</strong></span> 
     </span>
     <span class='ocr_line' id='line_1_5' title="bbox 355 871 2455 975; baseline -0.001 -28"><span class='ocrx_word' id='word_1_24' title='bbox 355 896 584 974; x_wconf 81' lang='lat' dir='ltr'><strong>cepta,</strong></span> <span class='ocrx_word' id='word_1_25' title='bbox 624 896 691 948; x_wconf 90' lang='lat' dir='ltr'><strong>et</strong></span> <span class='ocrx_word' id='word_1_26' title='bbox 719 874 1081 947; x_wconf 83' lang='lat' dir='ltr'><strong>scientiam</strong></span> <span class='ocrx_word' id='word_1_27' title='bbox 1109 872 1289 975; x_wconf 81' lang='lat' dir='ltr'><strong>juris</strong></span> <span class='ocrx_word' id='word_1_28' title='bbox 1322 871 1569 962; x_wconf 85' lang='lat' dir='ltr'><strong>civilis,</strong></span> <span class='ocrx_word' id='word_1_29' title='bbox 1609 893 1850 972; x_wconf 82' lang='lat' dir='ltr'><strong>praeter</strong></span> <span class='ocrx_word' id='word_1_30' title='bbox 1881 900 1960 945; x_wconf 85' lang='lat' dir='ltr'><strong>ea</strong></span> <span class='ocrx_word' id='word_1_31' title='bbox 1994 899 2146 972; x_wconf 85' lang='lat' dir='ltr'><strong>quae</strong></span> <span class='ocrx_word' id='word_1_32' title='bbox 2186 872 2274 945; x_wconf 89' lang='lat' dir='ltr'><strong>de</strong></span> <span class='ocrx_word' id='word_1_33' title='bbox 2308 873 2455 946; x_wconf 90' lang='lat' dir='ltr'><strong>elo-</strong></span> 
     </span>
     <span class='ocr_line' id='line_1_6' title="bbox 354 987 2451 1089; baseline -0.001 -27"><span class='ocrx_word' id='word_1_34' title='bbox 354 990 645 1089; x_wconf 80' lang='lat' dir='ltr'>quentia</span> <span class='ocrx_word' id='word_1_35' title='bbox 694 988 1143 1062; x_wconf 80' lang='lat' dir='ltr'><strong>tradebamur</strong></span> <span class='ocrx_word' id='word_1_36' title='bbox 1177 1046 1196 1080; x_wconf 85' lang='lat'><strong>,</strong></span> <span class='ocrx_word' id='word_1_37' title='bbox 1263 987 1686 1089; x_wconf 86' lang='lat' dir='ltr'><strong>adjecerim:</strong></span> <span class='ocrx_word' id='word_1_38' title='bbox 1751 988 2012 1087; x_wconf 89' lang='lat' dir='ltr'><strong>quique</strong></span> <span class='ocrx_word' id='word_1_39' title='bbox 2062 988 2207 1061; x_wconf 82' lang='lat' dir='ltr'><strong>haec</strong></span> <span class='ocrx_word' id='word_1_40' title='bbox 2260 987 2451 1089; x_wconf 83' lang='lat' dir='ltr'><strong>operi</strong></span> 
     </span>
     <span class='ocr_line' id='line_1_7' title="bbox 348 1100 2453 1193; baseline -0.002 -14"><span class='ocrx_word' id='word_1_41' title='bbox 348 1127 584 1180; x_wconf 84' lang='lat' dir='ltr'><strong>nostro</strong></span> <span class='ocrx_word' id='word_1_42' title='bbox 628 1106 1009 1179; x_wconf 75' lang='lat' dir='ltr'><strong>necessaria</strong></span> <span class='ocrx_word' id='word_1_43' title='bbox 1034 1132 1181 1178; x_wconf 83' lang='lat' dir='ltr'><strong>esse</strong></span> <span class='ocrx_word' id='word_1_44' title='bbox 1217 1104 1638 1177; x_wconf 85' lang='lat' dir='ltr'><strong>crediderint</strong></span> <span class='ocrx_word' id='word_1_45' title='bbox 1654 1117 1706 1193; x_wconf 85' lang='lat'><strong>²,</strong></span> <span class='ocrx_word' id='word_1_46' title='bbox 1735 1102 1967 1188; x_wconf 78' lang='lat' dir='ltr'><strong>velut³</strong></span> <span class='ocrx_word' id='word_1_47' title='bbox 1997 1128 2273 1176; x_wconf 76' lang='lat' dir='ltr'><strong>moram</strong></span> <span class='ocrx_word' id='word_1_48' title='bbox 2307 1100 2453 1175; x_wconf 74' lang='lat' dir='ltr'><strong>4rei</strong></span> 
     </span>
     <span class='ocr_line' id='line_1_8' title="bbox 350 1217 2450 1324; baseline -0.003 -28"><span class='ocrx_word' id='word_1_49' title='bbox 350 1224 878 1324; x_wconf 79' lang='lat' dir='ltr'><strong>perhorrescant</strong></span> <span class='ocrx_word' id='word_1_50' title='bbox 903 1278 921 1311; x_wconf 93' lang='lat'><strong>,</strong></span> <span class='ocrx_word' id='word_1_51' title='bbox 988 1243 1055 1295; x_wconf 84' lang='lat' dir='ltr'><strong>et</strong></span> <span class='ocrx_word' id='word_1_52' title='bbox 1123 1222 1488 1321; x_wconf 86' lang='lat' dir='ltr'><strong>desperent</strong></span> <span class='ocrx_word' id='word_1_53' title='bbox 1512 1219 1541 1266; x_wconf 80' lang='lat'><strong>⁵</strong></span> <span class='ocrx_word' id='word_1_54' title='bbox 1600 1241 1758 1292; x_wconf 86' lang='lat' dir='ltr'><strong>ante</strong></span> <span class='ocrx_word' id='word_1_55' title='bbox 1818 1217 2450 1320; x_wconf 79' lang='lat' dir='ltr'><strong>⁶experitnentum.</strong></span> 
     </span>
     <span class='ocr_line' id='line_1_9' title="bbox 350 1335 2554 1439; baseline -0.003 -27"><span class='ocrx_word' id='word_1_56' title='bbox 350 1340 497 1432; x_wconf 87' lang='lat' dir='ltr'><strong>Qui</strong></span> <span class='ocrx_word' id='word_1_57' title='bbox 535 1341 847 1439; x_wconf 87' lang='lat' dir='ltr'><strong>primum</strong></span> <span class='ocrx_word' id='word_1_58' title='bbox 882 1339 1338 1411; x_wconf 88' lang='lat' dir='ltr'><strong>renuncient⁷</strong></span> <span class='ocrx_word' id='word_1_59' title='bbox 1373 1337 1543 1427; x_wconf 81' lang='lat' dir='ltr'><strong>sibi,</strong></span> <span class='ocrx_word' id='word_1_60' title='bbox 1586 1356 1851 1436; x_wconf 82' lang='lat' dir='ltr'><strong>quanta</strong></span> <span class='ocrx_word' id='word_1_61' title='bbox 1891 1336 1979 1408; x_wconf 84' lang='lat' dir='ltr'><strong>sit</strong></span> <span class='ocrx_word' id='word_1_62' title='bbox 2009 1335 2311 1408; x_wconf 84' lang='lat' dir='ltr'><strong>humani</strong></span> <span class='ocrx_word' id='word_1_63' title='bbox 2350 1336 2453 1407; x_wconf 88' lang='lat' dir='ltr'><strong>in·</strong></span> <span class='ocrx_word' id='word_1_64' title='bbox 2493 1363 2554 1399; x_wconf 75' lang='grc' dir='ltr'><strong>πο</strong></span> 
     </span>
     <span class='ocr_line' id='line_1_10' title="bbox 352 1451 2455 1555; baseline -0.002 -28"><span class='ocrx_word' id='word_1_65' title='bbox 352 1455 544 1555; x_wconf 78' lang='lat' dir='ltr'><strong>genii</strong></span> <span class='ocrx_word' id='word_1_66' title='bbox 596 1455 749 1545; x_wconf 69' lang='lat' dir='ltr'><strong>vie,</strong></span> <span class='ocrx_word' id='word_1_67' title='bbox 804 1480 1020 1555; x_wconf 81' lang='lat' dir='ltr'><strong>quam</strong></span> <span class='ocrx_word' id='word_1_68' title='bbox 1073 1474 1320 1553; x_wconf 82' lang='lat' dir='ltr'><strong>potens</strong></span> <span class='ocrx_word' id='word_1_69' title='bbox 1367 1452 1720 1525; x_wconf 85' lang='lat' dir='ltr'><strong>efficiendi</strong></span> <span class='ocrx_word' id='word_1_70' title='bbox 1765 1478 1918 1552; x_wconf 84' lang='lat' dir='ltr'><strong>quae</strong></span> <span class='ocrx_word' id='word_1_71' title='bbox 1967 1451 2169 1541; x_wconf 79' lang='lat' dir='ltr'><strong>velit3</strong></span> <span class='ocrx_word' id='word_1_72' title='bbox 2229 1478 2455 1551; x_wconf 88' lang='lat' dir='ltr'><strong>quum</strong></span> 
     </span>
    </p>
   </div>
   <div class='ocr_carea' id='block_1_4' title="bbox 353 1623 1368 2168">
    <p class='ocr_par' dir='ltr' id='par_1_4' title="bbox 353 1623 1368 2089">
     <span class='ocr_line' id='line_1_11' title="bbox 365 1623 1362 1696; baseline -0.001 -18"><span class='ocrx_word' id='word_1_73' title='bbox 365 1655 372 1663; x_wconf 92' lang='lat'><strong>·</strong></span> <span class='ocrx_word' id='word_1_74' title='bbox 431 1643 476 1678; x_wconf 83' lang='grc' dir='ltr'><strong>ι.</strong></span> <span class='ocrx_word' id='word_1_75' title='bbox 515 1624 623 1677; x_wconf 84' lang='lat' dir='ltr'><strong>Aut</strong></span> <span class='ocrx_word' id='word_1_76' title='bbox 656 1623 842 1676; x_wconf 72' lang='lat' dir='ltr'><strong>multa.</strong></span> <span class='ocrx_word' id='word_1_77' title='bbox 882 1623 1083 1696; x_wconf 78' lang='lat' dir='ltr'><strong>Repete</strong></span> <span class='ocrx_word' id='word_1_78' title='bbox 1122 1624 1362 1677; x_wconf 62' lang='lat' dir='ltr'><strong>nimitum.</strong></span> 
     </span>
     <span class='ocr_line' id='line_1_12' title="bbox 353 1702 1367 1776; baseline -0.003 -19"><span class='ocrx_word' id='word_1_79' title='bbox 353 1706 545 1757; x_wconf 81' lang='lat' dir='ltr'><strong>Totam</strong></span> <span class='ocrx_word' id='word_1_80' title='bbox 581 1717 757 1757; x_wconf 77' lang='lat' dir='ltr'><strong>autem</strong></span> <span class='ocrx_word' id='word_1_81' title='bbox 794 1704 933 1757; x_wconf 83' lang='lat' dir='ltr'><strong>hanc</strong></span> <span class='ocrx_word' id='word_1_82' title='bbox 969 1702 1367 1776; x_wconf 73' lang='lat' dir='ltr'><strong>paragraphum</strong></span> 
     </span>
     <span class='ocr_line' id='line_1_13' title="bbox 353 1785 1367 1855; baseline -0.004 -18"><span class='ocrx_word' id='word_1_83' title='bbox 353 1785 565 1838; x_wconf 76' lang='lat' dir='ltr'><strong>facilius</strong></span> <span class='ocrx_word' id='word_1_84' title='bbox 608 1797 784 1836; x_wconf 85' lang='lat' dir='ltr'><strong>mente</strong></span> <span class='ocrx_word' id='word_1_85' title='bbox 837 1785 1015 1855; x_wconf 76' lang='lat' dir='ltr'><strong>capias</strong></span> <span class='ocrx_word' id='word_1_86' title='bbox 1066 1786 1137 1834; x_wconf 75' lang='lat' dir='ltr'><strong>ita</strong></span> <span class='ocrx_word' id='word_1_87' title='bbox 1180 1801 1367 1834; x_wconf 84' lang='lat' dir='ltr'><strong>sensus</strong></span> 
     </span>
     <span class='ocr_line' id='line_1_14' title="bbox 355 1862 1367 1928; baseline -0.004 -12"><span class='ocrx_word' id='word_1_88' title='bbox 355 1862 756 1917; x_wconf 78' lang='lat' dir='ltr'><strong>contrahendo:</strong></span> <span class='ocrx_word' id='word_1_89' title='bbox 784 1865 1033 1928; x_wconf 74' lang='lat' dir='ltr'><strong>«Vereor,</strong></span> <span class='ocrx_word' id='word_1_90' title='bbox 1057 1880 1127 1914; x_wconf 84' lang='lat' dir='ltr'><strong>ne</strong></span> <span class='ocrx_word' id='word_1_91' title='bbox 1148 1864 1367 1913; x_wconf 78' lang='lat' dir='ltr'><strong>nimium</strong></span> 
     </span>
     <span class='ocr_line' id='line_1_15' title="bbox 360 1939 1368 2013; baseline -0.002 -21"><span class='ocrx_word' id='word_1_92' title='bbox 360 1941 582 1995; x_wconf 73' lang='lat' dir='ltr'><strong>«videar</strong></span> <span class='ocrx_word' id='word_1_93' title='bbox 615 1942 856 2012; x_wconf 71' lang='lat' dir='ltr'><strong>exigere,</strong></span> <span class='ocrx_word' id='word_1_94' title='bbox 894 1943 1094 2013; x_wconf 82' lang='lat' dir='ltr'><strong>quique</strong></span> <span class='ocrx_word' id='word_1_95' title='bbox 1132 1939 1243 1992; x_wconf 78' lang='lat' dir='ltr'><strong>haec</strong></span> <span class='ocrx_word' id='word_1_96' title='bbox 1271 1957 1368 1990; x_wconf 88' lang='lat' dir='ltr'><strong>ne·</strong></span> 
     </span>
     <span class='ocr_line' id='line_1_16' title="bbox 360 2016 1361 2089; baseline -0.008 -17"><span class='ocrx_word' id='word_1_97' title='bbox 360 2043 385 2067; x_wconf 67' lang='grc' dir='ltr'>ι</span> <span class='ocrx_word' id='word_1_98' title='bbox 404 2021 632 2072; x_wconf 78' lang='lat' dir='ltr'><strong>cessaria</strong></span> <span class='ocrx_word' id='word_1_99' title='bbox 656 2016 979 2071; x_wconf 87' lang='lat' dir='ltr'><strong>crediderint</strong></span> <span class='ocrx_word' id='word_1_100' title='bbox 992 2059 1008 2086; x_wconf 91' lang='lat'><strong>,</strong></span> <span class='ocrx_word' id='word_1_101' title='bbox 1027 2019 1361 2089; x_wconf 74' lang='lat' dir='ltr'><strong>desperent.»</strong></span> 
     </span>
    </p>

    <p class='ocr_par' dir='ltr' id='par_1_5' title="bbox 430 2096 1363 2168">
     <span class='ocr_line' id='line_1_17' title="bbox 430 2096 1363 2168; baseline -0.004 -18"><span class='ocrx_word' id='word_1_102' title='bbox 430 2117 479 2151; x_wconf 65' lang='grc' dir='ltr'><strong>α.</strong></span> <span class='ocrx_word' id='word_1_103' title='bbox 501 2096 848 2159; x_wconf 67' lang='grc' dir='ltr'><strong>Ονεᾰὶᾰενίητς</strong></span> <span class='ocrx_word' id='word_1_104' title='bbox 868 2098 944 2149; x_wconf 79' lang='lat' dir='ltr'><strong>sic</strong></span> <span class='ocrx_word' id='word_1_105' title='bbox 963 2096 1166 2168; x_wconf 84' lang='lat' dir='ltr'><strong>liquido</strong></span> <span class='ocrx_word' id='word_1_106' title='bbox 1186 2097 1363 2148; x_wconf 85' lang='lat' dir='ltr'><strong>Turic.</strong></span> 
     </span>
    </p>
   </div>
   <div class='ocr_carea' id='block_1_5' title="bbox 243 2174 1365 2251">
    <p class='ocr_par' dir='ltr' id='par_1_6' title="bbox 243 2174 1365 2251">
     <span class='ocr_line' id='line_1_18' title="bbox 243 2174 1365 2251; baseline -0.007 -20"><span class='ocrx_word' id='word_1_107' title='bbox 243 2244 249 2251; x_wconf 26' lang='grc' dir='ltr'>ι</span> <span class='ocrx_word' id='word_1_108' title='bbox 354 2176 650 2231; x_wconf 77' lang='lat' dir='ltr'><strong>Ediderunt</strong></span> <span class='ocrx_word' id='word_1_109' title='bbox 675 2186 852 2228; x_wconf 73' lang='lat' dir='ltr'><strong>eutem</strong></span> <span class='ocrx_word' id='word_1_110' title='bbox 875 2178 949 2228; x_wconf 77' lang='lat' dir='ltr'><strong>itu</strong></span> <span class='ocrx_word' id='word_1_111' title='bbox 974 2174 1229 2229; x_wconf 77' lang='lat' dir='ltr'>Obrecht.</span> <span class='ocrx_word' id='word_1_112' title='bbox 1251 2177 1365 2245; x_wconf 89' lang='lat' dir='ltr'><strong>Bip.</strong></span> 
     </span>
    </p>
   </div>
   <div class='ocr_carea' id='block_1_6' title="bbox 358 2255 1393 4147">
    <p class='ocr_par' dir='ltr' id='par_1_7' title="bbox 358 2255 1373 2565">
     <span class='ocr_line' id='line_1_19' title="bbox 361 2255 1373 2327; baseline -0.007 -16"><span class='ocrx_word' id='word_1_113' title='bbox 361 2256 703 2318; x_wconf 81' lang='lat' dir='ltr'><strong>Crediderim,</strong></span> <span class='ocrx_word' id='word_1_114' title='bbox 733 2255 943 2327; x_wconf 79' lang='lat' dir='ltr'>reliqui.</span> <span class='ocrx_word' id='word_1_115' title='bbox 960 2284 1032 2294; x_wconf 89' lang='lat'><strong>—-</strong></span> <span class='ocrx_word' id='word_1_116' title='bbox 1051 2256 1232 2307; x_wconf 80' lang='lat' dir='ltr'><strong>Nostri</strong></span> <span class='ocrx_word' id='word_1_117' title='bbox 1263 2271 1373 2304; x_wconf 82' lang='lat' dir='ltr'><strong>cre-</strong></span> 
     </span>
     <span class='ocr_line' id='line_1_20' title="bbox 358 2334 1370 2403; baseline -0.006 -14"><span class='ocrx_word' id='word_1_118' title='bbox 358 2337 613 2403; x_wconf 74' lang='lat' dir='ltr'><strong><em>diderint,</em></strong></span> <span class='ocrx_word' id='word_1_119' title='bbox 632 2335 890 2387; x_wconf 81' lang='lat' dir='ltr'><strong>exc.Vall.</strong></span> <span class='ocrx_word' id='word_1_120' title='bbox 915 2334 1005 2386; x_wconf 83' lang='lat' dir='ltr'><strong>lib.</strong></span> <span class='ocrx_word' id='word_1_121' title='bbox 1031 2353 1061 2386; x_wconf 81' lang='lat' dir='ltr'><strong>a</strong></span> <span class='ocrx_word' id='word_1_122' title='bbox 1081 2353 1186 2386; x_wconf 86' lang='lat' dir='ltr'><strong>sec.</strong></span> <span class='ocrx_word' id='word_1_123' title='bbox 1208 2352 1370 2384; x_wconf 79' lang='lat' dir='ltr'><strong>manu</strong></span> 
     </span>
     <span class='ocr_line' id='line_1_21' title="bbox 358 2413 1373 2487; baseline -0.004 -18"><span class='ocrx_word' id='word_1_124' title='bbox 358 2419 614 2487; x_wconf 74' lang='lat' dir='ltr'><strong>antiqua,</strong></span> <span class='ocrx_word' id='word_1_125' title='bbox 649 2417 742 2486; x_wconf 87' lang='lat' dir='ltr'><strong>qui</strong></span> <span class='ocrx_word' id='word_1_126' title='bbox 775 2414 1098 2466; x_wconf 65' lang='lat' dir='ltr'><strong>crediderim.</strong></span> <span class='ocrx_word' id='word_1_127' title='bbox 1132 2413 1373 2465; x_wconf 76' lang='lat' dir='ltr'><strong>Rollinus</strong></span> 
     </span>
     <span class='ocr_line' id='line_1_22' title="bbox 360 2493 1329 2565; baseline -0.005 -15"><span class='ocrx_word' id='word_1_128' title='bbox 360 2495 676 2550; x_wconf 78' lang='lat' dir='ltr'><strong><em>crediderint</em></strong></span> <span class='ocrx_word' id='word_1_129' title='bbox 698 2493 982 2565; x_wconf 70' lang='lat' dir='ltr'><strong>legendum</strong></span> <span class='ocrx_word' id='word_1_130' title='bbox 1008 2507 1206 2546; x_wconf 86' lang='lat' dir='ltr'><strong>censet.</strong></span> <span class='ocrx_word' id='word_1_131' title='bbox 1234 2495 1329 2545; x_wconf 86' lang='lat' dir='ltr'><strong>En.</strong></span> 
     </span>
    </p>

    <p class='ocr_par' dir='ltr' id='par_1_8' title="bbox 360 2570 1388 3418">
     <span class='ocr_line' id='line_1_23' title="bbox 437 2570 1375 2644; baseline -0.006 -15"><span class='ocrx_word' id='word_1_132' title='bbox 437 2576 487 2629; x_wconf 85' lang='lat'><strong>3.</strong></span> <span class='ocrx_word' id='word_1_133' title='bbox 505 2573 666 2629; x_wconf 83' lang='lat' dir='ltr'><strong>Velut</strong></span> <span class='ocrx_word' id='word_1_134' title='bbox 679 2593 879 2626; x_wconf 85' lang='lat' dir='ltr'><strong>moram</strong></span> <span class='ocrx_word' id='word_1_135' title='bbox 901 2574 1125 2625; x_wconf 80' lang='lat' dir='ltr'><strong>rei.Tur.</strong></span> <span class='ocrx_word' id='word_1_136' title='bbox 1143 2570 1259 2644; x_wconf 85' lang='lat' dir='ltr'><strong>(sed</strong></span> <span class='ocrx_word' id='word_1_137' title='bbox 1275 2590 1375 2625; x_wconf 83' lang='lat' dir='ltr'><strong>suo</strong></span> 
     </span>
     <span class='ocr_line' id='line_1_24' title="bbox 364 2652 1373 2724; baseline -0.004 -16"><span class='ocrx_word' id='word_1_138' title='bbox 364 2674 513 2709; x_wconf 85' lang='lat' dir='ltr'><strong>more</strong></span> <span class='ocrx_word' id='word_1_139' title='bbox 526 2653 712 2724; x_wconf 78' lang='lat' dir='ltr'><strong>velud)</strong></span> <span class='ocrx_word' id='word_1_140' title='bbox 726 2653 889 2720; x_wconf 82' lang='lat' dir='ltr'><strong>Flor.,</strong></span> <span class='ocrx_word' id='word_1_141' title='bbox 906 2652 1266 2706; x_wconf 70' lang='lat' dir='ltr'><strong><em>velannorum</em></strong></span> <span class='ocrx_word' id='word_1_142' title='bbox 1283 2654 1373 2705; x_wconf 80' lang='lat' dir='ltr'><strong>rei.</strong></span> 
     </span>
     <span class='ocr_line' id='line_1_25' title="bbox 360 2732 1378 2801; baseline -0.005 -12"><span class='ocrx_word' id='word_1_143' title='bbox 360 2737 436 2789; x_wconf 82' lang='lat' dir='ltr'><strong>Ex</strong></span> <span class='ocrx_word' id='word_1_144' title='bbox 460 2734 593 2787; x_wconf 83' lang='lat' dir='ltr'><strong>Alm.</strong></span> <span class='ocrx_word' id='word_1_145' title='bbox 615 2753 664 2784; x_wconf 87' lang='lat' dir='ltr'><strong>v.</strong></span> <span class='ocrx_word' id='word_1_146' title='bbox 685 2751 809 2785; x_wconf 74' lang='lat' dir='ltr'><strong>mox</strong></span> <span class='ocrx_word' id='word_1_147' title='bbox 824 2733 915 2801; x_wconf 78' lang='lat' dir='ltr'><strong>rei,</strong></span> <span class='ocrx_word' id='word_1_148' title='bbox 938 2732 1161 2785; x_wconf 66' lang='lat' dir='ltr'><strong>litteras</strong></span> <span class='ocrx_word' id='word_1_149' title='bbox 1176 2747 1297 2785; x_wconf 81' lang='lat' dir='ltr'><strong>nata</strong></span> <span class='ocrx_word' id='word_1_150' title='bbox 1313 2751 1378 2784; x_wconf 82' lang='lat' dir='ltr'><strong>ex</strong></span> 
     </span>
     <span class='ocr_line' id='line_1_26' title="bbox 360 2812 1380 2881; baseline -0.005 -15"><span class='ocrx_word' id='word_1_151' title='bbox 360 2812 522 2866; x_wconf 69' lang='lat' dir='ltr'><strong>simili</strong></span> <span class='ocrx_word' id='word_1_152' title='bbox 557 2812 940 2864; x_wconf 74' lang='lat' dir='ltr'><strong>terminationis</strong></span> <span class='ocrx_word' id='word_1_153' title='bbox 974 2829 1089 2861; x_wconf 82' lang='lat' dir='ltr'><strong>rum</strong></span> <span class='ocrx_word' id='word_1_154' title='bbox 1124 2828 1380 2881; x_wconf 87' lang='lat' dir='ltr'><strong>compen-</strong></span> 
     </span>
     <span class='ocr_line' id='line_1_27' title="bbox 360 2889 1376 2963; baseline -0.003 -19"><span class='ocrx_word' id='word_1_155' title='bbox 360 2892 470 2944; x_wconf 83' lang='lat' dir='ltr'><strong>dio.</strong></span> <span class='ocrx_word' id='word_1_156' title='bbox 494 2892 557 2946; x_wconf 84' lang='lat' dir='ltr'><strong>V.</strong></span> <span class='ocrx_word' id='word_1_157' title='bbox 581 2891 786 2963; x_wconf 79' lang='lat' dir='ltr'><strong>pondus</strong></span> <span class='ocrx_word' id='word_1_158' title='bbox 813 2908 852 2941; x_wconf 85' lang='lat' dir='ltr'><strong>r.</strong></span> <span class='ocrx_word' id='word_1_159' title='bbox 866 2931 885 2959; x_wconf 84' lang='lat'><em>‚</em></span> <span class='ocrx_word' id='word_1_160' title='bbox 909 2889 1022 2942; x_wconf 86' lang='lat' dir='ltr'><strong>rell.</strong></span> <span class='ocrx_word' id='word_1_161' title='bbox 1043 2903 1229 2963; x_wconf 83' lang='lat' dir='ltr'><strong>praeter</strong></span> <span class='ocrx_word' id='word_1_162' title='bbox 1246 2890 1376 2943; x_wconf 81' lang='lat' dir='ltr'><strong>Obr.</strong></span> 
     </span>
     <span class='ocr_line' id='line_1_28' title="bbox 362 2966 1381 3042; baseline -0.002 -21"><span class='ocrx_word' id='word_1_163' title='bbox 362 2972 453 3042; x_wconf 87' lang='lat' dir='ltr'><strong>qui</strong></span> <span class='ocrx_word' id='word_1_164' title='bbox 468 2967 613 3021; x_wconf 87' lang='lat' dir='ltr'><strong>dedit</strong></span> <span class='ocrx_word' id='word_1_165' title='bbox 628 2968 772 3021; x_wconf 78' lang='lat' dir='ltr'><strong>velut</strong></span> <span class='ocrx_word' id='word_1_166' title='bbox 786 2985 1043 3020; x_wconf 82' lang='lat' dir='ltr'><strong>remoram</strong></span> <span class='ocrx_word' id='word_1_167' title='bbox 1055 2966 1290 3038; x_wconf 74' lang='lat' dir='ltr'><strong>per-horr.</strong></span> <span class='ocrx_word' id='word_1_168' title='bbox 1304 2968 1381 3019; x_wconf 79' lang='lat' dir='ltr'><strong>lta</strong></span> 
     </span>
     <span class='ocr_line' id='line_1_29' title="bbox 362 3045 1382 3116; baseline -0.004 -16"><span class='ocrx_word' id='word_1_169' title='bbox 362 3050 475 3100; x_wconf 79' lang='lat' dir='ltr'><strong>sine</strong></span> <span class='ocrx_word' id='word_1_170' title='bbox 500 3045 667 3098; x_wconf 83' lang='lat' dir='ltr'><strong>dubio</strong></span> <span class='ocrx_word' id='word_1_171' title='bbox 701 3064 731 3097; x_wconf 90' lang='lat' dir='ltr'><strong>e</strong></span> <span class='ocrx_word' id='word_1_172' title='bbox 761 3048 1075 3116; x_wconf 81' lang='lat' dir='ltr'><strong>conjectura</strong></span> <span class='ocrx_word' id='word_1_173' title='bbox 1109 3047 1382 3115; x_wconf 80' lang='lat' dir='ltr'><strong>corrigens</strong></span> 
     </span>
     <span class='ocr_line' id='line_1_30' title="bbox 366 3124 1388 3194; baseline -0.003 -16"><span class='ocrx_word' id='word_1_174' title='bbox 366 3124 608 3178; x_wconf 75' lang='lat' dir='ltr'><strong>eamdem</strong></span> <span class='ocrx_word' id='word_1_175' title='bbox 633 3124 687 3175; x_wconf 89' lang='lat' dir='ltr'><strong>in</strong></span> <span class='ocrx_word' id='word_1_176' title='bbox 713 3124 836 3194; x_wconf 68' lang='lat' dir='ltr'><strong>Arg.</strong></span> <span class='ocrx_word' id='word_1_177' title='bbox 863 3125 1134 3175; x_wconf 73' lang='lat' dir='ltr'><strong>inventam</strong></span> <span class='ocrx_word' id='word_1_178' title='bbox 1163 3126 1388 3194; x_wconf 81' lang='lat' dir='ltr'><strong>scriptu·</strong></span> 
     </span>
     <span class='ocr_line' id='line_1_31' title="bbox 365 3201 1388 3277; baseline -0.005 -18"><span class='ocrx_word' id='word_1_179' title='bbox 365 3225 508 3271; x_wconf 69' lang='lat' dir='ltr'><strong>ram,</strong></span> <span class='ocrx_word' id='word_1_180' title='bbox 530 3222 689 3277; x_wconf 86' lang='lat' dir='ltr'><strong>quam</strong></span> <span class='ocrx_word' id='word_1_181' title='bbox 704 3204 899 3256; x_wconf 81' lang='lat' dir='ltr'><strong>vetusti</strong></span> <span class='ocrx_word' id='word_1_182' title='bbox 931 3205 1099 3254; x_wconf 82' lang='lat' dir='ltr'><strong>nostri</strong></span> <span class='ocrx_word' id='word_1_183' title='bbox 1119 3201 1388 3271; x_wconf 81' lang='lat' dir='ltr'><strong>exhibent,</strong></span> 
     </span>
     <span class='ocr_line' id='line_1_32' title="bbox 369 3280 1385 3358; baseline -0.003 -20"><span class='ocrx_word' id='word_1_184' title='bbox 369 3303 635 3358; x_wconf 77' lang='lat' dir='ltr'><strong>quamque</strong></span> <span class='ocrx_word' id='word_1_185' title='bbox 698 3302 796 3335; x_wconf 89' lang='lat' dir='ltr'><strong>nos</strong></span> <span class='ocrx_word' id='word_1_186' title='bbox 859 3280 1152 3354; x_wconf 73' lang='lat' dir='ltr'><strong>simplicius</strong></span> <span class='ocrx_word' id='word_1_187' title='bbox 1214 3282 1385 3335; x_wconf 82' lang='lat' dir='ltr'><strong>multo</strong></span> 
     </span>
     <span class='ocr_line' id='line_1_33' title="bbox 365 3362 1190 3418; baseline -0.005 0"><span class='ocrx_word' id='word_1_188' title='bbox 365 3364 649 3418; x_wconf 82' lang='lat' dir='ltr'><strong>emendare</strong></span> <span class='ocrx_word' id='word_1_189' title='bbox 678 3382 789 3415; x_wconf 89' lang='lat' dir='ltr'><strong>non</strong></span> <span class='ocrx_word' id='word_1_190' title='bbox 814 3362 1190 3415; x_wconf 80' lang='lat' dir='ltr'><strong>dubitavimus.</strong></span> 
     </span>
    </p>

    <p class='ocr_par' dir='ltr' id='par_1_9' title="bbox 367 3441 1393 4147">
     <span class='ocr_line' id='line_1_34' title="bbox 437 3441 1379 3512; baseline 0.002 -22"><span class='ocrx_word' id='word_1_191' title='bbox 437 3441 489 3508; x_wconf 72' lang='grc'><strong>4.</strong></span> <span class='ocrx_word' id='word_1_192' title='bbox 516 3441 727 3494; x_wconf 84' lang='lat' dir='ltr'><strong>Moram</strong></span> <span class='ocrx_word' id='word_1_193' title='bbox 752 3441 825 3492; x_wconf 80' lang='lat' dir='ltr'><strong>rei</strong></span> <span class='ocrx_word' id='word_1_194' title='bbox 834 3462 853 3502; x_wconf 86' lang='lat'><strong>,-</strong></span> <span class='ocrx_word' id='word_1_195' title='bbox 888 3442 964 3492; x_wconf 87' lang='lat' dir='ltr'><strong>sic</strong></span> <span class='ocrx_word' id='word_1_196' title='bbox 989 3459 1136 3494; x_wconf 82' lang='lat' dir='ltr'><strong>mora</strong></span> <span class='ocrx_word' id='word_1_197' title='bbox 1164 3442 1379 3512; x_wconf 79' lang='lat' dir='ltr'><strong>passivo</strong></span> 
     </span>
     <span class='ocr_line' id='line_1_35' title="bbox 367 3518 1382 3590; baseline -0.001 -18"><span class='ocrx_word' id='word_1_198' title='bbox 367 3519 665 3590; x_wconf 68' lang='lat' dir='ltr'><strong>significatu</strong></span> <span class='ocrx_word' id='word_1_199' title='bbox 700 3518 937 3589; x_wconf 76' lang='lat' dir='ltr'><strong>genitivo</strong></span> <span class='ocrx_word' id='word_1_200' title='bbox 966 3520 1211 3589; x_wconf 76' lang='lat' dir='ltr'><strong>jungitur</strong></span> <span class='ocrx_word' id='word_1_201' title='bbox 1235 3518 1382 3571; x_wconf 83' lang='lat' dir='ltr'><strong>haud</strong></span> 
     </span>
     <span class='ocr_line' id='line_1_36' title="bbox 372 3596 1385 3669; baseline 0.001 -19"><span class='ocrx_word' id='word_1_202' title='bbox 372 3616 513 3650; x_wconf 82' lang='lat' dir='ltr'><strong>raro.</strong></span> <span class='ocrx_word' id='word_1_203' title='bbox 540 3599 650 3650; x_wconf 87' lang='lat' dir='ltr'><strong>Cic.</strong></span> <span class='ocrx_word' id='word_1_204' title='bbox 667 3602 814 3649; x_wconf 89' lang='lat' dir='ltr'><strong>Verr.</strong></span> <span class='ocrx_word' id='word_1_205' title='bbox 831 3602 901 3664; x_wconf 83' lang='lat' dir='ltr'><strong>V,</strong></span> <span class='ocrx_word' id='word_1_206' title='bbox 920 3596 1017 3664; x_wconf 74' lang='lat'><strong>64,</strong></span> <span class='ocrx_word' id='word_1_207' title='bbox 1043 3596 1216 3669; x_wconf 83' lang='lat'><strong>§.165</strong></span> <span class='ocrx_word' id='word_1_208' title='bbox 1232 3637 1250 3665; x_wconf 88' lang='lat'><strong>,</strong></span> <span class='ocrx_word' id='word_1_209' title='bbox 1268 3617 1385 3651; x_wconf 80' lang='lat' dir='ltr'><strong>cm-</strong></span> 
     </span>
     <span class='ocr_line' id='line_1_37' title="bbox 384 3677 1393 3750; baseline -0.001 -19"><span class='ocrx_word' id='word_1_210' title='bbox 384 3677 635 3731; x_wconf 77' lang='lat' dir='ltr'><strong>delissimi</strong></span> <span class='ocrx_word' id='word_1_211' title='bbox 674 3678 1038 3749; x_wconf 73' lang='lat' dir='ltr'><strong>toetern&#39;mt&#39;que</strong></span> <span class='ocrx_word' id='word_1_212' title='bbox 1056 3677 1256 3750; x_wconf 74' lang='lat' dir='ltr'><strong>judicii</strong></span> <span class='ocrx_word' id='word_1_213' title='bbox 1286 3677 1393 3730; x_wconf 73' lang='lat' dir='ltr'><strong>ati-</strong></span> 
     </span>
     <span class='ocr_line' id='line_1_38' title="bbox 381 3755 1389 3832; baseline -0.001 -25"><span class='ocrx_word' id='word_1_214' title='bbox 381 3774 541 3832; x_wconf 82' lang='lat' dir='ltr'><strong>quam</strong></span> <span class='ocrx_word' id='word_1_215' title='bbox 586 3773 809 3827; x_wconf 82' lang='lat' dir='ltr'><strong>parvam</strong></span> <span class='ocrx_word' id='word_1_216' title='bbox 849 3772 1068 3807; x_wconf 85' lang='lat' dir='ltr'><strong>moram.</strong></span> <span class='ocrx_word' id='word_1_217' title='bbox 1089 3794 1102 3807; x_wconf 91' lang='lat'><strong>.</strong></span> <span class='ocrx_word' id='word_1_218' title='bbox 1122 3796 1134 3808; x_wconf 93' lang='lat'><strong>.</strong></span> <span class='ocrx_word' id='word_1_219' title='bbox 1178 3755 1389 3826; x_wconf 85' lang='lat' dir='ltr'><strong>afferre.</strong></span> 
     </span>
     <span class='ocr_line' id='line_1_39' title="bbox 376 3833 1393 3907; baseline -0.002 -20"><span class='ocrx_word' id='word_1_220' title='bbox 376 3836 507 3902; x_wconf 83' lang='lat'><strong>166,</strong></span> <span class='ocrx_word' id='word_1_221' title='bbox 546 3835 589 3888; x_wconf 78' lang='lat' dir='ltr'><strong>si</strong></span> <span class='ocrx_word' id='word_1_222' title='bbox 616 3854 723 3887; x_wconf 78' lang='lat' dir='ltr'><strong>non</strong></span> <span class='ocrx_word' id='word_1_223' title='bbox 752 3833 1019 3907; x_wconf 70' lang='lat' dir='ltr'><strong>effitqium</strong></span> <span class='ocrx_word' id='word_1_224' title='bbox 1037 3873 1055 3900; x_wconf 88' lang='lat'><strong>,</strong></span> <span class='ocrx_word' id='word_1_225' title='bbox 1087 3853 1155 3886; x_wconf 84' lang='lat' dir='ltr'><strong>ne</strong></span> <span class='ocrx_word' id='word_1_226' title='bbox 1187 3853 1393 3886; x_wconf 87' lang='lat' dir='ltr'><strong>moram</strong></span> 
     </span>
     <span class='ocr_line' id='line_1_40' title="bbox 369 3912 1384 3989; baseline -0.004 -21"><span class='ocrx_word' id='word_1_227' title='bbox 369 3916 579 3989; x_wconf 80' lang='lat' dir='ltr'><strong>quidem</strong></span> <span class='ocrx_word' id='word_1_228' title='bbox 603 3916 797 3968; x_wconf 79' lang='lat' dir='ltr'><strong>mortis.</strong></span> <span class='ocrx_word' id='word_1_229' title='bbox 827 3916 926 3964; x_wconf 80' lang='lat' dir='ltr'><strong>Pro</strong></span> <span class='ocrx_word' id='word_1_230' title='bbox 951 3912 1083 3965; x_wconf 78' lang='lat' dir='ltr'><strong>nab.</strong></span> <span class='ocrx_word' id='word_1_231' title='bbox 1105 3913 1256 3985; x_wconf 84' lang='lat' dir='ltr'><strong>perd.</strong></span> <span class='ocrx_word' id='word_1_232' title='bbox 1280 3915 1384 3981; x_wconf 85' lang='lat'><strong>111,</strong></span> 
     </span>
     <span class='ocr_line' id='line_1_41' title="bbox 374 3992 1383 4068; baseline -0.001 -22"><span class='ocrx_word' id='word_1_233' title='bbox 374 3993 424 4066; x_wconf 67' lang='lat' dir='ltr'><strong>S.</strong></span> <span class='ocrx_word' id='word_1_234' title='bbox 447 3995 508 4061; x_wconf 85' lang='grc'><strong>8,</strong></span> <span class='ocrx_word' id='word_1_235' title='bbox 530 4013 691 4068; x_wconf 82' lang='lat' dir='ltr'><strong>quum</strong></span> <span class='ocrx_word' id='word_1_236' title='bbox 714 3992 988 4065; x_wconf 71' lang='lat' dir='ltr'><strong>adjttdt&#39;cii</strong></span> <span class='ocrx_word' id='word_1_237' title='bbox 1012 4009 1213 4045; x_wconf 80' lang='lat' dir='ltr'><strong>moram</strong></span> <span class='ocrx_word' id='word_1_238' title='bbox 1234 4011 1383 4045; x_wconf 74' lang='lat' dir='ltr'><strong>excu-</strong></span> 
     </span>
     <span class='ocr_line' id='line_1_42' title="bbox 371 4071 1382 4147; baseline -0.002 -19"><span class='ocrx_word' id='word_1_239' title='bbox 371 4076 502 4128; x_wconf 78' lang='lat' dir='ltr'><strong>satio</strong></span> <span class='ocrx_word' id='word_1_240' title='bbox 536 4087 859 4147; x_wconf 80' lang='lat' dir='ltr'><strong>quoereretur.</strong></span> <span class='ocrx_word' id='word_1_241' title='bbox 901 4071 1042 4127; x_wconf 78' lang='lat' dir='ltr'><strong>Flor.</strong></span> <span class='ocrx_word' id='word_1_242' title='bbox 1068 4075 1158 4141; x_wconf 86' lang='lat' dir='ltr'><strong>IV,</strong></span> <span class='ocrx_word' id='word_1_243' title='bbox 1182 4091 1247 4143; x_wconf 85' lang='lat'><strong>9,</strong></span> <span class='ocrx_word' id='word_1_244' title='bbox 1268 4092 1382 4127; x_wconf 77' lang='lat' dir='ltr'><strong>sco-</strong></span> 
     </span>
    </p>
   </div>
   <div class='ocr_carea' id='block_1_7' title="bbox 369 4153 1388 4307">
    <p class='ocr_par' dir='ltr' id='par_1_10' title="bbox 369 4153 1388 4307">
     <span class='ocr_line' id='line_1_43' title="bbox 369 4153 1388 4227; baseline 0.003 -22"><span class='ocrx_word' id='word_1_245' title='bbox 369 4153 531 4227; x_wconf 82' lang='lat' dir='ltr'><strong>pulus</strong></span> <span class='ocrx_word' id='word_1_246' title='bbox 557 4166 607 4206; x_wconf 86' lang='lat' dir='ltr'><strong>et</strong></span> <span class='ocrx_word' id='word_1_247' title='bbox 636 4156 801 4209; x_wconf 77' lang='lat' dir='ltr'><strong>nodus</strong></span> <span class='ocrx_word' id='word_1_248' title='bbox 836 4164 890 4207; x_wconf 86' lang='lat' dir='ltr'><strong>et</strong></span> <span class='ocrx_word' id='word_1_249' title='bbox 914 4173 1062 4209; x_wconf 80' lang='lat' dir='ltr'><strong>mora</strong></span> <span class='ocrx_word' id='word_1_250' title='bbox 1098 4155 1388 4210; x_wconf 72' lang='lat' dir='ltr'><strong>securitatis</strong></span> 
     </span>
     <span class='ocr_line' id='line_1_44' title="bbox 372 4232 898 4307; baseline -0.002 -19"><span class='ocrx_word' id='word_1_251' title='bbox 372 4232 598 4307; x_wconf 69' lang='lat' dir='ltr'><strong>publica</strong></span> <span class='ocrx_word' id='word_1_252' title='bbox 620 4233 898 4289; x_wconf 71' lang='lat' dir='ltr'><strong>Antonius.</strong></span> 
     </span>
    </p>
   </div>
   <div class='ocr_carea' id='block_1_8' title="bbox 1444 1621 2465 2642">
    <p class='ocr_par' dir='ltr' id='par_1_11' title="bbox 1446 1621 2457 1852">
     <span class='ocr_line' id='line_1_45' title="bbox 1519 1621 2452 1694; baseline -0.003 -19"><span class='ocrx_word' id='word_1_253' title='bbox 1519 1621 1568 1675; x_wconf 84' lang='grc'><strong>5.</strong></span> <span class='ocrx_word' id='word_1_254' title='bbox 1595 1622 1670 1675; x_wconf 81' lang='lat' dir='ltr'><strong>Et</strong></span> <span class='ocrx_word' id='word_1_255' title='bbox 1689 1622 1983 1694; x_wconf 65' lang='lat' dir='ltr'><strong>desperent,-</strong></span> <span class='ocrx_word' id='word_1_256' title='bbox 2005 1623 2083 1674; x_wconf 83' lang='lat' dir='ltr'><strong>sic</strong></span> <span class='ocrx_word' id='word_1_257' title='bbox 2105 1623 2280 1673; x_wconf 82' lang='lat' dir='ltr'><strong>Turio.</strong></span> <span class='ocrx_word' id='word_1_258' title='bbox 2305 1621 2452 1673; x_wconf 66' lang='lat' dir='ltr'><strong>Fiet.</strong></span> 
     </span>
     <span class='ocr_line' id='line_1_46' title="bbox 1446 1699 2457 1775; baseline -0.002 -21"><span class='ocrx_word' id='word_1_259' title='bbox 1446 1701 1571 1775; x_wconf 76' lang='lat' dir='ltr'><strong>(sed</strong></span> <span class='ocrx_word' id='word_1_260' title='bbox 1594 1702 1682 1755; x_wconf 80' lang='lat' dir='ltr'><strong>hic</strong></span> <span class='ocrx_word' id='word_1_261' title='bbox 1705 1702 1963 1773; x_wconf 74' lang='lat' dir='ltr'><strong>desperet)</strong></span> <span class='ocrx_word' id='word_1_262' title='bbox 1985 1699 2161 1755; x_wconf 78' lang='lat' dir='ltr'><strong>Guelf.</strong></span> <span class='ocrx_word' id='word_1_263' title='bbox 2187 1702 2352 1755; x_wconf 73' lang='lat' dir='ltr'><strong>Cutr.</strong></span> <span class='ocrx_word' id='word_1_264' title='bbox 2375 1701 2457 1753; x_wconf 69' lang='lat' dir='ltr'><strong>Ae</strong></span> 
     </span>
     <span class='ocr_line' id='line_1_47' title="bbox 1447 1781 1783 1852; baseline -0.003 -20"><span class='ocrx_word' id='word_1_265' title='bbox 1447 1781 1498 1832; x_wconf 78' lang='lat' dir='ltr'><strong>d.</strong></span> <span class='ocrx_word' id='word_1_266' title='bbox 1522 1818 1541 1846; x_wconf 89' lang='lat'>‚</span> <span class='ocrx_word' id='word_1_267' title='bbox 1571 1781 1783 1852; x_wconf 83' lang='lat' dir='ltr'><strong>reliqui.</strong></span> 
     </span>
    </p>

    <p class='ocr_par' dir='ltr' id='par_1_12' title="bbox 1444 1858 2465 2642">
     <span class='ocr_line' id='line_1_48' title="bbox 1518 1858 2453 1933; baseline 0 -21"><span class='ocrx_word' id='word_1_268' title='bbox 1518 1861 1569 1912; x_wconf 82' lang='lat'><strong>6.</strong></span> <span class='ocrx_word' id='word_1_269' title='bbox 1596 1861 2028 1932; x_wconf 67' lang='lat' dir='ltr'><strong>Experimentum</strong></span> <span class='ocrx_word' id='word_1_270' title='bbox 2049 1897 2067 1924; x_wconf 90' lang='lat'><strong>,</strong></span> <span class='ocrx_word' id='word_1_271' title='bbox 2101 1872 2201 1912; x_wconf 86' lang='lat' dir='ltr'><strong>etc.</strong></span> <span class='ocrx_word' id='word_1_272' title='bbox 2229 1858 2453 1933; x_wconf 68' lang='lat' dir='ltr'><strong>Experi-</strong></span> 
     </span>
     <span class='ocr_line' id='line_1_49' title="bbox 1446 1941 2455 2012; baseline 0.001 -21"><span class='ocrx_word' id='word_1_273' title='bbox 1446 1952 1702 1993; x_wconf 77' lang='lat' dir='ltr'><strong>mentum.</strong></span> <span class='ocrx_word' id='word_1_274' title='bbox 1738 1952 1849 1993; x_wconf 79' lang='lat' dir='ltr'><strong>tum</strong></span> <span class='ocrx_word' id='word_1_275' title='bbox 1883 1941 1973 2012; x_wconf 78' lang='lat' dir='ltr'><strong>qui</strong></span> <span class='ocrx_word' id='word_1_276' title='bbox 1989 1943 2253 2011; x_wconf 69' lang='lat' dir='ltr'><strong>primvm,</strong></span> <span class='ocrx_word' id='word_1_277' title='bbox 2275 1942 2455 1993; x_wconf 72' lang='lat' dir='ltr'><strong>Turic-</strong></span> 
     </span>
     <span class='ocr_line' id='line_1_50' title="bbox 1446 2018 2455 2092; baseline 0.002 -21"><span class='ocrx_word' id='word_1_278' title='bbox 1446 2019 1584 2071; x_wconf 89' lang='lat' dir='ltr'><strong>Flor.</strong></span> <span class='ocrx_word' id='word_1_279' title='bbox 1615 2019 1746 2090; x_wconf 83' lang='lat' dir='ltr'><strong>(nisi</strong></span> <span class='ocrx_word' id='word_1_280' title='bbox 1772 2019 1918 2090; x_wconf 85' lang='lat' dir='ltr'><strong>quod</strong></span> <span class='ocrx_word' id='word_1_281' title='bbox 1942 2018 2029 2070; x_wconf 87' lang='lat' dir='ltr'><strong>hic</strong></span> <span class='ocrx_word' id='word_1_282' title='bbox 2054 2029 2110 2071; x_wconf 81' lang='lat' dir='ltr'><strong>tu</strong></span> <span class='ocrx_word' id='word_1_283' title='bbox 2134 2019 2255 2092; x_wconf 81' lang='lat' dir='ltr'><strong>qui)</strong></span> <span class='ocrx_word' id='word_1_284' title='bbox 2278 2019 2455 2073; x_wconf 72' lang='lat' dir='ltr'><strong>Guelf.</strong></span> 
     </span>
     <span class='ocr_line' id='line_1_51' title="bbox 1444 2099 2456 2171; baseline 0 -19"><span class='ocrx_word' id='word_1_285' title='bbox 1444 2102 1571 2152; x_wconf 80' lang='lat' dir='ltr'><strong>Exc.</strong></span> <span class='ocrx_word' id='word_1_286' title='bbox 1592 2099 1808 2152; x_wconf 80' lang='lat' dir='ltr'><strong>Santen.</strong></span> <span class='ocrx_word' id='word_1_287' title='bbox 1826 2101 1986 2151; x_wconf 72' lang='lat' dir='ltr'><strong>Cutr.</strong></span> <span class='ocrx_word' id='word_1_288' title='bbox 2006 2100 2456 2171; x_wconf 75' lang='lat' dir='ltr'><strong>Experimentum.</strong></span> 
     </span>
     <span class='ocr_line' id='line_1_52' title="bbox 1449 2176 2453 2252; baseline 0.002 -23"><span class='ocrx_word' id='word_1_289' title='bbox 1449 2177 1509 2229; x_wconf 80' lang='grc' dir='ltr'><strong>1ιί</strong></span> <span class='ocrx_word' id='word_1_290' title='bbox 1526 2195 1607 2252; x_wconf 82' lang='lat' dir='ltr'><strong>pr.</strong></span> <span class='ocrx_word' id='word_1_291' title='bbox 1627 2215 1645 2242; x_wconf 90' lang='lat'><strong>,</strong></span> <span class='ocrx_word' id='word_1_292' title='bbox 1665 2176 1800 2229; x_wconf 78' lang='lat' dir='ltr'><strong>Alm.</strong></span> <span class='ocrx_word' id='word_1_293' title='bbox 1823 2178 1889 2229; x_wconf 84' lang='grc' dir='ltr'><strong>Ε.</strong></span> <span class='ocrx_word' id='word_1_294' title='bbox 1911 2196 2140 2251; x_wconf 81' lang='lat' dir='ltr'><strong>namque</strong></span> <span class='ocrx_word' id='word_1_295' title='bbox 2158 2198 2239 2252; x_wconf 86' lang='lat' dir='ltr'><strong>pr.</strong></span> <span class='ocrx_word' id='word_1_296' title='bbox 2251 2217 2269 2245; x_wconf 88' lang='lat'><strong>,</strong></span> <span class='ocrx_word' id='word_1_297' title='bbox 2289 2176 2453 2231; x_wconf 76' lang='lat' dir='ltr'><strong>Goth.</strong></span> 
     </span>
     <span class='ocr_line' id='line_1_53' title="bbox 1450 2257 2456 2331; baseline 0.002 -24"><span class='ocrx_word' id='word_1_298' title='bbox 1450 2261 1605 2309; x_wconf 82' lang='lat' dir='ltr'><strong>Voss.</strong></span> <span class='ocrx_word' id='word_1_299' title='bbox 1639 2276 1686 2311; x_wconf 77' lang='lat'><strong>2.</strong></span> <span class='ocrx_word' id='word_1_300' title='bbox 1713 2257 1780 2308; x_wconf 82' lang='lat' dir='ltr'><strong>E.</strong></span> <span class='ocrx_word' id='word_1_301' title='bbox 1803 2276 2029 2330; x_wconf 76' lang='lat' dir='ltr'><strong>namque</strong></span> <span class='ocrx_word' id='word_1_302' title='bbox 2053 2259 2149 2331; x_wconf 80' lang='lat' dir='ltr'><strong>qui</strong></span> <span class='ocrx_word' id='word_1_303' title='bbox 2171 2277 2283 2330; x_wconf 68' lang='lat' dir='ltr'><strong>pn,</strong></span> <span class='ocrx_word' id='word_1_304' title='bbox 2309 2259 2456 2310; x_wconf 83' lang='lat' dir='ltr'><strong>Jens.</strong></span> 
     </span>
     <span class='ocr_line' id='line_1_54' title="bbox 1450 2334 2462 2408; baseline 0.005 -23"><span class='ocrx_word' id='word_1_305' title='bbox 1450 2334 1606 2385; x_wconf 75' lang='lat' dir='ltr'><strong>Tarv.</strong></span> <span class='ocrx_word' id='word_1_306' title='bbox 1633 2335 1698 2386; x_wconf 83' lang='grc' dir='ltr'><strong>Ε.</strong></span> <span class='ocrx_word' id='word_1_307' title='bbox 1724 2335 1826 2387; x_wconf 85' lang='lat' dir='ltr'><strong>Sed</strong></span> <span class='ocrx_word' id='word_1_308' title='bbox 1843 2334 1899 2385; x_wconf 82' lang='grc' dir='ltr'><strong>1ιί</strong></span> <span class='ocrx_word' id='word_1_309' title='bbox 1912 2356 2018 2408; x_wconf 65' lang='lat' dir='ltr'><strong>pn,</strong></span> <span class='ocrx_word' id='word_1_310' title='bbox 2039 2355 2103 2388; x_wconf 87' lang='lat' dir='ltr'><strong>ex</strong></span> <span class='ocrx_word' id='word_1_311' title='bbox 2120 2336 2328 2389; x_wconf 83' lang='lat' dir='ltr'><strong>emend.</strong></span> <span class='ocrx_word' id='word_1_312' title='bbox 2349 2338 2462 2389; x_wconf 84' lang='lat' dir='ltr'><strong>Me·</strong></span> 
     </span>
     <span class='ocr_line' id='line_1_55' title="bbox 1453 2411 2464 2486; baseline 0.002 -21"><span class='ocrx_word' id='word_1_313' title='bbox 1453 2411 1578 2465; x_wconf 80' lang='lat' dir='ltr'><strong>rulae</strong></span> <span class='ocrx_word' id='word_1_314' title='bbox 1608 2413 1828 2485; x_wconf 68' lang='lat' dir='ltr'><strong>reliqui,</strong></span> <span class='ocrx_word' id='word_1_315' title='bbox 1853 2429 2060 2486; x_wconf 80' lang='lat' dir='ltr'><strong>except.</strong></span> <span class='ocrx_word' id='word_1_316' title='bbox 2088 2414 2347 2467; x_wconf 82' lang='lat' dir='ltr'><strong>Obrecht.</strong></span> <span class='ocrx_word' id='word_1_317' title='bbox 2369 2417 2464 2485; x_wconf 86' lang='lat' dir='ltr'><strong>qui</strong></span> 
     </span>
     <span class='ocr_line' id='line_1_56' title="bbox 1456 2494 2465 2565; baseline 0.005 -22"><span class='ocrx_word' id='word_1_318' title='bbox 1456 2505 1720 2558; x_wconf 81' lang='lat' dir='ltr'><strong>nostram,</strong></span> <span class='ocrx_word' id='word_1_319' title='bbox 1741 2512 1904 2565; x_wconf 78' lang='lat' dir='ltr'><strong>quam</strong></span> <span class='ocrx_word' id='word_1_320' title='bbox 1923 2496 2205 2548; x_wconf 80' lang='lat' dir='ltr'><strong>manifesto</strong></span> <span class='ocrx_word' id='word_1_321' title='bbox 2220 2494 2465 2548; x_wconf 75' lang='lat' dir='ltr'><strong>indicant</strong></span> 
     </span>
     <span class='ocr_line' id='line_1_57' title="bbox 1454 2570 2464 2642; baseline 0.005 -20"><span class='ocrx_word' id='word_1_322' title='bbox 1454 2570 1577 2622; x_wconf 85' lang='lat' dir='ltr'><strong>libri</strong></span> <span class='ocrx_word' id='word_1_323' title='bbox 1600 2572 1806 2642; x_wconf 82' lang='lat' dir='ltr'><strong>optimi.</strong></span> <span class='ocrx_word' id='word_1_324' title='bbox 1829 2573 2141 2642; x_wconf 68' lang='lat' dir='ltr'><strong>Quantum,</strong></span> <span class='ocrx_word' id='word_1_325' title='bbox 2169 2574 2312 2626; x_wconf 82' lang='lat' dir='ltr'><strong>Flor.</strong></span> <span class='ocrx_word' id='word_1_326' title='bbox 2350 2574 2464 2626; x_wconf 80' lang='lat' dir='ltr'><strong>Hu-</strong></span> 
     </span>
    </p>
   </div>
   <div class='ocr_carea' id='block_1_9' title="bbox 1454 2648 2466 2722">
    <p class='ocr_par' dir='ltr' id='par_1_13' title="bbox 1454 2648 2466 2722">
     <span class='ocr_line' id='line_1_58' title="bbox 1454 2648 2466 2722; baseline 0.002 -22"><span class='ocrx_word' id='word_1_327' title='bbox 1454 2648 1607 2701; x_wconf 79' lang='lat' dir='ltr'><strong>mani</strong></span> <span class='ocrx_word' id='word_1_328' title='bbox 1623 2651 1852 2722; x_wconf 67' lang='lat' dir='ltr'><strong>generis,</strong></span> <span class='ocrx_word' id='word_1_329' title='bbox 1884 2651 2019 2705; x_wconf 75' lang='lat' dir='ltr'><strong>Alm.</strong></span> <span class='ocrx_word' id='word_1_330' title='bbox 2045 2654 2190 2706; x_wconf 83' lang='lat' dir='ltr'><strong>Jens.</strong></span> <span class='ocrx_word' id='word_1_331' title='bbox 2229 2667 2280 2705; x_wconf 89' lang='lat' dir='ltr'><strong>et</strong></span> <span class='ocrx_word' id='word_1_332' title='bbox 2317 2651 2466 2705; x_wconf 83' lang='lat' dir='ltr'><strong>editt.</strong></span> 
     </span>
    </p>
   </div>
   <div class='ocr_carea' id='block_1_10' title="bbox 1446 2729 2468 2801">
    <p class='ocr_par' dir='ltr' id='par_1_14' title="bbox 1446 2729 2468 2801">
     <span class='ocr_line' id='line_1_59' title="bbox 1446 2729 2468 2801; baseline 0.004 -22"><span class='ocrx_word' id='word_1_333' title='bbox 1446 2742 1686 2801; x_wconf 60' lang='lat' dir='ltr'><strong>‚postet-r.</strong></span> <span class='ocrx_word' id='word_1_334' title='bbox 1713 2743 1836 2781; x_wconf 72' lang='lat' dir='ltr'><strong>ante</strong></span> <span class='ocrx_word' id='word_1_335' title='bbox 1859 2729 2028 2783; x_wconf 86' lang='lat' dir='ltr'><strong>Stoer.</strong></span> <span class='ocrx_word' id='word_1_336' title='bbox 2054 2750 2168 2784; x_wconf 83' lang='lat' dir='ltr'><strong>acc.</strong></span> <span class='ocrx_word' id='word_1_337' title='bbox 2193 2730 2339 2784; x_wconf 87' lang='lat' dir='ltr'><strong>Gibs.</strong></span> <span class='ocrx_word' id='word_1_338' title='bbox 2367 2731 2468 2783; x_wconf 86' lang='lat' dir='ltr'><strong>De-</strong></span> 
     </span>
    </p>
   </div>
   <div class='ocr_carea' id='block_1_11' title="bbox 1458 2808 2469 2961">
    <p class='ocr_par' dir='ltr' id='par_1_15' title="bbox 1458 2808 2469 2961">
     <span class='ocr_line' id='line_1_60' title="bbox 1458 2808 2464 2877; baseline 0.003 -17"><span class='ocrx_word' id='word_1_339' title='bbox 1458 2810 1663 2875; x_wconf 78' lang='lat' dir='ltr'><strong>metiri,</strong></span> <span class='ocrx_word' id='word_1_340' title='bbox 1687 2808 1827 2862; x_wconf 72' lang='lat' dir='ltr'><strong>Ftor.</strong></span> <span class='ocrx_word' id='word_1_341' title='bbox 1845 2810 2015 2867; x_wconf 62' lang='lat' dir='ltr'><strong>emp.</strong></span> <span class='ocrx_word' id='word_1_342' title='bbox 2042 2811 2273 2863; x_wconf 79' lang='lat' dir='ltr'><strong>Minores</strong></span> <span class='ocrx_word' id='word_1_343' title='bbox 2304 2821 2356 2862; x_wconf 84' lang='lat' dir='ltr'><strong>et</strong></span> <span class='ocrx_word' id='word_1_344' title='bbox 2378 2811 2464 2877; x_wconf 56' lang='lat' dir='ltr'><strong>A„</strong></span> 
     </span>
     <span class='ocr_line' id='line_1_61' title="bbox 1458 2888 2469 2961; baseline 0.004 -21"><span class='ocrx_word' id='word_1_345' title='bbox 1458 2888 1635 2940; x_wconf 83' lang='lat' dir='ltr'><strong>Guelf.</strong></span> <span class='ocrx_word' id='word_1_346' title='bbox 1646 2892 1799 2941; x_wconf 80' lang='lat' dir='ltr'><strong>Voss.</strong></span> <span class='ocrx_word' id='word_1_347' title='bbox 1820 2907 1847 2941; x_wconf 68' lang='grc' dir='ltr'><strong>ο</strong></span> <span class='ocrx_word' id='word_1_348' title='bbox 1862 2928 1880 2955; x_wconf 86' lang='grc'>,</span> <span class='ocrx_word' id='word_1_349' title='bbox 1894 2888 2057 2941; x_wconf 82' lang='lat' dir='ltr'><strong>Goth.</strong></span> <span class='ocrx_word' id='word_1_350' title='bbox 2076 2891 2220 2942; x_wconf 83' lang='lat' dir='ltr'><strong>Jens.</strong></span> <span class='ocrx_word' id='word_1_351' title='bbox 2236 2890 2469 2961; x_wconf 80' lang='lat' dir='ltr'><strong>(tacente</strong></span> 
     </span>
    </p>
   </div>
   <div class='ocr_carea' id='block_1_12' title="bbox 1465 2968 2566 4287">
    <p class='ocr_par' dir='ltr' id='par_1_16' title="bbox 1465 2968 2566 3357">
     <span class='ocr_line' id='line_1_62' title="bbox 1469 2968 2566 3044; baseline 0.005 -24"><span class='ocrx_word' id='word_1_352' title='bbox 1469 2968 1657 3034; x_wconf 82' lang='lat' dir='ltr'><strong>Gesn.)</strong></span> <span class='ocrx_word' id='word_1_353' title='bbox 1689 2982 1738 3020; x_wconf 88' lang='lat' dir='ltr'><strong>et</strong></span> <span class='ocrx_word' id='word_1_354' title='bbox 1773 2983 1999 3040; x_wconf 85' lang='lat' dir='ltr'><strong>posterr.</strong></span> <span class='ocrx_word' id='word_1_355' title='bbox 2023 2981 2145 3021; x_wconf 78' lang='lat' dir='ltr'><strong>ante</strong></span> <span class='ocrx_word' id='word_1_356' title='bbox 2169 2969 2295 3021; x_wconf 76' lang='lat' dir='ltr'><strong>Bad.</strong></span> <span class='ocrx_word' id='word_1_357' title='bbox 2326 2971 2477 3044; x_wconf 65' lang='grc'>6091-</span> <span class='ocrx_word' id='word_1_358' title='bbox 2563 2992 2566 2995; x_wconf 93' lang='grc'><strong><em>·</em></strong></span> 
     </span>
     <span class='ocr_line' id='line_1_63' title="bbox 1470 3045 2480 3118; baseline 0.001 -19"><span class='ocrx_word' id='word_1_359' title='bbox 1470 3055 1610 3110; x_wconf 72' lang='lat' dir='ltr'><strong>tam,</strong></span> <span class='ocrx_word' id='word_1_360' title='bbox 1621 3045 1796 3098; x_wconf 84' lang='lat' dir='ltr'><strong>Guelf.</strong></span> <span class='ocrx_word' id='word_1_361' title='bbox 1813 3047 2148 3118; x_wconf 78' lang='lat' dir='ltr'><strong>Quanquam,</strong></span> <span class='ocrx_word' id='word_1_362' title='bbox 2160 3046 2334 3103; x_wconf 76' lang='lat' dir='ltr'><strong>Guelf.</strong></span> <span class='ocrx_word' id='word_1_363' title='bbox 2355 3067 2480 3100; x_wconf 86' lang='lat' dir='ltr'><strong>cum</strong></span> 
     </span>
     <span class='ocr_line' id='line_1_64' title="bbox 1465 3126 2503 3199; baseline 0.002 -21"><span class='ocrx_word' id='word_1_364' title='bbox 1465 3129 1625 3179; x_wconf 82' lang='lat' dir='ltr'><strong>Voss.</strong></span> <span class='ocrx_word' id='word_1_365' title='bbox 1640 3129 1959 3199; x_wconf 77' lang='lat' dir='ltr'><strong>2.-Namq.</strong></span> <span class='ocrx_word' id='word_1_366' title='bbox 1972 3127 2366 3198; x_wconf 62' lang='lat' dir='ltr'><strong>primum,anL</strong></span> <span class='ocrx_word' id='word_1_367' title='bbox 2379 3126 2473 3180; x_wconf 78' lang='lat' dir='ltr'><strong>lib.</strong></span> <span class='ocrx_word' id='word_1_368' title='bbox 2497 3168 2503 3172; x_wconf 88' lang='lat'>-</span> 
     </span>
     <span class='ocr_line' id='line_1_65' title="bbox 1468 3204 2475 3277; baseline 0.002 -20"><span class='ocrx_word' id='word_1_369' title='bbox 1468 3204 1521 3275; x_wconf 79' lang='lat' dir='ltr'><strong>(n</strong></span> <span class='ocrx_word' id='word_1_370' title='bbox 1540 3223 1646 3257; x_wconf 79' lang='lat' dir='ltr'><strong>sec.</strong></span> <span class='ocrx_word' id='word_1_371' title='bbox 1664 3205 1762 3276; x_wconf 87' lang='lat' dir='ltr'><strong>m.)</strong></span> <span class='ocrx_word' id='word_1_372' title='bbox 1775 3207 1837 3257; x_wconf 81' lang='lat' dir='ltr'><strong>R.</strong></span> <span class='ocrx_word' id='word_1_373' title='bbox 1855 3224 1906 3275; x_wconf 89' lang='lat'><strong>9.</strong></span> <span class='ocrx_word' id='word_1_374' title='bbox 1919 3204 2288 3277; x_wconf 76' lang='lat' dir='ltr'><strong>Quipr.,Vall.</strong></span> <span class='ocrx_word' id='word_1_375' title='bbox 2307 3205 2400 3259; x_wconf 82' lang='lat' dir='ltr'><strong>lib.</strong></span> <span class='ocrx_word' id='word_1_376' title='bbox 2414 3207 2475 3259; x_wconf 82' lang='lat' dir='ltr'><strong>R.</strong></span> 
     </span>
     <span class='ocr_line' id='line_1_66' title="bbox 1470 3284 2444 3357; baseline 0.001 -20"><span class='ocrx_word' id='word_1_377' title='bbox 1470 3285 1520 3337; x_wconf 86' lang='grc'><strong>8.</strong></span> <span class='ocrx_word' id='word_1_378' title='bbox 1537 3284 1676 3337; x_wconf 82' lang='lat' dir='ltr'><strong>Tum</strong></span> <span class='ocrx_word' id='word_1_379' title='bbox 1702 3285 1909 3357; x_wconf 66' lang='lat' dir='ltr'><strong>quipr„</strong></span> <span class='ocrx_word' id='word_1_380' title='bbox 1931 3286 2106 3353; x_wconf 82' lang='lat' dir='ltr'><strong>RR.7‚</strong></span> <span class='ocrx_word' id='word_1_381' title='bbox 2130 3301 2213 3351; x_wconf 83' lang='lat'><strong>10,</strong></span> <span class='ocrx_word' id='word_1_382' title='bbox 2241 3303 2258 3337; x_wconf 81' lang='grc' dir='ltr'><strong><em>ι</em></strong></span> <span class='ocrx_word' id='word_1_383' title='bbox 2277 3303 2320 3337; x_wconf 86' lang='lat' dir='ltr'><strong>t.</strong></span> <span class='ocrx_word' id='word_1_384' title='bbox 2347 3288 2444 3338; x_wconf 75' lang='lat' dir='ltr'><strong>En.</strong></span> 
     </span>
    </p>

    <p class='ocr_par' dir='ltr' id='par_1_17' title="bbox 1466 3363 2489 4287">
     <span class='ocr_line' id='line_1_67' title="bbox 1542 3363 2479 3435; baseline 0.001 -20"><span class='ocrx_word' id='word_1_385' title='bbox 1542 3380 1593 3433; x_wconf 92' lang='lat'><strong>7.</strong></span> <span class='ocrx_word' id='word_1_386' title='bbox 1638 3363 1966 3415; x_wconf 81' lang='lat' dir='ltr'><strong>Renuncient</strong></span> <span class='ocrx_word' id='word_1_387' title='bbox 2001 3363 2110 3417; x_wconf 79' lang='lat' dir='ltr'><strong>sibi.</strong></span> <span class='ocrx_word' id='word_1_388' title='bbox 2159 3386 2182 3409; x_wconf 76' lang='grc' dir='ltr'><strong>σι</strong></span> <span class='ocrx_word' id='word_1_389' title='bbox 2202 3363 2479 3435; x_wconf 71' lang='lat' dir='ltr'><strong>Cogitant,</strong></span> 
     </span>
     <span class='ocr_line' id='line_1_68' title="bbox 1466 3439 2482 3508; baseline 0.007 -20"><span class='ocrx_word' id='word_1_390' title='bbox 1466 3460 1490 3488; x_wconf 73' lang='grc' dir='ltr'><strong><em>α</em></strong></span> <span class='ocrx_word' id='word_1_391' title='bbox 1510 3439 1890 3508; x_wconf 73' lang='lat' dir='ltr'><strong>considerent,</strong></span> <span class='ocrx_word' id='word_1_392' title='bbox 1930 3442 1998 3493; x_wconf 82' lang='lat' dir='ltr'><strong>ad</strong></span> <span class='ocrx_word' id='word_1_393' title='bbox 2047 3442 2282 3494; x_wconf 79' lang='lat' dir='ltr'><strong>animum</strong></span> <span class='ocrx_word' id='word_1_394' title='bbox 2328 3461 2482 3495; x_wconf 83' lang='lat' dir='ltr'><strong>revo-</strong></span> 
     </span>
     <span class='ocr_line' id='line_1_69' title="bbox 1470 3519 2479 3573; baseline 0.002 -2"><span class='ocrx_word' id='word_1_395' title='bbox 1470 3540 1493 3565; x_wconf 73' lang='grc' dir='ltr'><strong><em>κ</em></strong></span> <span class='ocrx_word' id='word_1_396' title='bbox 1515 3533 1642 3572; x_wconf 82' lang='lat' dir='ltr'><strong>cent</strong></span> <span class='ocrx_word' id='word_1_397' title='bbox 1663 3544 1685 3567; x_wconf 71' lang='lat' dir='ltr'>a</span> <span class='ocrx_word' id='word_1_398' title='bbox 1731 3521 1806 3572; x_wconf 88' lang='lat' dir='ltr'><strong>sic</strong></span> <span class='ocrx_word' id='word_1_399' title='bbox 1838 3520 2058 3572; x_wconf 81' lang='lat' dir='ltr'><strong>Gesner.</strong></span> <span class='ocrx_word' id='word_1_400' title='bbox 2090 3521 2143 3571; x_wconf 90' lang='lat' dir='ltr'><strong>in</strong></span> <span class='ocrx_word' id='word_1_401' title='bbox 2172 3519 2330 3573; x_wconf 82' lang='lat' dir='ltr'><strong>Thes.</strong></span> <span class='ocrx_word' id='word_1_402' title='bbox 2369 3540 2479 3573; x_wconf 90' lang='lat' dir='ltr'><strong>non</strong></span> 
     </span>
     <span class='ocr_line' id='line_1_70' title="bbox 1474 3599 2483 3671; baseline 0.003 -21"><span class='ocrx_word' id='word_1_403' title='bbox 1474 3599 1738 3650; x_wconf 86' lang='lat' dir='ltr'><strong>immerito</strong></span> <span class='ocrx_word' id='word_1_404' title='bbox 1771 3599 2054 3652; x_wconf 77' lang='lat' dir='ltr'><strong>observatu</strong></span> <span class='ocrx_word' id='word_1_405' title='bbox 2089 3599 2308 3671; x_wconf 68' lang='lat' dir='ltr'><strong>dignum</strong></span> <span class='ocrx_word' id='word_1_406' title='bbox 2336 3600 2483 3654; x_wconf 81' lang='lat' dir='ltr'><strong>hunc</strong></span> 
     </span>
     <span class='ocr_line' id='line_1_71' title="bbox 1476 3678 2486 3752; baseline 0.005 -22"><span class='ocrx_word' id='word_1_407' title='bbox 1476 3697 1636 3732; x_wconf 78' lang='lat' dir='ltr'><strong>usum</strong></span> <span class='ocrx_word' id='word_1_408' title='bbox 1663 3678 1846 3731; x_wconf 84' lang='lat' dir='ltr'><strong>dicens</strong></span> <span class='ocrx_word' id='word_1_409' title='bbox 1862 3717 1879 3743; x_wconf 87' lang='lat'><strong>,</strong></span> <span class='ocrx_word' id='word_1_410' title='bbox 1908 3683 2063 3752; x_wconf 84' lang='lat' dir='ltr'><strong>cujus</strong></span> <span class='ocrx_word' id='word_1_411' title='bbox 2084 3680 2251 3732; x_wconf 77' lang='lat' dir='ltr'><strong>simile</strong></span> <span class='ocrx_word' id='word_1_412' title='bbox 2275 3680 2486 3735; x_wconf 73' lang='lat' dir='ltr'><strong>aliunde</strong></span> 
     </span>
     <span class='ocr_line' id='line_1_72' title="bbox 1475 3756 2488 3831; baseline 0.002 -22"><span class='ocrx_word' id='word_1_413' title='bbox 1475 3756 1716 3811; x_wconf 79' lang='lat' dir='ltr'><strong>nondum</strong></span> <span class='ocrx_word' id='word_1_414' title='bbox 1733 3756 1948 3810; x_wconf 83' lang='lat' dir='ltr'><strong>allatum</strong></span> <span class='ocrx_word' id='word_1_415' title='bbox 1964 3772 2058 3812; x_wconf 79' lang='lat' dir='ltr'><strong>est.</strong></span> <span class='ocrx_word' id='word_1_416' title='bbox 2073 3762 2210 3812; x_wconf 76' lang='lat' dir='ltr'><strong>Nam</strong></span> <span class='ocrx_word' id='word_1_417' title='bbox 2226 3759 2340 3812; x_wconf 78' lang='lat' dir='ltr'><strong>aliis</strong></span> <span class='ocrx_word' id='word_1_418' title='bbox 2356 3777 2488 3831; x_wconf 84' lang='lat' dir='ltr'><strong>quo-</strong></span> 
     </span>
     <span class='ocr_line' id='line_1_73' title="bbox 1476 3835 2483 3909; baseline 0.007 -23"><span class='ocrx_word' id='word_1_419' title='bbox 1476 3855 1583 3907; x_wconf 88' lang='lat' dir='ltr'><strong>que</strong></span> <span class='ocrx_word' id='word_1_420' title='bbox 1609 3855 1715 3887; x_wconf 88' lang='lat' dir='ltr'><strong>non</strong></span> <span class='ocrx_word' id='word_1_421' title='bbox 1741 3839 2079 3890; x_wconf 80' lang='lat' dir='ltr'><strong>renunciatur</strong></span> <span class='ocrx_word' id='word_1_422' title='bbox 2099 3839 2199 3889; x_wconf 82' lang='lat' dir='ltr'><strong>nisi</strong></span> <span class='ocrx_word' id='word_1_423' title='bbox 2218 3835 2483 3909; x_wconf 76' lang='lat' dir='ltr'><strong>quodne-</strong></span> 
     </span>
     <span class='ocr_line' id='line_1_74' title="bbox 1474 3914 2487 3986; baseline -0.001 -18"><span class='ocrx_word' id='word_1_424' title='bbox 1474 3916 1673 3968; x_wconf 76' lang='lat' dir='ltr'><strong>sciunt.</strong></span> <span class='ocrx_word' id='word_1_425' title='bbox 1695 3915 1831 3967; x_wconf 85' lang='lat' dir='ltr'><strong>Hinc</strong></span> <span class='ocrx_word' id='word_1_426' title='bbox 1850 3935 2023 3986; x_wconf 85' lang='lat' dir='ltr'><strong>neque</strong></span> <span class='ocrx_word' id='word_1_427' title='bbox 2046 3914 2180 3967; x_wconf 83' lang='lat' dir='ltr'><strong>illud</strong></span> <span class='ocrx_word' id='word_1_428' title='bbox 2203 3916 2487 3984; x_wconf 76' lang='lat' dir='ltr'><strong>satisfacit,</strong></span> 
     </span>
     <span class='ocr_line' id='line_1_75' title="bbox 1473 3994 2484 4067; baseline 0.002 -20"><span class='ocrx_word' id='word_1_429' title='bbox 1473 3994 1619 4066; x_wconf 85' lang='lat' dir='ltr'><strong>quod</strong></span> <span class='ocrx_word' id='word_1_430' title='bbox 1655 3999 1926 4049; x_wconf 78' lang='lat' dir='ltr'><strong>annotavit</strong></span> <span class='ocrx_word' id='word_1_431' title='bbox 1959 3995 2326 4067; x_wconf 71' lang='lat' dir='ltr'><strong>spaldingius,</strong></span> <span class='ocrx_word' id='word_1_432' title='bbox 2361 4015 2484 4055; x_wconf 73' lang='lat' dir='ltr'><strong>esse</strong></span> 
     </span>
     <span class='ocr_line' id='line_1_76' title="bbox 1476 4073 2489 4226; baseline 0.005 -22"><span class='ocrx_word' id='word_1_433' title='bbox 1476 4093 1605 4205; x_wconf 64' lang='lat'><strong>{³122</strong></span> <span class='ocrx_word' id='word_1_434' title='bbox 1616 4073 2334 4226; x_wconf 49' lang='lat'><strong>&#39;52231212‘111332233‘32</strong></span> <span class='ocrx_word' id='word_1_435' title='bbox 2353 4078 2489 4209; x_wconf 56' lang='grc' dir='ltr'><strong>..ἵζ’</strong></span> 
     </span>
     <span class='ocr_line' id='line_1_77' title="bbox 1482 4230 1957 4287; baseline 0.004 -2"><span class='ocrx_word' id='word_1_436' title='bbox 1482 4230 1613 4286; x_wconf 83' lang='lat' dir='ltr'><strong>dum</strong></span> <span class='ocrx_word' id='word_1_437' title='bbox 1641 4235 1696 4285; x_wconf 90' lang='lat' dir='ltr'><strong>in</strong></span> <span class='ocrx_word' id='word_1_438' title='bbox 1722 4246 1837 4287; x_wconf 86' lang='lat' dir='ltr'><strong>tuto</strong></span> <span class='ocrx_word' id='word_1_439' title='bbox 1861 4246 1957 4287; x_wconf 82' lang='lat' dir='ltr'><strong>est.</strong></span> 
     </span>
    </p>
   </div>
   <div class='ocr_carea' id='block_1_13' title="bbox 2111 4323 2196 4392">
    <p class='ocr_par' dir='ltr' id='par_1_18' title="bbox 2111 4323 2196 4392">
     <span class='ocr_line' id='line_1_78' title="bbox 2111 4323 2196 4392; baseline -0.012 -16"><span class='ocrx_word' id='word_1_440' title='bbox 2111 4323 2196 4392; x_wconf 79' lang='lat'><strong>37.</strong></span> 
     </span>
    </p>
   </div>
  </div>
 </body>
</html>
