3200 5159
730 454 857 534 348

1288 450 1381 513 M.
1420 447 1647 512 FAml
1683 442 2236 528 QUINTILIAM

722 575 1053 675 plicanv?
1080 573 1408 675 probant?
1431 571 1902 645 admirantur?
1922 571 2519 647 verecundantur?
2539 572 2694 642 Non
2724 570 2803 641 in

726 692 1282 768 demonstrandis
1339 690 1506 763 locis
1562 715 1641 761 ac
1693 689 1999 787 personis
2049 689 2533 764 adverbiorum
2594 707 2803 784 atque

723 794 1226 907 pronominum
1260 804 1575 879 obtinent
1613 802 1881 877 vicem?
1920 825 2001 877 ut
2040 804 2113 877 in
2158 825 2347 878 tanta
2389 828 2511 902 per
2557 824 2802 873 omnes

723 943 956 1020 gentes
981 921 1429 1018 nationesque
1452 918 1707 1015 linguae
1738 917 2115 990 diversitate
2140 919 2252 991 hic
2278 917 2451 989 mihi
2476 913 2804 987 omnium

623 1047 689 1100 88
724 1035 1099 1108 hominum
1132 1030 1529 1105 communis
1565 1056 1795 1102 sermo
1823 1029 2158 1107 videatur.
2200 1034 2289 1104 Et
2323 1030 2398 1103 hi
2429 1026 2758 1129 ‘quidem
2783 1079 2804 1112 ,

723 1149 808 1221 de
849 1149 1104 1248 quibus
1144 1173 1302 1219 sum
1343 1145 1615 1217 locutus
1636 1199 1656 1233 ‚
1697 1170 1862 1215 cum
1900 1144 2062 1244 ipsis
2092 1145 2374 1218 vocibus
2404 1141 2808 1216 naturaliter

725 1283 980 1337 exeunt
1004 1281 1267 1361 gestus:
1296 1259 1414 1332 alii
1443 1279 1642 1347 sunt,
1668 1257 1791 1355 qui
1820 1284 1924 1333 res
1951 1258 2338 1331 imitatione
2373 1257 2802 1357 significant3

726 1400 803 1451 ut
828 1379 884 1450 si
914 1404 1175 1478 aegrum
1194 1434 1212 1467 ,
1236 1371 1600 1448 tentantis-³
1629 1399 1841 1445 venas
1870 1374 2127 1447 medici
2158 1374 2650 1461 similitudine,
2680 1392 2804 1445 aut

726 1492 1223 1582 citharoedum,
1264 1489 1574 1563 formatis
1616 1488 1708 1561 ad
1748 1488 2044 1561 modum
2086 1489 2524 1590 percutientis
2563 1512 2807 1560 nervos

726 1607 1090 1697 manibus,
1133 1604 1447 1677 ostendas
1469 1660 1489 1695 ‚
1536 1601 1729 1702 quod
1762 1623 1861 1675 est
1890 1630 2110 1701 genus
2143 1630 2358 1702 quam
2401 1601 2802 1700 longissime

628 1735 695 1808 89
727 1723 800 1793 in
834 1721 1099 1793 actione
1131 1717 1572 1819 fugiendum.
1598 1717 1855 1815 Abesse
1884 1717 2076 1789 enim
2104 1717 2495 1817 plurimum
2524 1742 2568 1787 a
2595 1713 2804 1786 salta-

730 1836 921 1911 tores*
967 1836 1175 1911 debet
1216 1856 1479 1925 orator,
1522 1856 1602 1907 ut
1642 1833 1726 1906 sit
1763 1854 1993 1934 gestus
2039 1834 2126 1907 ad
2169 1831 2502 1907 sensum5
2544 1830 2804 1930 magis,

732 2027 912 2093 nium,
941 2045 1063 2078 cum
1083 2025 1218 2078 Alm.
1259 2027 1420 2078 Recte
1446 2036 1728 2095 utrumqne

730 2104 1062 2159 retinendum
1085 2104 1273 2157 suadet
1287 2103 1636 2176 Oudendorp.
1660 2100 1731 2155 ad

729 2186 943 2238 Sueten.
973 2185 1076 2235 Tit.
1103 2201 1220 2253 cap.
1248 2183 1298 2235 8.
1338 2184 1463 2235 Post
1495 2181 1735 2235 videatur

729 2262 858 2315 Obr.
902 2262 1112 2332 subjicit
1148 2260 1324 2312 haber-2·
1340 2300 1358 2327 ‚
1398 2258 1537 2312 unde
1572 2260 1730 2330 plena

730 2338 790 2392 fit
810 2339 1096 2392 hexametri
1113 2337 1377 2403 clausula,
1403 2357 1517 2409 qun
1538 2340 1592 2390 in
1613 2337 1730 2391 vul-

731 2431 852 2489 gata
886 2419 1096 2470 nonnisi
1129 2436 1160 2470 a
1193 2416 1480 2471 scandente
1512 2419 1732 2484 eruitur,

733 2508 787 2548 et
803 2495 908 2548 hoc
930 2494 1140 2566 quidem
1159 2513 1327 2565 prosae
1342 2513 1534 2547 nocere
1552 2498 1733 2548 rectis-

734 2576 861 2627 sime
885 2585 1042 2642 negat
1066 2573 1117 2624 J.
1140 2573 1467 2636 H.Vossius;
1489 2573 1610 2626 vide
1633 2591 1731 2626 nos

734 2653 802 2705 ad
828 2653 927 2716 IX,
952 2652 1013 2719 4,
1037 2652 1121 2705 52.
1139 2652 1319 2703 —Pro
1344 2669 1451 2703 non
1469 2652 1736 2704 concitant

733 2735 901 2784 nostri
919 2729 1048 2784 dant
1064 2730 1252 2782 eoedem
1266 2766 1284 2794 ,
1309 2732 1408 2784 nisi
1428 2731 1573 2801 quod
1595 2733 1657 2782 R.
1680 2747 1733 2799 7,

738 2828 940 2871 nonne,
979 2823 1032 2862 et
1064 2810 1129 2861 R.
1163 2808 1195 2862 5
1228 2809 1423 2861 eadem.
1456 2809 1619 2861 Iidem
1643 2822 1734 2862 aut

734 2889 1094 2942 adverbiorum
1144 2899 1300 2960 atque
1336 2887 1728 2959 pronominum.

735 2971 862 3021 Mox
889 2969 1128 3019 omnium
1157 2967 1448 3019 hominum.
1477 2966 1570 3018 En.

814 3064 858 3098 ι.
900 3045 1228 3118 Supplieant.
1268 3046 1434 3098 Miror
1469 3047 1732 3098 neminem

736 3123 945 3177 haesisse
982 3125 1037 3176 in
1067 3125 1171 3177 hoc
1204 3124 1382 3178 verbo.
1419 3124 1564 3195 Quid
1593 3127 1734 3178 enim

740 3216 845 3270 est,
872 3203 1015 3274 quod
1035 3202 1365 3275 supplicandi
1386 3207 1573 3256 iter-nm
1594 3222 1736 3256 men-

644 3312 655 3319 ·
741 3283 935 3333 tionem
974 3281 1103 3332 facit
1146 3283 1338 3333 Noster
1383 3280 1535 3352 (vide
1572 3282 1733 3344 modo

741 3357 788 3430 §.
815 3358 931 3430 86),
955 3376 1117 3429 quum
1139 3360 1431 3429 prasertim
1452 3357 1541 3411 hic
1564 3362 1734 3412 mani-

737 3441 871 3504 festa
890 3440 997 3490 sint
1015 3440 1284 3489 actionum
1305 3439 1478 3508 paria,
1504 3456 1605 3490 nec
1622 3450 1750 3510 sup-¹

734 3513 941 3586 plicant
962 3516 1034 3566 ita
1056 3511 1370 3585 respondeat
1390 3512 1467 3566 illi
1484 3516 1732 3586 probant,

739 3606 800 3646 ut
838 3596 1094 3647 concitare
1134 3592 1442 3657 inhibendo,
1484 3593 1736 3646 admirari

741 3670 1165 3725 verecundando?
1194 3672 1443 3744 Suspicor
1478 3691 1601 3743 ergo
1634 3691 1733 3745 pro

737 3750 1037 3881 stgpplicant
1072 3750 1435 3842 reponendum
1466 3763 1733 3884 ερενηοιὲηί.

741 3826 1610 3975 ἱῶἷὶῗέᾀῗῖῶἶέἵὶῗῖἑρῗὲ,
1638 3850 1738 3962 ...33

744 3986 984 4056 ejiciendi
1030 3986 1186 4059 plane
1236 3986 1367 4040 illud
1409 3987 1735 4060 supplicant,

748 4063 891 4134 qnod
925 4082 1086 4115 unum
1116 4064 1293 4118 sedem
1316 4065 1468 4117 fixam
1491 4067 1545 4117 in
1567 4065 1735 4119 codd.

746 4161 855 4196 non
870 4141 1053 4196 habet:
1071 4157 1131 4196 ut
1144 4147 1242 4197 tria
1256 4143 1436 4198 ultima
1449 4144 1609 4199 verba
1626 4146 1739 4200 sine

1806 2022 2156 2095 parallelismo
2182 2023 2387 2095 adjecta
2409 2023 2540 2086 sint,
2563 2023 2696 2074 sicut
2719 2019 2806 2072 ul-

1806 2104 1933 2154 tima
1953 2105 2110 2155 etiam
2128 2106 2180 2155 in
2201 2099 2615 2174 praecedentibus
2638 2101 2807 2151 nomi-

1810 2201 1894 2234 na.
1926 2180 2149 2254 Bur-ru]

1883 2278 1931 2312 2.
1961 2261 2038 2312 Hi
2057 2259 2297 2333 quiderm·
2329 2262 2405 2312 sic
2423 2259 2598 2310 Turio.
2624 2256 2803 2310 Ambr.

1813 2357 1840 2391 2
1855 2377 1873 2406 ‚
1894 2338 2067 2391 Guelf.
2089 2339 2250 2391 Cim».
2277 2356 2396 2390 cum
2414 2335 2553 2389 Alm.
2568 2337 2720 2389 Voss.
2745 2354 2772 2388 2
2787 2373 2806 2401 ,

1809 2418 1961 2471 Besil.
1986 2417 2194 2489 Reliqui
2218 2418 2258 2469 ii
2277 2437 2326 2490 q.
2359 2415 2454 2470 sed
2473 2415 2633 2469 Goth.
2660 2418 2806 2468 Jens.

1809 2498 1935 2570 (tac.
1956 2498 2140 2570 Gesn.)
2156 2497 2314 2550 etiam
2332 2515 2432 2569 pro
2451 2506 2519 2560 et,
2539 2514 2661 2548 cum
2683 2494 2805 2548 edd.

1811 2589 2032 2649 postet-r.
2067 2589 2189 2629 ante
2217 2575 2341 2628 Bad.
2365 2574 2771 2629 Similitudinem
2787 2613 2806 2639 ‚

1810 2656 1986 2708 Tur-ic.
2000 2656 2139 2709 Flor.
2159 2655 2356 2708 athan·
2376 2655 2502 2707 dum
2515 2653 2807 2726 formaster,

1810 2734 2039 2787 Florent.

1884 2812 1932 2863 3.
1965 2811 2233 2864 Tentantis
2267 2830 2436 2864 venas.
2472 2812 2641 2864 Docet
2674 2812 2808 2862 Bur-

1812 2910 2035 2943 mannus
2079 2890 2325 2962 exemplis
2371 2893 2585 2944 Sueton.
2628 2889 2804 2943 Tiber.

1812 2990 1860 3023 c.
1892 2985 1991 3041 72,
2025 2983 2076 3022 et
2098 2970 2251 3022 Ovid.
2277 2971 2489 3023 Her-oid.
2514 2972 2645 3036 XX,
2677 2971 2808 3040 139,

1812 3054 2009 3101 tentat-e
2043 3050 2314 3120 proprium
2351 3067 2463 3101 esse
2497 3048 2718 3101 verbum
2751 3050 2810 3100 in
2835 3061 2842 3067 '

1814 3127 2137 3200 explorando
2159 3144 2409 3179 venarum
2437 3126 2613 3199 pulsu.

1883 3206 1934 3273 4.
1960 3204 2012 3257 A
2031 3203 2290 3259 saltatore.
2306 3207 2481 3258 Turio.
2501 3205 2638 3258 Flor.
2659 3206 2810 3257 omit·

1814 3299 1934 3339 tunt
1960 3304 2010 3337 a.
2025 3314 2097 3324 —
2119 3283 2334 3337 Servant
2356 3286 2537 3337 nostri.
2561 3285 2653 3336 ln».
2674 3283 2809 3335 —A

1813 3363 2068 3418 saltatore.
2086 3361 2247 3415 «Vide
2263 3380 2420 3434 snpra
2433 3362 2521 3416 66.
2535 3361 2674 3415 Add.
2685 3379 2809 3414 mox

1800 3443 1958 3510 ἰ9ι;
1985 3444 2111 3493 item
2140 3442 2255 3495 128.
2277 3465 2299 3489 a
2336 3442 2618 3493 Gesner-us.
2647 3438 2812 3491 Addit

1812 3517 2071 3572 Almelov.
2091 3517 2178 3571 hic
2202 3517 2247 3589 §.
2273 3519 2388 3586 181,
2416 3532 2470 3571 et
2496 3518 2654 3584 mu,
2672 3536 2720 3570 c.
2745 3534 2802 3570 ιι

1813 3599 2045 3663 initium,
2067 3599 2192 3650 item
2214 3598 2264 3662 1,
2287 3615 2376 3663 ια,
2401 3596 2481 3662 14.
2505 3596 2721 3649 Erudite
2738 3594 2808 3648 ad

1813 3673 1956 3727 hunc
1979 3674 2156 3727 locum
2178 3674 2549 3729 Ιιοοὶυιιοιιιιιιε
2576 3674 2811 3747 disputat

1815 3753 1882 3806 de
1913 3755 2213 3826 corruptela
2244 3773 2450 3806 morum
2485 3772 2581 3825 per
2613 3767 2809 3826 panto-

1815 3834 2001 3885 mimos
2020 3835 2253 3899 invecta‚
2274 3846 2405 3886 teste
2428 3832 2684 3885 advocato
2701 3835 2808 3886 Zo-

1817 3930 1967 3964 simo.

1887 3988 1936 4042 5.
1975 3988 2062 4041 Ad
2091 4006 2320 4051 sensum‚·
2357 3989 2429 4041 sic
2459 3988 2636 4040 Turic.
2668 3985 2807 4039 flor.

1816 4069 1976 4120 Cum
2001 4086 2123 4119 cum
2144 4066 2279 4118 Alm.
2305 4066 2512 4137 Reliqui
2532 4065 2604 4116 ad
2620 4082 2809 4119 sensus.

1817 4144 2000 4199 Ambr.
2020 4163 2050 4198 2
2065 4182 2082 4213 ,
2109 4143 2493 4228 accomodatur.
2512 4144 2693 4211 Cum,
2715 4156 2809 4197 aut
