3200 5159
722 421 741 434 ·
792 471 921 558 496
1365 470 1460 533 Μ.
1502 469 1732 533 FABII
1770 469 2332 551 QUINTILIANI

790 592 999 683 derit,
1033 613 1366 693 patronus
1401 612 1631 681 eruet,
1667 591 1885 662 modo
1919 617 2044 689 per
2076 617 2328 665 omnes
2350 650 2370 682 ,
2410 620 2584 692 quos
2614 597 2874 670 tradidi·

699 718 763 786 ¹4
791 739 975 802 mus,
997 731 1577 811 argumentorum
1597 708 1787 781 locos
1808 728 1942 781 eat.
1965 709 2167 799 Quos
2189 729 2267 781 ut
2295 725 2312 754 ¹
2331 710 2874 813 circumspectare

790 828 867 900 in
923 827 1197 926 agendo
1225 884 1243 918 ,
1298 847 1371 899 et
1419 845 1751 898 attentare
1804 824 2124 924 singulos
2174 825 2483 901 minime
2533 831 2874 920 convenit,

791 964 1074 1044 propter
1105 956 1320 1042 quas2
1357 941 1667 1014 diximus
1708 966 1984 1030 causas;
2031 940 2130 1012 ita
2174 940 2252 1012 in
2291 941 2622 1016 discendo
2662 944 2874 1016 rimari

790 1061 1260 1134 necessarium
1304 1081 1406 1132 est
1433 1115 1453 1147 ,
1510 1084 1666 1157 quae
1708 1084 2020 1158 personae
2043 1056 2095 1145 ³,
2147 1085 2300 1156 quae
2350 1076 2687 1160 tempora,
2741 1055 2874 1160 quae

794 1176 944 1249 loca
975 1231 995 1264 ,
1046 1172 1421 1264 instituta4‚
1480 1179 1967 1263 instrumenta,
2022 1193 2406 1271 caeteraque
2433 1174 2486 1265 ⁵,
2532 1203 2612 1248 ex
2649 1176 2880 1273 quibus

790 1320 937 1368 non
968 1293 1291 1366 tantum⁶
1322 1291 1540 1383 illud,
1576 1291 1770 1389 quod
1804 1311 1905 1364 est
1929 1290 2290 1364 artificiale
2321 1293 2741 1391 probationis
2778 1319 2883 1391 ge-

792 1436 962 1499 nus»,
996 1409 1230 1509 colligi
1261 1410 1507 1509 possit,
1542 1407 1665 1481 sed
1695 1408 1819 1507 qui
1858 1406 2226 1479 metuendi
2262 1428 2502 1498 testes»,
2549 1409 2882 1507 quomodo

791 1547 958 1600 sunt
981 1524 1383 1598 refellendi:
1416 1553 1581 1597 nam
1616 1523 2012 1623 plurimum
2039 1524 2276 1613 refert,
2311 1524 2576 1597 invidia
2601 1551 2777 1614 reuS,
2801 1550 2882 1595 an

794 1640 996 1730 odio,
1046 1668 1137 1712 an
1172 1651 1579 1739 contemptu
1615 1639 1923 1729 laboret3
1974 1666 2279 1736 quorum
2307 1641 2452 1712 fere
2488 1667 2646 1739 pars
2673 1639 2883 1739 prima

793 1755 1184 1856 superiores
1212 1816 1230 1846 ‚
1285 1755 1840 1856 proximapares
1868 1815 1888 1847 ,
1942 1756 2144 1830 tertia
2176 1755 2593 1829 humiliores
2633 1754 2879 1856 premit.

694 1869 760 1926 ¹⁵
791 1873 905 1946 Sic
936 1899 1215 1945 causam
1254 1894 1761 1974 perscrutatuS,
1798 1872 2167 1972 propositis
2202 1894 2365 1945 ante
2398 1873 2640 1957 oculos
2668 1872 2883 1944 omni-

792 1986 959 2078 bus»,
987 1981 1179 2085 quae7
1220 1988 1520 2088 prosint,
1552 2008 1938 2059 noceamve
1957 2045 1976 2078 ,
2002 1987 2278 2058 tertiam
2306 1986 2637 2087 deinceps
2666 2011 2883 2087 perso-

794 2128 960 2174 nam
1018 2101 1273 2174 induat
1317 2102 1623 2204 judicis,
1673 2103 2030 2202 fingatque
2075 2101 2265 2202 apud
2312 2128 2384 2175 se
2431 2102 2545 2201 agi
2588 2127 2885 2189 causam,

797 2239 905 2309 et,
947 2218 1142 2317 quod
1183 2219 1417 2318 ipsum
1463 2219 1788 2291 movisset
1836 2218 1922 2290 de
1972 2217 2217 2290 eadem
2275 2246 2345 2290 re
2393 2219 2886 2318 pronunciatu-

796 2360 1000 2425 rum‚
1059 2333 1131 2405 id
1187 2333 1790 2432 potentissimum,
1838 2331 2028 2430 apud
2085 2358 2589 2431 quemcunque
2630 2353 2884 2431 agetur,

797 2447 1212 2522 existimetss.
1258 2451 1367 2521 Sic
1407 2476 1574 2522 eum
1611 2476 1762 2520 raro
1796 2447 1993 2520 fallet
2030 2469 2352 2541 eventuS‚
2389 2470 2513 2522 aut
2550 2448 2754 2548 culpa
2775 2445 2888 2548 ju-

797 2565 968 2638 dicis
997 2565 1149 2637 erit.

877 2776 921 2812 1.
952 2760 1400 2832 circumspectare.
1425 2763 1601 2814 Turic-
1633 2760 1774 2814 Flor.
1794 2799 1811 2827 ,

797 2840 1266 2911 circumscriptam,
1313 2844 1519 2894 omissis
1557 2842 1812 2913 proximis

796 2916 880 2969 his
917 2919 975 2968 in
1006 2935 1091 2990 aq.
1126 2928 1178 2969 et
1198 2929 1470 2971 attentare.
1510 2922 1639 2971 Mox
1664 2920 1732 2972 sit
1755 2920 1810 2970 in

797 2997 949 3064 disc„
973 2995 1204 3049 Florem.
1230 2996 1312 3049 Sit
1331 2998 1389 3048 in
1416 2998 1501 3065 d.,
1530 2998 1696 3049 Curi».
1729 2999 1814 3050 Ita

798 3076 957 3128 etiam
986 3076 1043 3127 ἱη
1065 3076 1150 3143 d.,
1173 3077 1328 3127 Tar-v.
1356 3090 1410 3128 et
1433 3076 1553 3127 edd.
1581 3088 1810 3147 poster-r.

801 3168 922 3207 ante
947 3155 1116 3208 Stoer.
1141 3174 1253 3207 exc.
1282 3155 1437 3207 Basil.

873 3252 922 3287 2.
944 3235 1166 3306 Propter
1184 3253 1311 3305 quas
1329 3234 1568 3286 diximus.
1596 3256 1620 3280 α
1641 3234 1811 3305 Supra

805 3337 829 3360 a
847 3316 914 3380 V,
942 3330 1033 3378 ιο,
1059 3329 1154 3365 122
1181 3331 1293 3385 seq.
1323 3310 1462 3364 Add.
1487 3315 1598 3368 Cic.
1625 3311 1694 3365 de
1716 3315 1808 3367 Or.

804 3415 827 3440 a
847 3393 922 3456 11,
946 3392 1032 3461 34.
1054 3416 1077 3439 n
1106 3394 1389 3444 Gesner-us.

872 3472 923 3524 3.
962 3472 1087 3543 Quoe
1117 3488 1363 3543 penonoe.
1396 3470 1608 3523 Omittit
1630 3470 1807 3523 Guelf.

803 3554 932 3624 Quoe
959 3562 1209 3622 tempora.
1238 3551 1507 3603 Omittunt
1533 3551 1809 3608 Turicens.

795 3632 937 3684 Flor.
958 3648 1081 3684 cum
1098 3629 1232 3681 Alm.
1256 3630 1449 3696 Locus,
1464 3631 1645 3681 Tui-ic.
1667 3630 1809 3682 Flor.

797 3710 901 3765 Sed
924 3709 1063 3761 Alm.
1090 3726 1278 3761 vocem
1307 3710 1518 3761 omittit.
1554 3710 1811 3780 Tempora

798 3801 853 3843 et
877 3789 1021 3855 loca,
1055 3786 1232 3840 Guelf.
1263 3805 1385 3839 cum
1412 3787 1576 3841 Goth.
1613 3789 1813 3841 Instru—

799 3879 980 3923 menta
1008 3867 1245 3921 instituta
1262 3906 1279 3933 ,
1307 3867 1471 3919 Cum

872 3949 923 4016 4.
944 3947 1193 4000 Instituta
1211 3946 1278 3998 de
1298 3947 1563 4014 moribus,
1586 3965 1812 4001 consue-

801 4026 1077 4080 tudinibus
1096 4064 1113 4092 ‚
1166 4027 1464 4098 agendique
1514 4025 1812 4078 rationibus

802 4123 1021 4171 eorum,
1044 4108 1181 4157 inter
1209 4124 1345 4177 quos
1369 4123 1531 4158 causa
1554 4119 1812 4172 versatur,

802 4184 1189 4257 accipiendum.

1966 2762 2015 2815 5.
2051 2765 2376 2833 caeteraque,
2408 2780 2489 2813 ex.
2521 2763 2697 2814 Tui-ic.
2729 2758 2888 2822 Flon,

1893 2849 2177 2892 ceterarum
2196 2859 2288 2903 ex,
2310 2857 2432 2892 cum
2454 2839 2594 2891 Alm.
2618 2841 2800 2892 Cetera
2815 2853 2889 2900 ex,

1893 2919 2069 2971 Guelf.
2093 2937 2215 2970 cum
2233 2917 2396 2971 Goth.
2416 2919 2565 2971 Jens.
2588 2917 2795 2970 Probata·
2814 2935 2888 2987 9.,

1893 2999 2072 3049 Tui-ic.
2091 2999 2133 3049 F
2136 2997 2233 3049 lor.
2255 3016 2378 3049 cum
2398 2998 2538 3049 Alm.
2565 2998 2738 3050 Posset
2746 3035 2763 3062 ,
2776 2994 2889 3045 Tur.

1893 3075 2035 3129 Flor.
2057 3076 2291 3142 Invidoe‚
2317 3075 2458 3128 Flor.
2485 3074 2569 3128 Ac
2587 3075 2736 3141 odio,
2760 3074 2888 3124 Jens.

1894 3174 2017 3208 cum
2037 3154 2366 3207 editionibus
2383 3153 2769 3227 posterioribus
2785 3163 2892 3203 ante

1895 3234 2016 3288 ΔΜ.
2043 3233 2206 3286 Male.

1965 3314 2017 3366 6.
2053 3316 2179 3367 Non
2216 3324 2443 3364 tantum.
2465 3352 2478 3364 .
2500 3353 2512 3363 .
2548 3309 2829 3385 artificiale.
2850 3349 2861 3359 .
2879 3344 2890 3357 .

1891 3392 2038 3465 prob.
2056 3409 2238 3466 qenus.
2255 3390 2390 3444 Vide
2404 3396 2471 3454 V,
2500 3409 2548 3459 i,
2574 3409 2622 3458 1,
2648 3409 2697 3444 2.

1894 3474 2162 3603 ,office
2176 3485 2299 3525 ante
2308 3473 2518 3604 prosint}
2536 3474 2730 3524 omittit
2741 3472 2891 3603 (iatine.

2281 3569 2407 3602 nam
2423 3591 2440 3618 ,
2517 3570 2630 3604 ens.
2670 3563 2724 3603 et
2841 3561 2893 3600 tt.

1893 3570 2282 3701 posteram
2317 3631 2486 3683 Stoer.
2524 3645 2636 3684 exc.
2678 3629 2794 3681 ΔΜ.
2827 3629 2896 3679 De

1893 3709 2073 3761 eadem
2084 3727 2363 3780 pronaum,
2380 3709 2559 3763 Tui-ic.
2575 3710 2737 3783 Apud
2747 3727 2895 3782 quen-

1893 3807 2019 3860 que‚
2041 3788 2216 3841 Guelf.
2232 3819 2296 3831 -—
2309 3788 2372 3840 Τὸ
2393 3808 2513 3862 quoe
2532 3793 2784 3844 omittunt
2797 3791 2893 3841 RB.

1895 3885 1947 3937 7,
1982 3884 2060 3919 ιο.
2082 3869 2282 3920 Omnes
2305 3867 2562 3941 deinceps.
2586 3870 2732 3922 Avic.
2757 3865 2893 3918 Poul.

1893 3947 2002 3998 RR.
2025 3946 2089 4011 3,
2118 3963 2210 4013 ιο,
2242 3965 2324 4014 11,
2344 3950 2491 4019 apud
2512 3967 2784 4022 quemque.
2811 3947 2892 3998 Eo.

1968 4028 2017 4078 8.
2045 4027 2337 4081 Existimet.
2363 4029 2464 4083 Sic.
2495 4032 2619 4082 Hac
2642 4044 2723 4081 est
2745 4030 2898 4097 scrip-
2978 4079 2986 4092 ,

1895 4118 2012 4156 tum
2037 4107 2218 4157 Tui-ic.
2240 4106 2380 4159 Flor.
2401 4109 2563 4160 Cam».
2590 4106 2800 4177 Reliqui
2823 4106 2897 4155 in-

1896 4198 2078 4238 serunt
2100 4199 2167 4238 et.
