3200 5159
640 382 1303 519 INSTITUTIONIS
1340 450 1597 515 ORAT.
1639 450 1802 514 LIB.
1843 450 2002 528 XII,
2049 473 2146 516 io.

2320 450 2438 530 541

338 601 482 649 non
511 603 719 677 supra
748 575 1044 649 modum
1081 572 1303 646 elatus
1334 575 1438 644 M.
1475 572 1798 645 Tullius?
1832 600 1975 645 non
2009 574 2081 646 in
2109 576 2213 645 M.
2252 573 2448 647 Cali-

340 690 458 762 dio
494 690 783 789 insignis
826 690 972 761 haec
1016 688 1276 761 virtus?
1317 715 1462 761 non
1507 689 1779 788 Scipio,
1818 688 2103 775 Laelius,
2153 690 2326 762 Cato
2369 689 2443 759 in

342 805 733 906 eloquendo
798 806 989 878 velut
1040 804 1247 878 Attici
1303 808 1789 878 Romanorum
1841 806 2127 877 fuerunt
2167 805 2233 876 ¹?
2298 803 2446 897 Qui

341 946 543 1019 porro
590 948 734 993 non
779 921 938 993 satis
970 941 1102 1012 est,
1149 947 1289 1020 quo
1336 919 1518 992 nihil
1553 946 1699 992 esse
1741 920 1994 992 melius
2032 919 2293 1019 potest?
2334 918 2445 991 Ad
2477 927 2549 994 40

339 1034 519 1107 hoc²
555 1035 846 1135 quidam
890 1035 1161 1109 nullam
1206 1063 1349 1109 esse
1389 1035 1777 1108 naturalem
1815 1055 2066 1134 putant
2100 1034 2443 1134 eloquen-
2481 1082 2488 1089 -

341 1150 549 1242 tiam,
593 1151 728 1222 nisi
762 1177 917 1250 quae
952 1150 1039 1222 sit
1065 1150 1476 1249 quotidiano
1511 1150 1819 1223 sermon'i
1856 1148 2256 1240 simillima,
2302 1176 2444 1248 quo

341 1266 555 1339 cum³
602 1268 883 1357 amiciS,
928 1267 1381 1367 conjugibus»,

1428 1267 1667 1339 liberis
1687 1324 1707 1357 ,
1750 1267 1961 1340 servis
2004 1263 2443 1366 4loquamur,

341 1385 711 1457 contento⁵
762 1412 1084 1485 promere
1120 1385 1341 1457 animi
1376 1385 1838 1476 voluntatem,
1870 1383 2188 1484 nihilque
2217 1410 2446 1455 arces-

343 1498 502 1571 siti⁶
545 1522 615 1573 et
662 1501 1001 1574 elaborati
1043 1501 1477 1601 requirente3
1526 1500 1879 1600 quidquid
1924 1501 2063 1572 huc
2110 1500 2196 1572 sit
2251 1498 2448 1600 adje-

342 1711 532 1762 trasse,
562 1716 646 1762 se,
667 1700 903 1768 quamvis
932 1716 1149 1750 romana
1172 1698 1351 1769 lingua

341 1788 395 1827 et
435 1775 737 1847 eloquentia
779 1788 1049 1840 utentem,
1092 1795 1201 1828 non
1231 1777 1351 1829 ideo

341 1873 457 1906 esse
484 1855 874 1921 indistinctum,
901 1855 1094 1920 immo,
1118 1873 1241 1906 nam
1264 1855 1351 1907 hic

342 1946 423 1985 est
444 1952 630 1986 seusus
662 1934 843 1986 formae
867 1932 1027 2005 hujus
1061 1937 1313 2005 negativae
1333 1972 1351 2000 ,

343 2030 500 2083 quam
528 2014 753 2064 maxime
780 2010 1105 2063 distinotnm.

419 2107 462 2141 1.
502 2091 747 2143 Fuerunt.
785 2090 960 2142 Guelf.
1002 2093 1190 2156 Bern.,
1215 2089 1350 2162 fue-

342 2171 465 2222 rint.
489 2172 695 2236 Turie.,
721 2170 843 2222 cuin
864 2188 1039 2241 porro,
1062 2169 1204 2222 Flor.
1222 2209 1240 2238 ‚
1262 2169 1352 2222 cui

337 2266 494 2319 porro
512 2286 531 2314 ,
562 2261 614 2300 et
636 2268 758 2301 mox
780 2248 926 2321 quod
945 2246 1085 2324 nihil
1109 2261 1349 2320 uterque.

345 2328 443 2380 Cui
472 2347 630 2400 porro
668 2348 771 2381 non
806 2329 928 2381 satis
962 2347 1099 2395 esse,
1139 2348 1240 2400 quo
1282 2339 1355 2380 est

344 2404 530 2459 melius
552 2408 718 2471 nihil,
739 2417 934 2479 potest,
954 2408 1097 2459 Jens.
1120 2406 1353 2478 (tacente

343 2487 537 2559 Gesn.)
559 2502 612 2540 et
639 2502 778 2560 post.
803 2501 926 2539 ante
944 2485 1062 2538 Ald.
1092 2505 1202 2538 acc.
1227 2486 1351 2539 Bad.

346 2566 447 2618 Cui
463 2585 520 2639 p.
546 2586 599 2618 n.
621 2585 660 2619 s.
687 2577 786 2632 est,
812 2584 916 2638 quo
940 2585 1039 2619 esse
1060 2565 1248 2618 melius
1271 2566 1355 2617 ni-

345 2644 427 2697 Ιιὶἰ
456 2665 548 2718 p.,
590 2644 710 2698 Ald.
755 2644 944 2708 Basil.;
983 2647 1111 2697 item
1150 2643 1351 2716 Gryph.

343 2726 444 2777 nisi
479 2725 625 2796 quod
658 2724 745 2777 hic
777 2725 966 2778 melius
997 2743 1111 2777 esse.
1145 2725 1355 2797 Reliqui

347 2804 534 2857 eodem
569 2824 678 2877 quo
716 2825 815 2858 nos
854 2805 1072 2872 ordine,
1106 2804 1199 2857 sed
1232 2824 1356 2857 cum

344 2902 475 2936 voce
510 2884 628 2949 cui,
671 2905 829 2956 quam
866 2884 1167 2940 Obrechtus
1210 2885 1356 2938 solus

347 2965 565 3014 mutavit
595 2964 648 3014 in
680 2962 791 3035 qui.
822 2965 975 3015 Certe
1005 2966 1134 3014 mira
1165 2977 1244 3015 est
1272 2966 1357 3015 in-

344 3042 633 3112 terrogatio
651 3062 663 3091 ε
692 3041 780 3093 cui
804 3060 911 3093 non
928 3040 1052 3093 satis
1069 3043 1176 3092 est?
1193 3059 1358 3113 quum

345 3139 455 3173 non
494 3123 617 3174 satis
656 3122 722 3172 sit
758 3122 942 3193 utique
981 3119 1229 3172 omnibus
1259 3123 1355 3185 iis,

348 3203 439 3272 qui
459 3200 546 3253 hic
566 3202 883 3254 refutantur.
911 3201 1046 3251 Huic
1071 3203 1360 3252 incommo-

347 3278 419 3331 do
436 3281 765 3352 aliquantum
783 3278 997 3350 quidem
1014 3279 1108 3332 sed
1122 3298 1232 3331 non
1247 3298 1359 3330 om·

346 3361 474 3410 nino
512 3358 753 3411 medetur
786 3360 1045 3429 scriptura
1081 3359 1360 3410 sansonia-

347 3455 445 3489 na:
473 3455 654 3489 verum
678 3436 791 3489 haec
820 3437 1099 3488 manifesta
1129 3449 1208 3488 est
1236 3455 1357 3488 cor-

344 3516 625 3581 rectionis„
664 3528 716 3568 et
748 3514 912 3567 multa
950 3527 1203 3587 praeterea
1241 3533 1358 3567 sca·

347 3594 502 3647 britie
527 3593 750 3646 laborat.
776 3593 929 3648 Unde
953 3594 1278 3667 pedetentim
1301 3596 1358 3646 in

350 3673 625 3744 antiquam
639 3672 909 3725 redierunt
926 3675 1239 3745 scripturam
1257 3674 1363 3725 edi-

348 3765 521 3804 tores:
552 3765 605 3804 et
639 3770 738 3822 ego
776 3764 989 3803 secutus
1025 3769 1227 3817 essem,
1261 3753 1361 3804 nisi

345 3829 635 3882 admodum
679 3848 736 3882 se
773 3830 902 3883 mihi
938 3829 1363 3883 commendasset

346 3909 601 3965 Obrechti
618 3913 878 3983 scriptura
891 3948 908 3977 ,
929 3929 1087 3982 quam
1104 3913 1258 3963 unice
1274 3930 1363 3984 ap-

350 4002 459 4041 tam
479 3991 654 4042 sensui
673 3991 786 4043 fere
805 4008 1116 4063 persuasum
1140 4002 1220 4042 est
1234 3989 1363 4042 mihi

350 4071 611 4122 invenisse
636 4069 783 4123 illum
803 4074 857 4124 in
882 4069 1017 4124 cod.
1042 4072 1260 4141 Argent.
1282 4073 1363 4122 De

350 4148 575 4205 solemni
618 4164 795 4203 autem
827 4170 1020 4204 vocum
1056 4151 1151 4225 qui
1186 4165 1241 4203 et
1276 4152 1365 4205 cui

1429 1701 1823 1772 permutatione
1839 1717 2057 1750 monere
2070 1716 2208 1770 opus
2223 1716 2331 1749 non
2347 1710 2442 1750 est.

1506 1795 1555 1830 2.
1593 1777 1682 1830 Ad
1717 1778 1832 1830 hoc.
1866 1779 2044 1830 Turio.
2082 1778 2223 1830 Flor.
2266 1774 2444 1829 Guelf.

1428 1855 1591 1909 Goth.
1617 1855 1757 1926 (tac.
1784 1855 1982 1926 Gesn.)
2007 1857 2171 1908 Qu».
2189 1892 2207 1921 ‚
2236 1853 2444 1921 adhuc,

1430 1955 1551 1988 cum
1577 1940 1730 1988 VosS.
1760 1953 1806 2000 ι,
1835 1953 1862 1987 2
1881 1974 1898 2002 ,
1926 1938 2079 1987 Bern.
2109 1936 2242 2003 Quis
2272 1932 2446 1986 edito-

1430 2034 1547 2067 rum
1562 2017 1763 2088 primus
1780 2014 1976 2067 habeat
1994 2015 2065 2066 ad
2081 2015 2178 2065 hoc
2189 2054 2206 2080 ,
2229 2016 2409 2066 nescio
2429 2035 2440 2064 :

1431 2114 1460 2147 e
1482 2097 1609 2147 meis
1629 2094 1759 2146 dant
1778 2094 1909 2147 illud
1926 2093 2127 2167 Gryph.
2155 2088 2314 2159 1544,
2332 2107 2446 2145 tum

1428 2173 1573 2226 Leid.
1611 2188 1663 2226 et
1695 2175 2018 2245 posteriores
2054 2190 2256 2223 omnes.
2291 2173 2443 2240 Quos

1434 2252 1673 2306 deserere
1688 2253 1864 2318 nolui,
1881 2249 2249 2304 addicentibus
2266 2252 2447 2317 etiam,

1434 2344 1493 2382 ut
1515 2330 1740 2397 videtur,
1763 2330 1901 2383 Alm.
1924 2344 1975 2382 et
1995 2333 2151 2381 Voss.
2175 2329 2226 2382 3.
2252 2330 2449 2398 Quam·

1436 2428 1595 2482 quam
1638 2411 1776 2463 enim
1815 2429 1927 2462 non
1967 2410 2041 2461 ita
2079 2407 2280 2479 liquida
2318 2407 2447 2460 mihi

1434 2488 1650 2563 quidem
1676 2488 1877 2561 ubique
1897 2488 2105 2541 videtur
2122 2488 2321 2541 decisio
2346 2486 2450 2559 (vi-

1433 2567 1502 2621 de
1520 2570 1644 2634 VII,
1674 2585 1719 2635 1,
1743 2569 1840 2633 36,
1866 2581 1919 2621 et
1943 2569 2043 2632 lx,
2064 2568 2125 2634 3,
2149 2568 2246 2632 80,
2270 2566 2448 2637 not.);

1432 2646 1520 2701 hic
1544 2660 1721 2700 tamen
1736 2646 1806 2697 ad
1829 2646 1925 2698 hoc
1947 2647 2103 2697 unice
2119 2658 2301 2716 aptum
2312 2643 2450 2696 vide-

1435 2741 1539 2780 tur.
1562 2726 1698 2779 Vide
1719 2729 1863 2791 VIII,
1889 2726 1949 2790 5,
1977 2743 2072 2793 υ,
2097 2738 2149 2777 et
2173 2723 2242 2776 ad
2264 2726 2364 2791 ΙΙΙ,
2386 2724 2452 2791 6,

1437 2806 1535 2872 53,
1550 2819 1733 2857 notam
1748 2805 1810 2872 4,
1830 2823 1951 2876 pag.
1974 2804 2070 2872 481
2093 2803 2317 2875 hujusce
2337 2802 2451 2855 edi-

1440 2885 1617 2937 tionis.
1634 2914 1704 2923 —-
1718 2885 1900 2936 Nostri
1919 2880 2091 2935 Codd.
2106 2919 2123 2947 ,
2142 2881 2334 2933 adhuc.
2355 2882 2447 2932 En.

1511 2964 1562 3016 3.
1593 2966 1707 3035 Quo
1731 2982 1870 3015 cum.
1901 2964 2063 3014 CAur.
2082 2999 2099 3027 ,
2123 2979 2283 3033 quam
2312 2979 2448 3013 cum.

1509 3043 1560 3110 4.
1577 3044 1895 3116 Loquamur.
1912 3041 2074 3095 Goth.
2093 3041 2255 3092 Ciu».
2272 3041 2416 3092 Jens.
2431 3076 2451 3105 ,

1440 3122 1725 3193 loquimur,
1757 3134 1810 3173 et
1838 3120 1958 3173 edd.
1991 3131 2112 3171 ante
2137 3119 2306 3173 Stoer.
2333 3136 2445 3170 acc.

1437 3202 1587 3254 Gibs.
1615 3201 1745 3255 Obr.

1510 3280 1561 3334 5.
1588 3283 1869 3341 Conten103
1895 3279 1969 3329 sic
1987 3276 2130 3328 Flor.
2152 3296 2275 3328 cum
2291 3281 2446 3330 Voss.

1438 3363 1489 3416 3.
1524 3359 1884 3432 contemptio,
1917 3357 2092 3409 Guelf.
2127 3360 2450 3422 contemtio,

1436 3443 1561 3494 Exc.
1587 3441 1731 3493 Sam.
1762 3438 1937 3506 Major
1961 3449 2136 3489 autem
2172 3451 2222 3488 et
2257 3438 2450 3488 certior

1439 3536 1730 3572 consensus
1753 3519 1808 3568 in
1833 3514 1999 3567 altero
2024 3513 2252 3566 ablativo
2279 3514 2451 3588 requi.

1438 3610 1614 3665 rente,
1641 3616 1800 3668 quem
1833 3595 1963 3647 dant
1995 3595 2271 3646 Turiceus.
2307 3591 2448 3646 Flor.

1438 3678 1616 3733 Guelf.
1647 3679 1772 3728 Exc.
1803 3675 1948 3728 Sant.
1978 3692 2102 3725 cum
2125 3673 2281 3724 Voss.
2315 3688 2334 3724 1
2353 3710 2371 3739 ‚
2398 3674 2451 3727 3.

1441 3757 1652 3829 Reliqui
1665 3754 1898 3807 contenti
1909 3751 2220 3823 (contempti
2231 3787 2250 3815 ,
2266 3749 2455 3822 Goth.)

1521 3837 1862 3908 requirentes,
1884 3844 2074 3903 praeter
2096 3826 2454 3895 Obrechtum‚

1445 3916 1537 3987 qui
1552 3933 1615 3966 ex
1633 3913 1847 3983 Argent.
1864 3929 1961 3963 suo
1975 3906 2122 3960 haud
2136 3906 2297 3960 dubie
2312 3907 2454 3960 able-

1445 3994 1579 4046 tivos
1587 3992 1824 4063 reposuit
1838 4029 1852 4052 ‚
1869 3988 2057 4039 merito
2072 4007 2084 4038 ε
2097 4004 2221 4066 nam
2237 4004 2268 4037 a
2284 3985 2455 4038 scriba

1445 4091 1560 4126 esse
1585 4090 1696 4123 non
1718 4081 1963 4142 possunt.

1515 4149 1566 4201 6.
1608 4146 1868 4218 Nihilque
1902 4144 2140 4198 arcessiti.
2180 4142 2467 4197 Turicensa
