3200 5159
671 509 1324 581 INSTITUTIONIS
1360 513 1619 578 ORAT.
1660 514 1823 579 LIB.
1862 514 2023 593 ΧΠ,
2073 538 2126 577 1.
2317 511 2446 593 423

347 636 675 734 Sequitur
696 638 773 710 in
804 639 923 729 iis,
949 665 1102 738 quae
1127 659 1394 711 certum
1425 657 1528 712 est
1557 637 1742 711 effici
1775 665 1922 711 non
1947 664 2148 738 posse
2164 695 2184 729 ‚
2210 636 2450 708 defor-
2488 644 2551 699 13

347 751 485 824 mis
530 754 984 853 pertinacia¹,
1024 775 1091 827 et
1134 753 1370 827 irritus
1408 753 1643 826 labor:
1694 780 1864 826 nam
1901 753 2082 826 sicut
2117 753 2194 824 in
2234 752 2375 823 vita
2391 764 2449 842 ²,

348 866 423 938 in
460 870 687 941 causis
712 896 1034 968 quoque,
1070 894 1225 969 spes
1263 866 1665 968 improbas3
1699 867 1984 941 babent.
2026 869 2453 963 Frequenter

347 1004 583 1056 autem
616 984 903 1076 accidit,
942 1005 1021 1057 ut
1045 985 1156 1057 his
1184 984 1397 1058 etiam
1422 1010 1583 1057 vera
1607 983 2005 1056 dicentibus
2029 982 2201 1055 fides
2234 981 2412 1054 desit
2429 1037 2448 1070 ‚

345 1099 799 1202 videaturque
826 1103 985 1177 talis
1010 1101 1424 1176 advocatus4
1456 1101 1655 1176 malae
1679 1127 1899 1174 causae
1929 1120 2448 1199 argumentum.

348 1218 558 1290 Nunc
590 1218 679 1290 de
711 1218 798 1292 iis
831 1219 1216 1292 dicendum
1251 1238 1384 1310 est,
1432 1244 1586 1317 quae
1621 1215 1804 1290 mihi
1847 1215 2046 1313 quasi
2090 1213 2454 1313 conspira-

352 1331 540 1406 tione
579 1335 888 1432 quadarn
928 1335 1122 1435 vulgi
1153 1333 1562 1408 reclamari⁵
1592 1333 1954 1405 videntur:
2000 1334 2254 1404 Orator
2292 1355 2453 1427 erqo

349 1448 832 1523 Demosthenes
866 1476 1003 1523 non
1026 1450 1231 1549 fuit?
1263 1449 1454 1551 atqui
1482 1450 1758 1524 malum
1780 1448 2012 1520 virum
2034 1444 2452 1544 accepimus,

348 1566 517 1636 Non
561 1567 852 1640 Cicero?
895 1568 1089 1665 atqui
1122 1565 1334 1671 hujus
1370 1592 1654 1667 quoque
1697 1591 1927 1638 mores
1970 1560 2174 1635 multi
2220 1586 2457 1660 repre-

352 1677 772 1754 henderunt.
808 1683 1007 1773 Quid
1036 1681 1289 1783 agam?
1323 1707 1583 1782 magna
1612 1676 1970 1780 responsi⁶
1994 1674 2260 1749 invidia
2281 1675 2456 1748 sub·

352 1796 592 1869 eunda
621 1818 744 1888 est,
775 1798 1179 1899 mitiganda:
1213 1819 1378 1872 sunt
1405 1799 1600 1898 prius
1629 1823 1853 1870 aureS.
1882 1794 2069 1866 Mihi
2100 1791 2298 1865 enim
2329 1817 2458 1863 nec

349 1910 871 1986 Demosthenes⁷
912 1934 1059 1986 tam
1085 1914 1274 2014 gravi
1314 1909 1643 1986 morum8
1674 1912 1932 2010 dignus
1961 1909 2235 1983 videtur
2271 1906 2460 1979 invi-

353 2025 472 2098 dia
490 2084 511 2117 ,
538 2048 617 2100 ut
639 2030 923 2121 omnia,
958 2057 1113 2128 quae
1147 2031 1223 2102 in
1253 2057 1421 2102 eum
1446 2030 1538 2103 ab
1567 2027 1876 2101 inimicis
1901 2044 2225 2125 congesta
2249 2043 2417 2095 sunt
2436 2079 2457 2113 ‚

352 2264 484 2304 cunt
507 2270 588 2305 res
612 2272 737 2304 mox
758 2253 1097 2325 probandas:
1122 2252 1242 2305 vide
1262 2254 1364 2320 XI,

354 2331 389 2383 3
399 2368 417 2396 ‚
440 2328 556 2383 163.
571 2333 666 2383 vir
678 2331 849 2384 malus
862 2331 953 2385 hic
968 2351 1185 2404 quoqne
1202 2334 1365 2385 nimia

354 2409 656 2481 pollicetur,
679 2409 857 2464 standi
872 2412 941 2464 iis
965 2428 1203 2463 securus.

434 2505 453 2539 ι
466 2527 478 2539 .
498 2488 818 2541 Pertinacia.
838 2489 1010 2555 Flor.‚
1025 2489 1326 2560 pertinatia.

432 2585 481 2619 2.
513 2566 567 2619 V
570 2569 646 2619 ita
656 2608 675 2635 ‚
700 2569 788 2631 ἐπ,-
821 2570 898 2621 sic
916 2570 1194 2622 Tur-icens.
1224 2567 1363 2619 Flor.

355 2650 520 2701 Cant.
556 2668 677 2701 cum
699 2649 838 2703 Alm.
870 2652 960 2702 Ita
981 2653 1221 2702 inserunt
1244 2649 1369 2702 reli-

358 2733 467 2802 qui.
498 2730 570 2782 Ut
593 2731 655 2783 iis
676 2733 864 2795 etiam,
886 2733 1063 2783 Tur-ic.
1086 2730 1367 2796 Placebat,

355 2808 456 2860 nisi
494 2807 640 2878 quod
675 2807 754 2861 his
791 2827 892 2880 pro
933 2808 1124 2862 talibus
1163 2806 1367 2861 dictum

356 2905 626 3036 “alii-22&
646 2965 916 3037 improbas.
934 2964 996 3017 Id
1018 2978 1125 3033 est,
1149 2968 1366 3034 nimiae,

358 3065 457 3098 nec
480 3046 577 3098 nui
598 3047 925 3098 finan-azioni
950 3045 1223 3100 cedentes.

429 3124 481 3191 4.
520 3125 668 3177 Talis
699 3123 998 3178 advocatus.
1031 3124 1217 3194 Qualis
1241 3124 1367 3178 Pol-

359 3203 491 3254 lioni
521 3205 663 3256 visus
690 3216 771 3256 eat
795 3202 1080 3255 Labienus.
1105 3201 1241 3256 vide
1272 3201 1364 3253 lib.

360 3282 450 3346 IV,
473 3298 591 3352 oap.
626 3299 673 3348 ι,
694 3283 744 3350 S.
772 3298 852 3333 ιι.

435 3360 485 3413 5.
499 3358 812 3412 Reclaman'.
830 3362 930 3411 Pro
944 3357 1070 3422 hoc,
1084 3355 1368 3409 reclamare

358 3441 538 3494 Guelf.
569 3447 642 3494 At
674 3440 893 3514 quicqui
922 3439 1162 3504 malum,
1188 3440 1368 3491 Tui-ici

358 3523 401 3573 F
401 3520 503 3572 lor.
527 3520 601 3572 At
616 3518 867 3593 quicquid
882 3538 959 3571 m.
980 3520 1148 3573 Cnn».
1168 3517 1373 3590 Accipi-

360 3618 504 3666 mus,
524 3601 705 3651 Turio.
722 3599 863 3651 Flor.
883 3599 1058 3651 OEcero
1075 3599 1168 3671 qui
1188 3596 1369 3670 hujus,

358 3681 539 3733 Tui-ic.
567 3680 625 3732 C.
648 3682 818 3752 eujus,
836 3680 998 3732 Cam.
1032 3680 1088 3731 C.
1103 3687 1264 3751 atque
1285 3676 1369 3742 1ι.,

359 3763 505 3815 Jens.
532 3761 656 3833 (tac.
676 3760 861 3832 Gem.)
881 3761 1036 3811 Tarv.
1063 3758 1258 3832 Μαρια·
1274 3776 1372 3810 res-

292 3849 297 3859 '
357 3859 524 3912 ponsa
531 3878 550 3905 ,
567 3841 744 3892 Tur-ic.
759 3838 902 3890 Ποῖ.
917 3838 1091 3910 Maqis
1109 3856 1151 3889 r.
1164 3876 1183 3903 ‚
1205 3837 1369 3889 mm.

359 3921 642 3974 Subeunda
667 3917 1004 3995 mitiyandoe,
1043 3917 1239 3969 omisso
1272 3926 1369 3981 est,

360 3999 526 4053 Goth.
553 4000 700 4052 Jens.
731 3997 1078 4070 (tao.Gesn.)
1101 4014 1226 4047 cum
1248 3993 1369 4047 edd.

361 4093 591 4152 poster-r.
623 4092 743 4131 ante
766 4078 887 4131 Ald.
912 4077 1198 4131 subeunda
1225 4087 1341 4129 est..
1357 4112 1371 4125 .

362 4171 427 4213 ut
442 4158 624 4210 omnia
642 4160 837 4212 omittit
856 4157 1088 4210 Florem.

435 4238 488 4291 6.
514 4237 719 4312 Mayna
749 4238 973 4311 responsi
1007 4234 1223 4290 immin.
1249 4236 1373 4289 Haec

1444 2270 1510 2304 eo
1543 2252 1797 2317 cernitur,
1825 2248 1972 2322 quod
2005 2267 2074 2301 ne
2109 2247 2211 2300 hos
2243 2245 2459 2319 quidem

1442 2333 1583 2384 viros
1607 2330 1677 2383 ad
1697 2347 1986 2394 summam,
2010 2346 2119 2401 quo
2129 2328 2271 2380 -eniti
2286 2329 2460 2398 possit

1444 2423 1634 2462 natura
1656 2409 1921 2472 bumana,
1945 2406 2306 2477 eloquentiam
2332 2423 2459 2477 per-

1443 2493 1653 2543 venisse
1676 2489 1917 2542 dicturus
1940 2500 2020 2539 est
2045 2485 2090 2557 §.
2120 2487 2215 2549 183
2246 2484 2464 2558 mitiqat

1448 2587 1575 2639 ergo
1595 2587 1749 2623 aures
1769 2584 1969 2638 negans
1989 2565 2132 2618 illam
2153 2564 2331 2616 multis
2351 2581 2461 2615 cre-

1446 2647 1612 2701 ditam
1620 2648 1818 2701 horum
1832 2646 2242 2719 improbitatem.
2253 2647 2334 2698 De
2344 2647 2462 2715 ipsa
2487 2635 2492 2644 ’

1447 2727 1749 2794 locutione,
1779 2725 1900 2779 vide
1936 2727 2026 2793 IV,
2068 2726 2130 2790 3,
2169 2743 2220 2795 9.
2259 2724 2424 2776 Enim
2439 2763 2459 2792 ,

1449 2825 1556 2877 quo
1577 2807 1739 2861 levari
1759 2825 1816 2859 se
1834 2808 1984 2879 cupit
2000 2807 2222 2876 Regius,
2240 2803 2462 2857 inchoat

1445 2886 1591 2940 illam
1622 2890 1838 2939 aurium
1869 2885 2256 2958 mitigationem
2265 2922 2285 2950 ,
2312 2881 2462 2954 quod

1445 2967 1622 3038 ipsum
1651 2968 1859 3019 monuit
1881 2964 2093 3017 Badius.

1520 3062 1572 3114 7.
1593 3044 1963 3097 Demosthenes
1981 3053 2089 3094 tam
2105 3042 2314 3115 gravi...
2331 3041 2462 3093 invi-

1446 3124 1551 3175 dia.
1567 3123 1837 3176 Gesner-us
1857 3121 1924 3174 ad
1937 3122 2232 3174 Lucianum
2249 3121 2462 3190 ablegat

1446 3206 1503 3255 in
1545 3203 1792 3255 encomio
1832 3199 2206 3254 Demosthenis
2253 3217 2459 3252 summa

1448 3299 1674 3353 quaeque
1692 3279 1759 3332 de
1778 3281 1893 3350 ejus
1914 3281 2092 3332 animo
2115 3280 2457 3332 referentem:

1448 3362 1541 3432 qui
1559 3372 1734 3426 certe,
1759 3377 1873 3430 quae
1891 3360 2050 3411 fuerit
2069 3358 2356 3410 multorum
2379 3359 2462 3409 sui

1448 3442 1707 3512 temporis
1724 3437 2004 3492 hominum
2027 3437 2095 3490 de
2114 3451 2324 3490 oratore
2349 3456 2466 3490 sen·

1449 3520 1613 3572 tentia
1626 3557 1642 3586 ‚
1665 3518 1863 3590 prodit.
1881 3518 2050 3571 Nobis
2067 3533 2283 3590 quoque
2300 3533 2465 3588 opera

1449 3596 1822 3651 Demosthenis
1834 3595 2169 3649 volventibus
2184 3613 2340 3647 nemo
2357 3594 2462 3647 boc

1450 3691 1696 3810 33:22.
1719 3675 2234 3827 Zssiffimnbffiffi
2257 3694 2463 3806 ..3²:351ss

1449 3850 1575 3889 tem.
1610 3835 1823 3889 Invidia
1853 3834 1943 3888 hie
1971 3849 2051 3888 est
2077 3853 2177 3907 pro
2202 3833 2464 3907 infamia,

1451 3914 1547 3968 sed
1585 3915 1757 3968 lenius
1793 3912 2131 3967 vocabulum.
2170 3913 2339 3965 Nimis
2377 3924 2463 3965 ta-

1451 4012 1575 4047 men
1600 4012 1771 4066 prope
1795 4011 1852 4045 se
1876 3995 2051 4064 ipsum
2067 3990 2156 4045 hic
2175 3993 2433 4064 sequitur.

1524 4073 1575 4127 8.
1601 4075 1736 4127 Tam
1754 4073 1905 4148 qravi
1925 4089 2150 4125 morum.
2169 4069 2325 4136 Tun,
2351 4083 2462 4123 tam

1448 4153 1778 4228 graviorum,
1794 4169 1915 4204 cum
1933 4151 2072 4204 Alm.
2087 4152 2294 4224 Diqmts
2311 4154 2464 4204 omit-

1455 4235 1520 4287 tit
1532 4232 1695 4288 cin.
1704 4233 1976 4307 congestas
1989 4231 2275 4299 incr-edam,
2282 4233 2458 4285 Tun-ic.

2496 1799 2560 1855 15
