3200 5159
625 558 1278 628 INSTITUTIONIS
1314 557 1572 624 ORAT.
1612 557 1775 621 LIB.
1814 557 1941 622 XII
1955 607 1972 637 ‚
2022 580 2044 621 ι
2067 581 2120 623 1.

2295 558 2421 647 577

323 684 608 775 tradet¹,
643 705 763 757 aut
790 682 1202 781 eloquentiae
1232 701 1609 781 componet
1634 672 1853 752 artem
1869 693 1924 770 ²,
1956 702 2079 753 aut
2109 679 2421 780 pulcher-

329 801 528 872 rimis
560 800 716 872 vitae
756 800 1109 900 praeceptis
1144 798 1444 895 dignum
1483 824 1557 868 os
1591 795 1806 868 dabit.
1846 798 2422 897 Frequentabunt
2497 821 2530 874 5

324 942 486 988 vero
530 914 678 1016 ejus
717 915 1011 988 domum
1053 913 1305 1014 optimi
1328 914 1625 1015 juvenes
1660 938 1852 984 more
1875 910 1903 958 3
1930 933 2246 985 veterum
2262 910 2318 1002 4,
2360 932 2425 983 et

326 1057 564 1103 veram
601 1030 881 1102 dicendi
925 1030 1110 1102 viam
1144 1027 1332 1100 velut
1379 1054 1455 1099 ex
1502 1026 1779 1099 oraculo
1817 1047 2071 1126 petent.
2117 1029 2265 1099 Hos
2311 1025 2428 1098 ille

328 1145 661 1218 formabit
696 1145 896 1243 quasi
941 1144 1353 1244 eloquentiae
1399 1169 1683 1242 parens»,
1719 1163 1786 1215 et
1827 1164 1903 1214 ut
1937 1164 2131 1214 vetus
2169 1143 2431 1242 guber-

329 1266 575 1337 nator⁵
620 1263 849 1336 littora
900 1284 969 1335 et
1020 1282 1295 1361 portus,
1344 1280 1410 1332 et
1456 1287 1608 1358 quae
1651 1280 2141 1358 tempestatum
2195 1259 2431 1358 signa,

326 1378 500 1478 quid
532 1377 854 1451 secundis
888 1375 1199 1466 flatibuS,
1243 1374 1415 1475 quid
1445 1374 1747 1447 adversis
1775 1374 1934 1446 ratis
1963 1395 2196 1473 poscat
2213 1372 2269 1463 ⁶,
2307 1376 2434 1447 do-

331 1496 544 1586 cebit,
570 1522 716 1566 non
744 1492 1204 1566 humanitatis
1229 1493 1460 1564 solum
1491 1491 1859 1563 communi
1887 1491 2148 1563 ductus'
2164 1492 2396 1565 officio
2415 1549 2435 1582 ,

332 1609 455 1681 sed
489 1634 724 1680 amore
754 1608 1065 1706 quodam
1101 1608 1347 1706 operis.
1385 1609 1615 1678 Nemo
1650 1606 1844 1678 enim
1874 1607 2105 1678 minui
2138 1606 2304 1680 velit
2331 1608 2436 1699 id,

333 1725 410 1796 in
441 1751 581 1823 quo
608 1724 955 1795 maximus
978 1723 1135 1796 fuit.
1164 1723 1359 1814 Quid
1388 1749 1591 1823 porro
1630 1742 1728 1795 est
1757 1723 2185 1812 honestius⁷‚
2219 1751 2437 1824 quam

332 1838 583 1913 docere
631 1838 821 1938 quod
865 1840 1126 1938 optime
1173 1838 1386 1912 scias?
1428 1839 1540 1911 Sic
1582 1832 1673 1909 ad
1713 1864 1783 1910 se
1822 1835 2178 1911 Coelium⁸
2210 1838 2440 1911 dedu-

333 1981 548 2034 tilianns
562 1981 674 2034 haec
686 2001 899 2055 quoque
912 1985 1165 2035 memoria
1182 1981 1345 2035 falsu:
1427 1982 1723 2048 Formavit‚
1738 1983 1915 2034 anic.
1936 1981 2170 2035 Florem.
2191 1984 2318 2054 Quoe
2339 2004 2440 2056 pro

337 2062 667 2135 aliquantum
693 2064 1062 2115 immutaverit.

1429 2062 1577 2136 quasi
1599 2061 1778 2113 Turic.
1804 2060 1945 2113 Flor.
1971 2061 2148 2113 Guelf.
2170 2063 2286 2133 Qua
2306 2075 2443 2117 etate

419 2161 461 2194 ι.
493 2143 700 2195 Tradet.
730 2142 956 2208 Reddet,
990 2144 1171 2195 Turic.
1206 2142 1345 2194 Flor.
1425 2142 1739 2215 pes-tatium,
1759 2140 1901 2192 Flor.
1928 2142 2080 2212 Quod
2094 2143 2238 2208 adv„
2259 2144 2440 2196 Turic.

339 2221 514 2275 Guelf.
544 2221 728 2274 Almel.
763 2223 908 2275 Jens.
937 2221 1061 2292 (tac.
1089 2222 1275 2293 Gesn.)
1298 2235 1351 2274 et
1432 2220 1619 2286 Batus,
1640 2220 1817 2271 Turic.
1844 2219 2067 2285 Batiam,
2096 2239 2259 2291 marg.
2286 2221 2440 2273 Basil.

341 2300 652 2371 posterior-r.
689 2312 811 2351 ante
842 2300 963 2351 Ald.
991 2319 1102 2353 acc.
1130 2299 1258 2352 Bad.
1281 2329 1355 2339 —

339 2377 566 2430 Pouian.
592 2378 700 2430 BR.
728 2395 789 2448 7,
821 2395 913 2446 ιο,
933 2377 1015 2431 vel
1049 2397 1064 2431 ι
1086 2397 1102 2430 ι
1122 2418 1140 2442 ,
1162 2379 1352 2431 reddet.

344 2457 479 2509 vall.
505 2456 595 2509 lib.
622 2456 684 2527 (a
710 2477 816 2510 see.
843 2459 1036 2529 manu)
1064 2460 1169 2511 Ra.
1201 2459 1263 2524 8,
1292 2477 1356 2528 9,

348 2536 529 2589 tradet.
556 2536 652 2587 En.
675 2538 906 2588 —Jura.
925 2575 937 2586 .
954 2577 965 2588 .
994 2536 1174 2589 tradet.
1201 2535 1357 2609 Spal-

341 2614 529 2685 dingio
550 2614 795 2686 placebat
820 2614 952 2667 illud
976 2615 1153 2668 reddet
1170 2630 1356 2667 notum

350 2692 450 2745 sibi
475 2707 601 2744 tunc
626 2712 657 2744 e
678 2693 1094 2767 Guelff‘erbytano
1114 2707 1319 2747 tantum
1341 2715 1355 2745 ε

350 2774 450 2844 qni*
480 2792 586 2824 non
623 2773 862 2826 offensus
899 2788 979 2827 est
1004 2777 1185 2846 itaque
1218 2777 1359 2846 ejun-

350 2851 473 2903 dem
482 2850 625 2903 verbi
642 2850 709 2903 ad
725 2854 1002 2923 superiora
1018 2864 1358 2906 monumenta

351 2948 519 2982 renem
532 2930 747 3000 posteris
761 2929 1031 2983 relatione.
1043 2931 1180 2983 Sane
1196 2950 1360 3003 «qum-

359 3032 383 3055 ιι
400 3006 636 3059 rentibus
651 3030 674 3054 ι
693 3010 814 3076 jura
839 3031 861 3055 ι
881 3008 1085 3061 tradere
1101 3034 1123 3057 a
1147 3028 1254 3061 non
1279 3028 1360 3062 sa·

353 3088 420 3139 tis
462 3103 757 3156 congruum
798 3084 1034 3150 videtur;
1082 3086 1360 3160 soientque

354 3166 672 3237 scriptores,
714 3182 882 3236 quum
919 3163 1029 3216 duo
1068 3183 1254 3218 sensus
1291 3162 1361 3217 ad

356 3261 522 3295 unum
558 3241 778 3294 verbum
815 3243 1084 3307 referunt,
1124 3244 1364 3315 propiori

356 3321 487 3375 illud
510 3322 674 3393 magia
690 3320 1093 3374 accommodare
1109 3340 1267 3392 quam
1290 3340 1368 3372 re-

360 3401 588 3452 motiori.
621 3403 700 3452 lta
728 3418 941 3470 zeugma
977 3399 1092 3466 hic,
1125 3402 1180 3452 in
1202 3399 1364 3451 verbo

364 3478 789 3547 reddere(videl‚
807 3479 1160 3550 to,47;V111.‚
1178 3478 1367 3549 3‚5=)‚

363 3576 474 3610 non
511 3557 643 3610 adeo
680 3557 871 3610 durum
896 3559 999 3610 sit:
1037 3571 1090 3610 et
1121 3556 1368 3629 equidem

364 3636 734 3690 addicentibus
769 3655 913 3689 nunc
946 3638 1161 3709 optimis
1194 3634 1367 3690 codd.

365 3717 525 3790 piane
545 3732 756 3769 transeo
773 3718 824 3768 in
840 3715 1018 3788 Spald.
1038 3719 1368 3769 sententiam.

441 3814 488 3847 2.
514 3794 714 3847 Artem.
738 3794 906 3859 Flora,
929 3807 1053 3846 arte.
1077 3793 1238 3846 Cau».
1254 3832 1272 3859 ‚
1289 3811 1371 3843 ar-

369 3886 471 3926 tem
496 3885 786 3948 componet.
806 3872 1068 3939 Florem„
1095 3872 1186 3925 hos
1203 3873 1371 3939 dabit,

369 3972 493 4005 cum
521 3953 657 4005 Alm.

443 4032 493 4083 3.
530 4034 682 4084 More
718 4044 963 4085 veterum.
993 4030 1128 4083 Vide
1159 4031 1267 4084 Cic.
1308 4029 1375 4082 de

350 4111 494 4163 sen.
516 4111 578 4174 8,
601 4126 664 4178 9;
689 4126 741 4163 et
761 4112 1018 4165 Nostrum
1042 4108 1119 4176 X,
1144 4110 1206 4175 5,
1242 4125 1320 4177 ¹9·

350 4226 357 4232 -
445 4189 495 4256 4.
535 4189 794 4243 Veterum.
835 4192 1083 4245 Votorum
1101 4228 1119 4255 ,
1146 4190 1377 4241 Florem.

375 4266 432 4322 V
425 4284 507 4319 ere
540 4266 778 4335 dicendi,
810 4270 987 4323 Turio.
1024 4269 1165 4323 Flor.
1203 4267 1377 4321 Guelf.

583 4355 621 4423 4

1435 2300 1646 2364 Ratim,
1679 2297 1854 2351 Guelf.
1893 2299 2036 2350 Nam
2070 2298 2243 2365 hum„
2281 2298 2444 2353 Goth.

1438 2381 1566 2446 (tac.
1589 2376 1793 2445 Gesn.).
1820 2378 2055 2444 Amoris,
2080 2380 2243 2432 Cnn».

1508 2457 1556 2508 5.
1593 2455 1925 2507 Gubernator
1945 2455 2142 2510 littora.
2165 2458 2448 2526 Quintilia-

1437 2554 1537 2587 nus
1563 2533 1634 2587 ad
1659 2534 2022 2588 illustrandam
2049 2537 2448 2611 ornandamque

1440 2617 1737 2668 orationem
1761 2618 1899 2686 aptis
1923 2619 2250 2690 amoenisque
2275 2620 2452 2673 simili-

1438 2694 1713 2748 tudinibus
1739 2694 1975 2748 abutitur
2004 2718 2017 2747 t
2055 2696 2336 2769 aliquoties
2368 2714 2454 2753 ta-

1438 2794 1561 2828 men
1580 2774 1821 2842 easdem‚
1841 2777 2017 2847 parvis
2035 2774 2355 2831 distantibus
2375 2780 2453 2832 in-

1439 2854 1697 2919 tervenis,
1732 2857 2001 2924 congerit,
2041 2868 2200 2926 atque
2238 2856 2450 2927 longius

1438 2933 1709 3007 producit.
1731 2933 1863 2985 Vide
1884 2933 1975 2985 lib.
1997 2936 2069 2999 ΙΙ,
2089 2953 2208 3006 cap.
2230 2937 2294 3003 4,
2322 2935 2367 3008 §.
2392 2956 2451 3009 73

1439 3027 1611 3066 totum
1632 3030 1857 3084 prooem.
1880 3014 1993 3065 ΧΠ.
2018 3012 2111 3064 En.

1511 3094 1563 3146 6.
1609 3092 1766 3163 Quid.
1788 3130 1800 3143 .
1822 3131 1833 3142 .
1875 3094 1998 3145 ratis
2029 3105 2224 3167 poscat.
2270 3097 2456 3151 «Num

1449 3192 1472 3218 α
1492 3183 1605 3223 rate
1628 3169 1851 3224 vehetur
1872 3169 2237 3240 gubernator?
2251 3198 2273 3221 a
2299 3175 2456 3246 Spal-

1444 3249 1655 3321 dingius
1708 3247 2009 3320 querebam
2061 3252 2268 3302 merito.
2317 3254 2457 3306 Nam

1443 3330 1718 3401 poeticum
1734 3326 1894 3398 hujus
1909 3331 2052 3381 vocis
2068 3348 2221 3382 usum
2242 3330 2308 3383 de
2323 3351 2456 3384 nave

1410 3428 1415 3437 ·
1448 3406 1590 3479 apud
1613 3405 1766 3458 bonae
1786 3419 1923 3458 notre
1941 3407 2226 3479 scriptores
2250 3428 2358 3461 non
2379 3411 2458 3463 in-

1447 3488 1627 3560 veniaq
1658 3509 1670 3536 :
1714 3484 1936 3538 aiterum
1978 3489 2255 3557 proprium
2291 3487 2459 3543 habet

1451 3585 1610 3637 supra
1633 3565 1711 3630 X,
1739 3583 1766 3616 2
1781 3602 1797 3630 ,
1820 3580 1870 3633 7,
1898 3566 2090 3618 ratibus
2114 3566 2290 3620 adhuc
2312 3572 2463 3622 navi-

1447 3656 1690 3719 garetur:
1719 3642 1856 3696 adde
1869 3647 1965 3709 VI,
1986 3643 2036 3709 3,
2058 3646 2154 3714 963
2181 3647 2247 3696 11!
2262 3686 2279 3709 ,
2300 3648 2351 3711 8,
2375 3649 2460 3701 23.

1451 3724 1735 3775 Vei-issima
1754 3724 1932 3793 itaque
1947 3721 2075 3773 mihi
2096 3723 2310 3793 quidem
2325 3724 2463 3779 vide-

1450 3816 1542 3854 tur
1561 3800 1797 3869 ejusdem
1818 3800 2108 3872 Spaldingii
2129 3803 2461 3858 emendatio:

1454 3879 1637 3953 quid...
1666 3879 1799 3931 ratio
1818 3893 2013 3952 poscat.

1527 3972 1577 4025 7.
1605 3956 1907 4009 Honestius.
1929 3957 2183 4027 Floreat„
2208 3960 2461 4017 honestus.

1455 4038 1634 4088 Turic.
1660 4035 1800 4086 Flor.
1834 4054 1950 4089 vero
1981 4058 2078 4112 pro
2109 4041 2309 4109 Cicero,
2344 4063 2466 4097 cum

1456 4113 1594 4167 Alm.
1611 4114 1695 4166 Do
1712 4111 1975 4182 tabellam,
1988 4117 2112 4169 Tur.
2133 4121 2394 4194 Deinceps
2412 4126 2468 4175 in

1461 4194 1712 4243 omittunt
1723 4193 1851 4242 Tur.
1865 4192 2184 4247 Fiencuelf.
2198 4216 2317 4249 cum
2331 4201 2467 4253 Alm.

1538 4270 1587 4322 8.
1620 4268 1862 4323 Coelt’um.
1890 4294 1914 4319 α
1934 4273 2013 4325 De
2043 4272 2200 4326 Coetio
2224 4275 2292 4327 ad
2319 4279 2472 4330 Cice·

2158 4362 2225 4434 37
