3200 5159
689 475 1332 544 INSTITUTIONIS
1367 475 1620 542 ORAT.
1659 477 1821 542 LIB.
1860 475 1983 553 XI,
2021 476 2079 540 3.

2304 474 2429 560 373

339 619 558 672 status
586 622 653 674 et
679 602 1017 675 incessus:
1051 601 1315 700 prolato
1345 600 1579 672 dextro
1610 621 1815 686 stare,
1845 620 1914 671 et
1939 598 2260 671 eamdem
2284 623 2435 668 ma-

350 740 526 786 num
560 743 639 788 ac
675 717 928 815 pedem
962 718 1297 815 proferre,
1341 714 1652 787 deforme
1687 736 1819 786 est:
1857 714 1929 785 in
1967 714 2288 786 dextrum
2319 713 2437 784 in-
2478 711 2575 766 ¹²⁵

352 830 680 902 cumbere
700 844 716 875 ¹
747 830 1021 904 interim
1034 830 1283 917 datur,
1303 829 1421 901 sed
1449 855 1648 927 aequo
1679 840 2028 928 pectore²;
2055 827 2176 925 qui
2205 847 2440 899 tamen

352 943 661 1017 comicus
696 946 952 1044 magiS.
986 972 1199 1042 quam
1225 944 1562 1016 oratorius
1593 965 1821 1041 gestus
1846 962 1986 1014 est:
2023 941 2207 1013 male
2232 941 2443 1013 etiam

357 1053 431 1126 in
458 1055 817 1130 sinistrum
858 1058 1109 1157 pedem
1145 1057 1614 1132 insistentium
1654 1057 1889 1129 dexter
1920 1076 2044 1128 aut
2076 1054 2446 1141 attollitur,

355 1189 479 1241 aut
514 1172 813 1244 summis
857 1171 1086 1270 digitis
1128 1158 1634 1271 suspenditur:
1687 1170 1991 1242 varicare
2033 1195 2246 1269 supra
2287 1195 2478 1243 mo-.

362 1283 575 1375 dum,
607 1305 682 1357 et
718 1286 792 1357 in
839 1286 1084 1359 stando
1138 1287 1624 1373 deformeest,
1665 1306 1763 1373 et,
1805 1285 2171 1357 accedente
2209 1304 2405 1355 motu
2428 1336 2448 1369 ‚

361 1427 575 1500 prope
600 1401 981 1474 obscenum
998 1400 1050 1473 ³.
1080 1401 1485 1474 Procursio4
1503 1421 1900 1501 opportuna
1926 1400 2182 1490 breviS,
2218 1398 2454 1475 mode·
2497 1399 2595 1454 ¹25

361 1577 482 1611 cum
496 1559 624 1612 Obr.
644 1561 862 1614 Dextera
877 1599 894 1626 ‚
910 1561 1083 1614 Guelf.
1100 1580 1223 1613 cum
1236 1560 1363 1613 Bad.

360 1637 514 1690 Basil.
544 1639 779 1707 Eadem,
810 1640 987 1692 Tun-ic.
1008 1639 1147 1691 Flor.
1185 1639 1364 1690 Ambr.

366 1733 427 1783 2,
460 1736 683 1789 quorum
708 1733 1003 1788 postremus
1035 1718 1236 1788 defonn
1279 1727 1366 1768 est.

361 1797 446 1847 An
463 1798 701 1866 primitus
720 1796 888 1850 abfuit
903 1797 1264 1849 est?-—Nostri
1285 1796 1370 1847 de-

363 1875 523 1941 cebit,
547 1896 659 1929 exc.
686 1878 792 1930 RR.
817 1878 878 1941 3,
904 1876 963 1941 5,
986 1878 1075 1949 qui
1095 1876 1369 1928 dedecebit.

366 1952 522 2006 Solus
540 1954 601 2007 R.
621 1956 652 2007 8
665 1991 681 2020 ,
703 1956 1005 2007 observatur.
1025 1955 1122 2005 Pro
1139 1954 1372 2006 eamdem

370 2033 521 2086 Poul.
556 2034 732 2087 eodem
744 2057 765 2097 ;
790 2036 932 2086 Avic.
957 2035 1016 2085 R.
1040 2033 1071 2086 5
1091 2035 1287 2085 eadem.
1306 2064 1376 2074 —

372 2113 495 2165 Non
524 2112 797 2164 dedecebit.
842 2113 1020 2180 Quum
1060 2130 1232 2182 operae
1256 2130 1376 2182 prc-

368 2192 503 2242 tium
531 2192 627 2242 erit
663 2204 866 2242 tantum
903 2189 1154 2241 affectum
1191 2209 1298 2262 prae
1320 2209 1375 2242 se

372 2270 537 2336 ferre,
563 2285 791 2343 quantus
811 2284 888 2322 est
912 2271 966 2321 in
990 2268 1080 2321 ino
1097 2282 1280 2340 gestu..
1309 2288 1375 2321 ne

377 2364 499 2422 toga
541 2351 753 2422 quidem
806 2347 1018 2403 debebit
1065 2350 1376 2402 intervenire

374 2432 554 2482 manui
574 2444 628 2482 et
654 2432 874 2501 pectori.
897 2428 948 2481 Si
966 2428 1265 2500 improbare
1283 2449 1378 2482 vo-

377 2507 557 2562 luisset
584 2510 725 2563 hanc
758 2524 891 2581 togae
923 2510 1267 2561 remotionem
1297 2518 1378 2559 ta-

378 2607 499 2638 men
517 2601 630 2640 erat
659 2590 947 2641 inserturus
978 2586 1171 2639 alicubi
1190 2589 1244 2638 in
1274 2585 1376 2639 hac

379 2672 653 2722 sententia.

456 2763 476 2798 1
488 2787 501 2799 .
518 2748 1015 2808 Incumbere..1ens.‚
1026 2745 1378 2817 procumbere,

379 2842 501 2875 cum
541 2823 662 2876 edd.
700 2838 921 2895 posterr.
961 2836 1082 2875 ante
1120 2822 1240 2874 Ald.
1280 2822 1380 2872 Re-

379 2902 647 2967 cumbere‚
684 2902 815 2954 Obr.
853 2901 1004 2969 male.
1040 2901 1145 2954 Sed
1182 2919 1241 2952 eo
1279 2917 1380 2971 quo

378 2995 612 3054 pectore,
644 2981 781 3034 Flor.
812 2983 1000 3035 Omnia
1040 2980 1199 3033 verba
1237 2999 1265 3031 a
1292 2998 1380 3052 pe-

384 3061 500 3112 dem
533 3060 776 3132 (§.124)
813 3061 879 3113 ad
908 3060 1129 3112 alterum
1163 3060 1379 3129 pedem,

385 3138 770 3211 comprehenso
808 3138 941 3213 boc,
980 3140 1172 3190 omittit
1203 3134 1376 3189 Guelf.

386 3219 605 3271 Dextera
640 3229 738 3270 aut
777 3217 998 3285 tollitur,
1030 3219 1207 3270 Turic.
1240 3216 1378 3267 Flor.

385 3297 605 3350 Dextera
635 3310 691 3348 ut
719 3295 939 3362 tollitur,
964 3296 1143 3347 Ambr.
1174 3312 1223 3348 α.
1248 3295 1383 3346 Dex-

388 3386 467 3425 tra
492 3373 710 3441 tollitur,
732 3375 890 3427 Csur.
918 3375 1111 3441 Dexter
1124 3385 1219 3425 aut
1242 3372 1382 3425 tolli·

388 3467 492 3520 tur,
517 3452 691 3506 Gueif.
717 3472 839 3505 cum
869 3453 1006 3507 Al'm.
1033 3466 1086 3504 et
1110 3452 1229 3504 edd.
1261 3463 1383 3503 ante

385 3533 511 3587 Bad.
535 3533 753 3586 Dea-tere
773 3553 823 3584 a.
848 3553 898 3583 a.
912 3572 930 3600 ,
949 3537 1102 3585 Voss,
1126 3550 1172 3584 2.
1196 3532 1386 3583 Dextre

385 3635 437 3666 a.
463 3633 544 3680 α.,
567 3612 728 3664 Goth.
758 3612 950 3663 Dextra
973 3630 1023 3661 a.
1049 3610 1129 3677 ri„
1148 3612 1299 3662 Voss.
1338 3627 1383 3663 ι.

387 3695 456 3745 In
480 3702 652 3756 tauto,
677 3693 853 3745 Tui-ic.
876 3689 1015 3741 Flor.
1049 3708 1171 3740 cum
1202 3686 1383 3739 Aimel.

383 3770 667 3833 Instando,
701 3771 847 3821 lens.
872 3787 991 3819 cum
1016 3766 1136 3819 edd.
1162 3780 1384 3838 posterr.

390 3863 513 3902 ante
533 3847 651 3901 Ald.
672 3849 766 3901 Est
781 3866 886 3899 aec.
909 3856 1084 3910 muto,
1102 3847 1226 3896 Tur.
1246 3844 1384 3895 Flor.

466 3946 516 3981 π.
537 3928 713 4001 AEquo
728 3937 949 3999 pectore.
978 3950 1000 3971 a
1019 3927 1141 3977 Nou
1166 3943 1391 3995 propen-

397 4031 420 4056 ιι
441 4008 625 4073 dente,
648 4026 947 4080 corpusque
970 4009 1024 4058 in
1043 4005 1281 4058 dextrum
1304 4024 1393 4077 pe-

395 4109 423 4130 «
442 4085 562 4137 dem
587 4104 813 4156 pronum
837 4099 1104 4157 sequente.
1127 4108 1149 4132 n

462 4166 513 4218 3.
533 4165 832 4219 Obscenum.
847 4165 1007 4220 Cave(
1021 4166 1283 4220 Gesnerus
1295 4203 1312 4234 ‚
1326 4183 1394 4219 ue

1449 1562 1565 1631 quis
1585 1560 1837 1633 pudenda
1857 1560 1961 1612 boc
1982 1560 2141 1613 modo
2160 1561 2323 1631 aspici
2345 1578 2452 1610 cre-

1447 1638 1558 1700 dat,
1583 1652 1722 1691 tecta
1748 1638 1836 1691 ina
1861 1652 1953 1691 aut
1978 1641 2187 1703 tunicis,
2205 1652 2294 1690 aut
2315 1651 2455 1689 certe

1450 1717 1860 1789 campestribu83
1891 1717 1984 1770 sed
2010 1720 2061 1769 iu
2086 1720 2204 1788 ipso
2229 1731 2377 1768 motu
2400 1728 2457 1769 et

1449 1810 1603 1867 gestu
1621 1811 1764 1849 esset
1775 1796 1917 1869 quod
1938 1797 2162 1869 pudicos
2182 1795 2455 1847 dedeceat.

1452 1879 1510 1929 ln
1526 1877 1806 1929 varicando
1822 1879 2148 1928 Burmannus
2168 1874 2376 1945 ablegat
2391 1873 2458 1926 ad

1450 1959 1633 2009 Heius.
1661 1959 1714 2007 iu
1739 1956 1892 2008 ovid.
1920 1958 2031 2009 Art.
2058 1957 2156 2021 111,
2182 1956 2315 2020 303,
2345 1973 2456 2006 me-

1455 2053 1658 2087 morem
1682 2034 1788 2086 loci
1812 2037 1997 2085 nostri.

1528 2113 1577 2179 4.
1621 2115 1912 2166 Procnen-sio·
1951 2115 2112 2165 Csur.
2127 2150 2144 2175 ‚
2179 2113 2453 2186 percussio.

1455 2193 1587 2246 Vide
1614 2194 1717 2259 IX,
1757 2210 1803 2256 ι,
1839 2211 1922 2263 27.
1959 2192 2188 2246 Conveni
2222 2190 2379 2242 etiam
2408 2202 2463 2241 et

1455 2272 1739 2324 moderatio
1751 2311 1770 2339 ‚
1786 2272 1961 2323 Turic.
1983 2270 2122 2322 Flor.
2146 2270 2461 2323 Convenien-

1460 2353 1531 2403 tia
1551 2362 1603 2402 et
1619 2371 1701 2417 a„
1725 2350 1907 2402 Ambr.
1931 2368 1959 2401 2
1974 2387 1991 2415 ‚
2013 2346 2187 2401 Guelf.
2213 2347 2463 2399 convenit

1457 2449 1499 2481 e.
1527 2442 1578 2481 et
1598 2449 1648 2482 a.
1663 2470 1680 2496 ,
1705 2428 1935 2482 Gothan.
1960 2429 2104 2481 Jens.
2129 2427 2256 2500 (tac.
2276 2423 2462 2496 Gesn.)

1448 2512 1618 2569 ,Cum
1654 2529 1774 2562 eum
1805 2509 1952 2562 editt.
1991 2523 2114 2562 ante
2152 2511 2319 2562 Stoer.
2349 2527 2461 2561 exc.

1457 2585 1577 2640 Ald.
1597 2589 1688 2659 qui
1703 2588 1943 2640 convenit
1960 2598 2012 2638 et
2025 2607 2097 2653 a.,
2119 2600 2173 2638 et
2185 2589 2459 2640 Panvam.

1458 2665 1641 2738 Steph.
1675 2669 1768 2739 qui
1800 2667 2043 2718 convenit
2063 2666 2219 2717 etiam
2245 2686 2296 2717 a.
2328 2668 2463 2718 Nos·

1459 2757 1598 2796 trum
1627 2745 1799 2817 ipsum
1820 2745 1985 2797 Stoe‘r.
2009 2743 2234 2795 Chouet.
2254 2742 2463 2814 Reliqui

1460 2824 1769 2876 conveniens
1798 2824 1956 2874 etiam
1990 2842 2040 2873 α.
2074 2821 2176 2874 Sed
2211 2820 2342 2875 Obr.
2375 2822 2463 2872 in-

1460 2912 1782 2970 terpungens
1810 2899 1929 2952 colo
1958 2914 2082 2971 post
2100 2918 2277 2964 conv„
2309 2898 2460 2950 male.

1467 2979 1653 3045 Usum,
1668 2983 1822 3031 Voss.
1843 2997 1888 3044 1,
1910 2981 1958 3033 3.
1984 2980 2138 3044 Suro,
2163 2981 2313 3030 Bern.
2339 2979 2462 3029 Ma·

1462 3058 1594 3111 uilio
1603 3098 1624 3125 ,
1655 3059 1928 3110 Turicens.
1967 3057 2105 3109 Flor-
2144 3059 2304 3110 (ΞΛΜ).
2340 3077 2462 3109 cum

1460 3138 1579 3190 edd.
1595 3151 1719 3190 ante
1736 3140 1914 3190 Burm.
1940 3137 2175 3209 Manlio,
2200 3137 2377 3189 Ambr.
2403 3155 2463 3203 2,

1459 3214 1634 3266 Guelf.
1669 3216 1843 3267 Burm.
1870 3229 1924 3266 et
1950 3228 2170 3285 postet-r.
2197 3214 2459 3282 Manilia,

1459 3294 1622 3365 Goth.
1640 3294 1763 3365 (tac.
1781 3295 1981 3363 Gesn.).
1999 3296 2254 3346 Nostrum
2270 3316 2298 3347 e
2310 3300 2461 3348 Voss.

1469 3392 1516 3439 ι,
1529 3375 1591 3439 3.,
1614 3388 1665 3426 et
1685 3375 1990 3427 constantiae
2005 3391 2179 3425 causa.
2195 3372 2327 3425 Vide
2341 3374 2467 3425 Dra-

1462 3452 1620 3505 kenb.
1642 3452 1710 3505 ad
1731 3455 1840 3505 Liv.
1866 3451 2102 3517 XXXIV,
2124 3451 2220 3516 53,
2243 3469 2299 3515 23
2323 3452 2461 3525 Epit.

1465 3534 1554 3600 67,
1572 3532 1640 3584 de
1661 3534 2045 3603 permutatione
2066 3532 2356 3582 nominum.
2383 3530 2467 3583 Ad

1466 3613 1564 3675 Vl,
1580 3610 1634 3677 3.,
1650 3610 1737 3678 54,
1752 3610 1890 3662 Flor.
1907 3609 2089 3663 Ambr.
2111 3626 2157 3675 ι,
2173 3606 2462 3670 Manlium,

1467 3689 1598 3742 nihil
1622 3692 1760 3742 enim
1784 3703 2017 3742 notatur.
2046 3686 2260 3753 Flavm,
2289 3689 2468 3739 Turic-

1468 3769 1606 3822 Flor.
1628 3770 1810 3824 Ambr.
1839 3788 1865 3821 2
1886 3768 2025 3838 (vide
2038 3771 2158 3832 vu,
2174 3768 2207 3834 4
2222 3805 2239 3834 ,
2261 3768 2357 3834 40,
2375 3767 2470 3819 ubi

1468 3848 1699 3901 Florem.
1737 3868 1949 3920 quoque
1970 3849 2194 3923 flavom.
2229 3845 2407 3899 Ambr.
2441 3864 2460 3897 1

1470 3947 1577 3981 non
1606 3929 1854 4000 notatur).
1879 3926 2121 3991 Flavius,
2154 3923 2276 3976 edd.
2315 3943 2346 3976 a
2373 3927 2469 3977 Ba-

1471 4005 1560 4058 dio
1592 4005 1743 4070 inde,
1780 4007 1870 4076 qui
1901 4002 2004 4055 hoc
2036 4022 2065 4055 e
2090 4001 2222 4054 Van.
2256 4003 2472 4073 conspi-

1474 4084 1714 4137 rantibus
1736 4086 1792 4135 in
1813 4084 1995 4134 vitium
2018 4080 2286 4133 Guelferb.
2307 4078 2466 4132 Goth.

1474 4167 1731 4220 Nostrum
1755 4160 1875 4217 edd.
1903 4174 2025 4216 ante
2045 4160 2172 4216 Bad.
2202 4168 2324 4233 (err.
2344 4160 2477 4221 But-
