3200 5159
855 506 977 585 124
1413 503 1507 567 M.
1549 500 1783 567 FABII
1811 499 2375 584 QUINTILIANI

761 651 766 654 ·
844 650 1015 697 suus
1038 622 1291 720 cuique
1310 635 1331 669 ¹
1364 621 1613 696 decor²
1638 645 1777 697 est:
1806 649 1977 696 nam
1993 622 2023 672 3
2048 622 2386 696 comoedia
2403 621 2438 678 4
2455 649 2601 696 non
2617 620 2647 669 ⁵
2672 624 2951 696 cothur-

843 740 994 815 nis⁶
1017 740 1340 839 assurgit,
1370 755 1537 814 nec⁷
1571 761 1809 816 contra
1838 741 2161 840 tragoedia
2185 740 2462 814 soeculo
2480 738 2944 839 ⁸ingreditur:
2980 761 2991 772 ·

843 855 1057 930 habet
1091 870 1374 929 tament>
1413 856 1645 950 omnis
1681 856 2084 955 eloquentia
2121 855 2390 956 aliquid
2441 868 2944 944 ¹⁰com1nune;

735 989 804 1045 23
845 968 1233 1059 imitemur,
1259 970 1451 1069 quod
1482 997 1866 1044 commune
1895 991 2016 1043 est.
2048 970 2279 1043 Etiam
2309 970 2443 1042 hoc
2476 968 2652 1042 solet
2682 969 2946 1043 incom-

843 1086 1096 1159 modi¹¹
1128 1086 1432 1160 accidere
1458 1087 1646 1177 eis¹²‚
1675 1088 1894 1185 quise
1928 1084 2120 1159 uni¹³
2155 1086 2367 1161 alicui
2396 1086 2634 1187 generi
2665 1086 2948 1159 dedide-

844 1199 1096 1295 runt¹4‚
1115 1224 1192 1275 ut
1208 1203 1264 1275 si
1284 1203 1616 1303 asperitas
1637 1202 1722 1277 iis
1738 1202 1794 1250 ¹⁵
1816 1203 2075 1304 placuit
2090 1203 2293 1306 alicuj
2305 1230 2415 1294 us,
2445 1202 2629 1275 hanc
2666 1200 2945 1275 ¹16tetiam

849 1364 1003 1416 Bern.
1017 1382 1084 1429 ,s.
1103 1382 1148 1415 e.
1165 1364 1471 1437 propositio,
1486 1382 1609 1416 cum
1625 1367 1778 1417 Voss.
1802 1365 1854 1432 3,

848 1443 942 1513 qui
965 1455 1017 1494 et
1041 1440 1190 1513 addit
1211 1452 1299 1495 est.

922 1538 968 1574 ι.
1002 1521 1132 1573 Suus
1162 1521 1369 1593 cuique.
1400 1521 1575 1574 Turio.
1614 1521 1754 1575 Flor.
1792 1521 1855 1595 (a

845 1617 928 1673 pr.
955 1618 1119 1651 mann
1145 1600 1392 1670 uterque)
1414 1603 1519 1655 suis
1541 1602 1744 1674 cuique.

920 1695 969 1732 a.
993 1679 1174 1731 Decor.
1195 1678 1328 1731 Vide
1348 1681 1423 1746 X,
1446 1696 1492 1746 ι,
1510 1683 1747 1749 715oe1„
1764 1679 1854 1733 hic

886 1796 898 1808 .
928 1773 1012 1826 ²7.

850 1751 882 1828 ς
917 1834 970 1886 3.
1005 1836 1176 1896 Nam
1203 1835 1280 1887 sic
1315 1835 1495 1886 Tui-ic.
1533 1834 1694 1886 cin.
1730 1853 1853 1886 cum

843 1911 1010 1966 Andr.
1036 1930 1151 1983 quat
1176 1925 1350 1964 tamen
1374 1912 1522 1965 addit
1545 1931 1728 1985 neque.
1751 1915 1854 1965 Re·

845 1993 978 2063 liqui
998 2010 1106 2044 nee.
1121 1992 1290 2045 —Sic
1311 2009 1527 2064 quoque
1550 1993 1719 2045 nostri
1742 2010 1858 2044 om·

851 2087 964 2123 nes.
996 2071 1088 2122 En.

915 2146 967 2214 4.
1003 2146 1277 2201 Comoedia.
1308 2147 1483 2200 Turio.
1513 2146 1658 2199 Flor.
1681 2145 1746 2216 (a
1774 2166 1853 2220 pr.

846 2243 1008 2278 manu
1031 2229 1275 2298 uterque)
1300 2224 1579 2279 comoedioe.
1611 2225 1755 2294 Quid
1779 2225 1858 2278 la-

845 2317 955 2358 teat
972 2342 989 2371 ,
1014 2322 1124 2356 non
1148 2317 1362 2376 exputo.
1386 2303 1651 2356 ——Nostri
1675 2322 1859 2357 omnes

846 2384 1116 2437 comoedia.
1126 2385 1293 2435 Eo.—
1302 2383 1444 2436 Nam
1459 2381 1729 2435 comoedia.
1747 2405 1771 2430 α
1784 2387 1862 2437 Ex

852 2479 875 2508 a
895 2462 1099 2513 Horatii
1126 2474 1239 2513 arte
1269 2464 1480 2532 poetica
1516 2474 1759 2533 sumptus
1781 2476 1862 2515 est

855 2537 986 2592 «hie
1020 2557 1202 2593 sensus
1236 2538 1549 2592 scribentis·
1584 2543 1667 2607 (v,
1702 2542 1860 2611 89—

848 2635 915 2688 9²
933 2619 970 2688 ).
1003 2639 1025 2665 ι
1039 2617 1295 2672 Versibus
1318 2621 1513 2691 exponi
1535 2621 1747 2690 tragicis
1775 2640 1859 2675 res

852 2719 877 2746 a
895 2698 1099 2751 comica
1120 2717 1229 2750 non
1247 2698 1384 2750 vult:
1402 2697 1710 2770 Indignatur
1732 2702 1859 2753 item

854 2795 878 2822 a
897 2777 1113 2848 privatis
1154 2795 1217 2829 ac
1258 2795 1430 2850 prope
1474 2795 1635 2830 socco
1675 2780 1858 2851 Digni·

855 2881 879 2903 οι
899 2856 1218 2911 carminibus
1251 2860 1451 2910 narrari
1481 2876 1633 2912 coena
1657 2859 1860 2934 Thyes·

855 2959 879 2982 ι
900 2949 981 2988 ω.
993 2935 1206 3007 Singula
1223 2936 1632 3009 quoequelocum
1646 2952 1861 2992 teneant

853 3036 878 3061 ιι
897 3016 1080 3068 sortita
1120 3013 1412 3068 decentem.
1432 3039 1455 3063 n
1488 3014 1700 3087 Regius.
1736 3019 1859 3070 Mo-

845 3105 939 3145 net
951 3093 1286 3166 Capperonn.
1300 3091 1610 3147 Ciceronem
1623 3095 1857 3167 aliquam

847 3184 1024 3224 tamen
1053 3195 1076 3219 s
1096 3174 1321 3243 tragicas
1349 3191 1430 3226 res
1462 3192 1614 3245 paene
1653 3177 1856 3227 comice

853 3274 877 3299 ιι
896 3251 1157 3305 tractandi
1172 3277 1195 3299 ι
1219 3255 1478 3305 rationem
1500 3251 1729 3306 tribuere
1747 3255 1857 3308 Cae·

848 3333 977 3396 sari,
995 3348 1151 3402 quem
1167 3331 1294 3383 facit
1313 3334 1368 3384 in
1383 3331 1618 3401 Dialogis
1636 3331 1703 3384 de
1722 3333 1856 3387 Ors-

843 3423 961 3476 tore
981 3409 1412 3463 confabulantem
1428 3448 1445 3477 ‚
1469 3411 1566 3475 111,
1588 3409 1639 3462 8.

914 3487 965 3544 5.
1001 3487 1146 3541 Non.
1177 3489 1292 3540 Hoc
1314 3488 1557 3540 dedimus
1582 3506 1612 3540 e
1636 3493 1854 3561 conjec-

845 3580 963 3620 tura
987 3585 1086 3642 pro
1110 3566 1366 3621 librorum
1390 3569 1626 3622 omnium
1650 3570 1724 3621 in.

913 3645 965 3698 6.
996 3644 1270 3700 cothurnis
1279 3670 1301 3710 ‚-
1325 3649 1404 3699 sic-
1418 3650 1594 3700 Turic.
1621 3649 1852 3703 Floreat.

725 3713 734 3722 ³
844 3723 966 3794 (hic
990 3742 1021 3777 a
1041 3744 1122 3797 pr.
1148 3726 1333 3797 manu)
1352 3725 1517 3779 Cm.
1535 3726 1744 3799 Reliqui
1766 3747 1856 3783 co-

843 3802 1081 3856 thurnos.
1834 3851 1837 3856 .

917 3900 968 3953 7.
1011 3884 1140 3935 Nec.
1179 3883 1356 3935 Turio.
1401 3880 1465 3954 (a
1505 3902 1610 3936 sec.
1662 3884 1854 3957 manu)

843 3959 1007 4014 Cur.
1040 3961 1312 4013 omittunt.

916 4040 965 4093 8.
992 4038 1209 4093 Socculo
1222 4062 1240 4101 ‚·
1261 4043 1336 4093 sic
1359 4042 1487 4093 Tur.
1511 4041 1858 4116 (quamquam

846 4116 1121 4190 traqoedt‘os
1143 4117 1345 4190 occulo)
1364 4138 1487 4171 cum
1508 4121 1637 4175 Obr.
1658 4143 1673 4186 ς
1697 4141 1727 4174 a
1753 4141 1857 4176 sec.

846 4214 1005 4250 manu
1028 4195 1248 4251 saeculo.
1283 4198 1475 4266 Cium,
1510 4218 1673 4255 sacco.
1708 4200 1859 4257 Reli-

1939 1369 2027 1436 qui
2046 1384 2206 1419 soeeo.
2229 1366 2465 1437 Apparet
2482 1363 2588 1417 hoc
2610 1365 2837 1417 maxime
2865 1362 2947 1416 lo·

1936 1463 2032 1510 co,
2057 1446 2193 1497 sicut
2214 1455 2267 1496 et
2288 1442 2337 1514 §.
2364 1457 2530 1510 ao,et
2549 1443 2632 1510 X,
2663 1461 2709 1508 t,
2730 1459 2847 1514 107,
2869 1444 2945 1506 X,

1935 1523 1997 1589 3,
2025 1539 2092 1593 9,
2128 1525 2629 1593 Argentoratensem
2665 1521 2947 1574 Orbrechti

1934 1601 2178 1653 codicem
2203 1600 2401 1666 babere,
2423 1599 2621 1673 aliquid
2643 1601 2944 1652 Turicensis

1933 1693 1987 1732 et
2029 1680 2346 1733 Florentinae
2392 1682 2722 1733 auctoritatis
2768 1681 2787 1746 (
2819 1678 2941 1731 vide

1930 1758 2135 1828 praefat.
2161 1757 2343 1830 Spald.
2364 1759 2468 1811 vol.
2490 1760 2539 1822 1,
2556 1776 2676 1830 pag.
2705 1756 2771 1810 25
2797 1770 2850 1810 et
2872 1756 2942 1810 30

1932 1834 2155 1907 hujusce
2178 1837 2475 1907 editionis).
2500 1839 2595 1889 En.

2007 1932 2060 1983 9.
2081 1914 2297 1967 Tamen.
2320 1916 2514 1980 Caum,
2530 1915 2835 1968 enim.Vide
2847 1915 2947 1982 1¹,

1935 1989 2004 2058 4,
2028 1993 2130 2056 63;
2159 1994 2285 2045 irem
2308 1995 2389 2059 X,
2415 1993 2482 2060 3,
2509 2011 2593 2064 ²7.
2618 1993 2779 2047 Goth.
2809 1992 2945 2062 (tac.

1936 2069 2212 2139 Gesnero)
2253 2071 2396 2124 enim
2438 2090 2537 2145 pro
2578 2081 2752 2124 tomen
2767 2110 2786 2136 ,
2828 2089 2948 2123 cum

1938 2147 2090 2200 Voss.
2119 2166 2147 2201 2
2164 2184 2182 2208 ‚
2208 2147 2260 2202 3.

2016 2244 2100 2279 to.
2118 2229 2431 2291 Commune3
2450 2230 2740 2292 &nisenam
2761 2231 2948 2284 sic'ih·

1938 2305 2034 2356 ric.
2071 2304 2212 2357 Flor.
2252 2305 2374 2379 (hic
2413 2326 2442 2360 a
2479 2328 2561 2381 pr.
2600 2310 2798 2381 manu)
2826 2327 2948 2361 cunt

1940 2380 2079 2436 Alm.
2127 2382 2336 2456 Reliqui
2375 2387 2614 2440 inserunt
2654 2387 2726 2439 id.
2764 2415 2840 2427 —
2865 2384 2948 2436 sic

1941 2464 2112 2516 nostri
2135 2482 2337 2516 omnes.
2362 2466 2425 2518 R.
2456 2467 2517 2519 13
2541 2484 2649 2519 non
2674 2464 2849 2519 solum
2869 2463 2947 2530 id,

1944 2541 2038 2596 sed
2063 2543 2227 2619 iyt'tur
2247 2562 2465 2618 qnoque
2486 2547 2686 2599 inserit.
2712 2545 2809 2596 En.

2018 2640 2037 2675 1
2055 2640 2099 2673 t.
2124 2624 2470 2676 Incommodi.
2486 2626 2697 2692 Τηνία,
2722 2625 2946 2683 int-ont„-

1939 2718 1971 2753 a
1995 2718 2102 2753 sec.
2128 2719 2288 2754 manu
2313 2702 2369 2754 t'rt
2396 2720 2475 2755 eo.
2504 2705 2671 2756 Cetae.
2701 2714 2946 2772 transpo-

1938 2781 2015 2833 nit
2046 2797 2154 2832 aec.
2192 2780 2295 2832 inc.
2329 2780 2496 2834 Modo
2532 2779 2767 2835 Gothan.
2803 2782 2946 2833 Jens.

1935 2856 2072 2929 (tac.
2101 2857 2303 2931 Gosn,)
2328 2858 2459 2913 solet
2485 2859 2617 2927 hoc,
2645 2878 2772 2913 cum
2799 2859 2944 2914 editt.

1941 2947 2169 3007 postem.
2193 2951 2317 2990 ante
2341 2936 2495 2992 Basil.

2014 3034 2033 3067 ι
2048 3035 2095 3069 2.
2115 3017 2445 3083 Eis.'l'uric.‚
2465 3021 2644 3091 ςῘιιεςο
2664 3036 2769 3071 sec.
2792 3035 2952 3070 mana

1936 3108 2210 3163 nostrum,
2243 3107 2297 3148 et
2328 3100 2404 3149 sic
2433 3097 2573 3150 Flor.
2603 3096 2736 3162 His,
2771 3096 2947 3149 Guelf-

1934 3173 2090 3226 Basil.
2117 3173 2328 3245 Reliqui
2351 3176 2428 3229 iis.
2451 3175 2582 3228 Vide
2608 3174 2657 3247 §-
2688 3192 2706 3228 r
2723 3191 2771 3227 t.

2015 3254 2093 3306 13.
2116 3253 2237 3306 Uni.
2251 3255 2429 3306 Turic.
2449 3251 2502 3322 (a
2519 3253 2751 3307 secunda
2766 3252 2950 3323 manu)

1935 3329 2074 3383 Flor.
2098 3330 2154 3402 (a
2172 3350 2256 3403 pr.
2281 3331 2463 3403 manu)
2484 3334 2649 3386 Cane.
2677 3335 2948 3385 omittunt.

1933 3409 2109 3462 Turic.
2144 3429 2241 3483 pro
2275 3410 2369 3482 qui
2402 3429 2453 3464 se
2483 3412 2577 3463 uni
2608 3409 2772 3463 alicui
2806 3430 2837 3463 a
2868 3430 2950 3483 pr.

1934 3505 2095 3540 manu
2121 3490 2237 3562 quis
2258 3508 2378 3541 eum
2401 3509 2485 3557 ιι,
2508 3492 2565 3543 in
2588 3508 2697 3561 quo
2722 3502 2804 3543 est
2827 3507 2950 3543 nos·

1936 3579 2075 3620 trum
2100 3570 2291 3640 ipsum.
2427 3609 2439 3620 .

2015 3645 2093 3711 14.
2115 3646 2454 3699 Dediderunt.
2472 3649 2591 3698 Put.
2609 3647 2753 3699 Prat.
2775 3647 2837 3699 R.
2862 3664 2951 3714 ιι,

1938 3721 2206 3777 dederunt.
2234 3728 2326 3779 En.

2018 3802 2095 3857 15.
2113 3805 2214 3865 Iis,-
2230 3806 2305 3856 sic
2323 3806 2596 3857 Turicens.
2617 3803 2783 3857 Goth.
2801 3806 2945 3858 Jens.

1933 3883 2164 3956 (tacente
2187 3883 2447 3955 Gesner-0)
2473 3902 2598 3935 cum
2619 3879 2944 3940 editionibus

1936 3963 2321 4038 posterioribus
2362 3977 2485 4017 ante
2531 3962 2685 4018 Basil.
2735 3963 2945 4035 Reliqui

1940 4044 2034 4098 his.
2058 4041 2190 4095 Vide
2215 4039 2261 4113 §.
2291 4043 2370 4096 16.

2019 4123 2098 4175 16.
2117 4122 2315 4177 Etiam.
2334 4122 2565 4178 Florem.
2586 4120 2642 4193 (a
2662 4139 2745 4194 pr.
2764 4120 2953 4193 manu)

1944 4203 2156 4272 omittit.
