3200 5159
768 529 805 607 4
1006 530 1017 536 ·
1574 513 2047 581 EDITORIS

763 664 1052 757 peperit,
1079 658 1291 750 quod,
1315 657 1615 747 quamvis
1638 679 1772 721 non
1790 678 2018 756 grave,
2038 676 2338 720 mancam
2366 649 2586 723 tamen
2612 661 2862 750 aliqua·

763 802 956 850 tenus
985 780 1361 843 universam
1382 775 1506 838 viri
1537 775 1771 862 optimi
1800 796 2073 862 operam
2099 773 2355 840 effecit:
2382 798 2534 841 nam
2560 801 2767 867 quum
2794 780 2857 843 ei

761 899 846 964 ad
883 917 1154 960 manum
1187 914 1322 955 non
1357 867 1576 954 essent
1610 888 1837 953 multae
1877 910 1957 952 ex
1994 888 2214 952 saeculi
2239 890 2391 953 XVI
2423 888 2860 973 editionibus,

761 1036 886 1079 nec
915 1012 1041 1076 nisi
1068 1004 1431 1074 admodum
1462 1026 1821 1094 paucarum
1851 1003 2128 1092 exiguus
2152 1026 2311 1069 usus
2341 1004 2549 1071 factus
2586 1025 2760 1072 esset
2790 1010 2860 1073 in

760 1125 1118 1195 Burmanni
1146 1141 1212 1189 et
1236 1122 1664 1188 decessorum
1691 1119 1834 1211 ejus
1863 1121 2351 1185 commentariis
2368 1171 2385 1201 ,
2411 1120 2553 1185 fieri
2582 1144 2716 1188 non
2743 1145 2859 1211 po·

760 1239 916 1322 tuit,
939 1243 1102 1334 quin
1125 1227 1347 1304 multis
1375 1260 1528 1304 eum
1548 1238 1713 1302 locis
1741 1252 2056 1325 receptae,
2079 1257 2198 1301 seu
2220 1237 2499 1324 vulgatae
2524 1238 2862 1326 scripturae

757 1361 913 1426 fons
960 1375 1025 1423 et
1072 1377 1153 1419 ex
1201 1353 1326 1418 alia
1374 1354 1442 1416 in
1488 1351 1684 1416 aliam
1731 1352 2044 1416 transitus
2092 1351 2291 1441 plane
2328 1350 2591 1432 lateret3
2640 1376 2863 1444 neque

759 1491 979 1540 tamen
1016 1470 1087 1536 id
1127 1465 1491 1533 admodum
1528 1465 1802 1531 curabat
1841 1464 2256 1554 Spaldingius
2299 1468 2367 1531 in
2409 1466 2555 1544 tali,
2597 1468 2863 1557 qualem

759 1605 903 1654 tum
926 1583 1229 1677 parabat,
1263 1580 1577 1646 editione.
1602 1582 1792 1660 Mox,
1817 1599 2212 1666 augescente
2231 1597 2644 1647 vetustorum
2666 1582 2868 1649 libro-

760 1728 912 1768 rum
936 1721 1249 1771 numero,
1276 1720 1485 1787 quum
1513 1696 1881 1760 accuratius
1908 1694 2379 1781 exponendum
2404 1713 2576 1762 esset
2603 1694 2688 1762 de
2717 1696 2866 1787 plu—

760 1820 955 1886 rimis·
981 1812 1443 1891 varietatibuS,
1485 1829 1678 1876 aucta
1717 1826 1819 1877 est
1858 1812 2057 1876 etiam
2095 1811 2340 1877 sensim
2380 1813 2729 1878 necessitas
2773 1814 2866 1879 illi

763 1936 1142 2001 criticorum
1176 1926 1511 1995 desiderio
1547 1924 2027 2006 satisfaciendi;
2060 1923 2242 2015 quod
2276 1943 2495 1990 tamen
2526 1926 2866 2016 quomodo

765 2049 909 2113 fieri
940 2062 1194 2136 posset,
1221 2043 1290 2107 in
1314 2058 1496 2107 tanta
1527 2040 1704 2105 illius
1734 2039 1856 2104 aevi
1887 2037 2256 2105 editionum
2281 2040 2546 2105 raritate
2582 2064 2717 2106 non
2751 2066 2867 2132 ap·
2955 2031 2964 2044 ⁸

766 2161 1076 2251 parebat:
1106 2158 1316 2247 igitur
1346 2157 1546 2221 etiam
1576 2170 1720 2219 tum
1751 2154 1861 2232 iis,
1892 2175 2054 2242 quas
2082 2152 2400 2234 habebat,
2442 2155 2679 2244 opibus
2708 2181 2868 2224 con-

765 2294 988 2343 tentus
1026 2274 1478 2363 SpaldingiuS,
1520 2271 1784 2361 quoties
1824 2261 2144 2334 mutatam
2185 2269 2475 2359 aliquam
2511 2272 2872 2340 invenisset

761 2394 899 2483 jam
945 2391 1308 2479 antiquitus
1358 2389 1791 2476 scripturam,
1840 2384 1911 2449 id
1954 2383 2183 2449 saltem
2226 2383 2477 2477 ubique
2519 2384 2872 2478 diligenter

768 2503 1053 2581 notavit,
1086 2502 1155 2566 in
1181 2523 1475 2590 quonam
1508 2489 1763 2564 suorum
1788 2496 2088 2561 librorum
2117 2496 2334 2585 primo
2364 2522 2648 2590 quaeque
2672 2526 2870 2592 appa.

771 2625 981 2684 reret:
1017 2632 1171 2681 sunt
1209 2632 1432 2680 autem
1468 2613 1564 2678 illi
1594 2612 1747 2678 libri
1781 2611 2107 2703 ejusmodi
2137 2612 2309 2692 fere,
2336 2636 2503 2703 quos
2536 2615 2700 2681 nihil
2733 2619 2871 2707 pri·

772 2737 975 2800 mitus
1026 2733 1182 2798 dare
1231 2734 1384 2798 satis
1431 2747 1727 2810 constat,
1772 2747 1846 2796 ut
1888 2729 2077 2793 Basil.
2132 2731 2317 2810 1541,
2361 2730 2609 2821 Gryph.
2659 2735 2869 2802 Stoer.

780 2852 975 2916 Hunc
1018 2849 1357 2916 defectum
1396 2847 1663 2937 explere
1703 2849 2137 2912 Buttmannus
2158 2894 2176 2924 ,
2216 2862 2313 2910 tot
2343 2863 2410 2910 et
2445 2848 2640 2913 tantis
2673 2849 2873 2918 rebus

777 2963 1137 3041 distentuS,
1168 2985 1389 3052 neque
1423 2961 1673 3050 potuit,
1703 2983 1923 3049 neque
1944 3009 1962 3039 ‚
2004 2960 2058 3025 si
2085 2959 2438 3049 potuisset,
2478 2960 2546 3024 in
2582 2976 2713 3027 tam
2745 2965 2876 3030 exi-

779 3100 936 3166 gua,
963 3099 1163 3165 quam
1186 3074 1660 3142 absolvendam
1685 3090 2095 3163 susceperat,
2125 3076 2420 3139 muneris
2443 3091 2630 3161 parte
2655 3100 2875 3166 operae

781 3195 1070 3281 pretium
1104 3191 1357 3258 fuisset.
1401 3190 1547 3255 Hoc
1583 3190 1787 3277 igitur
1823 3205 2009 3278 optat
2045 3188 2187 3267 ille,
2216 3205 2289 3252 ut
2320 3187 2601 3268 idoneus
2640 3193 2880 3284 aliquis

781 3306 939 3370 huic
965 3304 1277 3372 succedat
1296 3306 1512 3394 open-j,
1535 3308 1946 3396 quintumque
1973 3304 2290 3382 volumen,
2323 3307 2784 3396 supplementa
2812 3329 2880 3378 et

784 3421 1036 3488 indices
1077 3419 1564 3510 complectens,
1601 3422 1799 3511 digna
1844 3440 1912 3488 et
1950 3423 2357 3505 Quintiliano
2397 3441 2462 3489 et
2498 3426 2879 3518 Spaldingio

785 3558 944 3602 cura
974 3536 1290 3623 perficiat.
1326 3538 1463 3601 Nos
1498 3550 1722 3601 autem
1767 3536 1941 3601 illius
1977 3555 2129 3603 vota
2167 3538 2622 3628 implevimus,
2662 3541 2880 3607 diver-

788 3674 929 3717 sam
954 3668 1203 3731 tamen,
1224 3667 1294 3716 at
1314 3650 1492 3718 illam
1517 3652 1718 3741 longe
1739 3653 2090 3719 certiorem
2105 3703 2122 3733 ,
2141 3655 2348 3720 secuti
2369 3656 2720 3721 rationem:
2745 3674 2881 3722 ete-

789 3769 930 3833 nim
967 3771 1254 3857 quintum
1280 3769 1573 3833 volumen
1598 3771 1773 3834 notis
1801 3771 2124 3834 refertum
2153 3771 2440 3836 otiosum
2472 3793 2615 3836 esse
2633 3822 2649 3850 ‚
2681 3772 2885 3837 lecto-

791 3880 979 3946 ribus
1009 3879 1094 3946 ad
1132 3881 1593 3970 supplementa
1628 3906 1775 3950 raro
1808 3883 2333 3963 recurrentibuS‚
2364 3887 2695 3974 integrum
2723 3909 2884 3953 vero

791 3993 1155 4085 Spaldingii
1178 4018 1348 4086 opus
1364 4021 1516 4064 esse
1540 3999 1976 4065 retexendum
1993 4000 2410 4080 ‘censuimu5‚
2443 4018 2510 4064 et
2539 4000 2768 4066 indices
2796 3999 2884 4067 ad

795 4107 1043 4174 calcem
1079 4109 1657 4191 Decbzmationum,
1697 4137 1860 4205 quas
1889 4114 2029 4205 jam
2065 4137 2371 4180 curamus
2409 4115 2844 4203 publioendas
2866 4166 2884 4196 ‚
