3200 5159
797 467 922 554 576

1368 467 1460 529 Μ.
1502 466 1731 530 men
1769 465 2327 549 QUINTILIAM

725 607 760 674 4
797 609 995 661 erant
1022 589 1141 661 illa
1166 587 1691 688 qualiacunque
1715 591 1907 664 mala
1923 646 1944 679 ‚
1967 590 2086 663 sed
2110 590 2407 664 minora.
2444 590 2687 682 Quare
2721 613 2914 665 ante-

794 734 1013 806 quam
1047 708 1122 778 in
1154 706 1274 779 has
1318 707 1527 779 aetatis
1554 708 1789 780 veniat
1823 707 2138 800 insidias,
2175 709 2486 808 receptui
2526 729 2728 782 canet
2754 724 2802 799 ¹,
2839 729 2908 781 et

793 850 867 895 m
896 844 1180 922 portum
1216 822 1482 922 integra
1510 850 1684 897 nave
1716 825 2113 923 perveniet3
2157 852 2389 925 neque
2421 825 2617 897 enim
2660 825 2904 896 mino-

796 966 902 1012 res
927 966 1090 1011 eum
1108 997 1127 1030 ,
1149 966 1376 1037 quum
1398 939 1472 1010 id
1492 938 1764 1030 fecerit,
1787 940 2184 1015 studiorum
2204 942 2470 1013 fructus
2490 967 2906 1040 prosequen-

795 1072 992 1130 tur²z
1028 1078 1150 1129 aut
1181 1056 1302 1129 ille
1336 1079 1807 1129 monumenta
1841 1082 2076 1131 rerum
2108 1058 2431 1159 posteriS‚
2468 1058 2665 1150 aut3,
2701 1079 2780 1131 ut
2816 1060 2901 1128 L.

795 1170 1126 1245 Crassus4
1155 1170 1230 1242 in
1261 1170 1457 1242 libris
1487 1171 1848 1245 Ciceronis
1882 1171 2210 1265 destinat,
2244 1172 2408 1275 jura
2429 1172 2906 1273 quaerentibus

796 1327 992 1380 Histor.
1017 1327 1106 1392 IV,
1130 1326 1192 1392 8,
1223 1348 1245 1372 οι
1261 1325 1435 1379 bonos
1459 1327 1809 1398 imperatores

801 1430 824 1453 σι
845 1421 972 1459 voto
999 1420 1246 1478 expetere
1261 1443 1279 1472 ‚
1306 1406 1708 1477 qualescunque
1733 1420 1811 1458 to·

802 1510 826 1533 a
845 1483 1030 1537 lerare.
1058 1510 1081 1533 a·
1119 1484 1281 1553 Quod
1311 1498 1489 1537 autem
1522 1484 1722 1557 ubique
1752 1487 1808 1538 in

797 1564 1028 1618 deterius
1044 1603 1061 1631 ‚
1100 1564 1153 1616 id
1190 1565 1330 1617 malo
1371 1567 1415 1616 si
1452 1566 1717 1635 affigitur,
1754 1566 1809 1616 in

794 1649 947 1719 pejus
967 1647 1267 1698 necessario
1285 1647 1473 1716 vergit.
1495 1648 1690 1699 Sensus
1710 1647 1813 1697 ita-

799 1744 905 1797 que
928 1737 1009 1776 est
1030 1745 1041 1774 2
1075 1746 1096 1770 ι
1118 1723 1310 1794 Neque
1333 1737 1510 1778 tamen
1540 1743 1656 1796 quai
1682 1725 1813 1776 Afer

806 1828 828 1852 a
848 1821 1035 1877 passus
1060 1814 1138 1853 est
1159 1800 1342 1853 ultima
1362 1815 1516 1854 erant
1538 1801 1629 1854 illa
1650 1801 1812 1855 malo-

805 1908 827 1932 ·
851 1902 967 1936 rum
983 1919 1000 1947 ‚
1020 1879 1116 1935 sed
1137 1898 1249 1951 quae
1270 1879 1487 1933 tolerari
1508 1879 1686 1933 adhuc
1699 1900 1810 1953 po-

805 1987 827 2011 ·
848 1975 1038 2017 terant.
1054 1961 1237 2030 Longe
1255 1963 1437 2033 itaque
1455 1962 1696 2032 graviora
1716 1960 1812 2027 ini,

806 2069 830 2092 a
853 2045 945 2114 qui
982 2053 1061 2093 est
1088 2042 1296 2093 minore
1318 2042 1565 2112 ingenio,
1599 2043 1811 2092 evenire

807 2146 829 2170 a
850 2133 1093 2194 possunt.
1131 2120 1341 2187 Quare,
1380 2133 1481 2171 etc.
1506 2143 1528 2165 υ
1561 2148 1632 2158 -
1662 2122 1813 2172 Butt-

803 2219 1029 2255 mannus
1051 2201 1106 2251 in
1123 2198 1435 2269 praefatione
1457 2216 1579 2250 cum
1601 2197 1816 2271 Gedoy-

802 2302 876 2334 no
886 2285 941 2332 in
952 2280 1173 2352 gratiam
1184 2277 1340 2344 redit,
1350 2277 1705 2349 eumdemque
1716 2276 1815 2331 illa

804 2361 1195 2436 qualiacunque
1205 2357 1349 2410 mala
1360 2357 1676 2410 intellexisse
1687 2360 1818 2410 fate-

805 2457 914 2506 tur,
931 2441 1037 2492 hoc
1061 2457 1171 2490 uno
1191 2438 1409 2489 nomine
1429 2437 1818 2510 reprehenden-

805 2522 933 2573 dum
949 2559 965 2586 ‚
1014 2517 1162 2590 quod
1196 2536 1384 2569 vocem
1421 2517 1818 2592 qualiacunque

805 2620 915 2653 non
958 2598 1211 2669 expressit
1251 2618 1262 2646 :
1316 2596 1610 2668 cependant
1644 2615 1712 2647 on
1752 2615 1817 2649 ne

801 2698 909 2752 pou
917 2678 1023 2730 vait
1036 2692 1133 2747 pas
1152 2673 1233 2726 lui
1247 2673 1521 2743 repr-ocher-
1529 2672 1661 2744 qu’il
1673 2673 1817 2746 plai-

803 2758 895 2809 dett
908 2755 1040 2818 mal,
1056 2755 1189 2806 mais
1199 2751 1485 2805 seulement
1495 2755 1665 2805 moins
1678 2753 1811 2806 bien.

802 2838 881 2890 Ex
910 2836 995 2888 his
1026 2847 1174 2906 patet
1202 2832 1520 2905 Gedoynum
1543 2831 1690 2885 mala
1717 2834 1814 2886 ad-

800 2919 994 2990 jective
1022 2928 1074 2967 et
1102 2912 1377 2985 praedicati
1404 2912 1526 2965 loco
1556 2926 1703 2965 recte
1726 2931 1815 2965 ce·

802 3000 944 3070 pisse
962 3017 978 3059 ;
997 2996 1073 3047 sic
1096 3011 1399 3065 pronomen
1422 2989 1522 3044 illa
1540 2995 1738 3067 transit
1758 2995 1815 3045 in

805 3074 1122 3131 substantivi
1156 3074 1357 3138 vicem,
1397 3074 1552 3143 eique
1584 3070 1816 3124 adhaeret

804 3157 911 3209 hoc
935 3154 1354 3228 qualiacunque,
1380 3171 1491 3205 non
1508 3155 1619 3223 jam
1645 3171 1674 3204 a
1700 3171 1816 3224 per-

803 3237 1017 3307 vulgata
1028 3253 1121 3287 sua
1135 3233 1518 3304 significatione
1528 3231 1783 3284 recedens
1797 3254 1809 3283 τ

812 3339 835 3363 α
855 3334 1030 3386 neque
1062 3313 1151 3365 illa
1178 3314 1234 3364 in
1268 3311 1460 3384 quibus
1499 3308 1813 3377 deficiebat,

811 3420 834 3444 α
859 3396 1249 3467 qualiacunque
1265 3393 1480 3457 fuerint,
1494 3405 1644 3444 erant
1653 3391 1812 3460 mala,

814 3499 837 3523 α
858 3476 951 3529 sed
977 3477 1197 3526 minora.
1222 3496 1244 3519 a
1278 3474 1371 3524 En.

884 3573 903 3607 1
917 3597 929 3608 .
956 3558 1132 3608 Canet.
1147 3554 1421 3604 Turiceus.
1443 3549 1584 3601 Flor.
1606 3548 1812 3618 Guelf.‚

804 3647 959 3689 canet
984 3635 1039 3686 in
1060 3632 1236 3706 portui
1258 3633 1352 3683 int.
1380 3630 1503 3701 (nisi
1529 3629 1673 3701 quod
1691 3648 1814 3703 por-

808 3718 912 3782 tiu,
937 3715 1078 3767 Flor.
1094 3735 1108 3775 ;
1127 3722 1311 3784 portu,
1335 3707 1553 3777 Guelf.).

881 3815 930 3847 2.
958 3796 1365 3866 Prosequentur‚·
1389 3791 1464 3843 sic
1483 3788 1624 3841 Flor.
1645 3790 1810 3842 Cane.

806 3876 960 3929 Basil.
1009 3871 1210 3948 Gryph.
1249 3870 1440 3942 (1536,
1489 3886 1600 3920 non
1649 3869 1815 3941 1544)

802 3955 933 4008 Obr.
949 3956 1131 4024 Per-seq
1140 3951 1621 4015 uentur‚Turicens.
1634 3947 1809 4001 Guelf.

805 4054 927 4087 cum
948 4033 1083 4087 Vall.
1113 4031 1368 4083 Almelov.
1391 4027 1550 4082 Goth.
1577 4033 1730 4081 Voss.
1761 4046 1809 4080 2.

804 4114 1114 4184 Sequemur,
1149 4109 1339 4179 reliqui
1373 4119 1643 4179 praecunte
1666 4107 1808 4158 Jens.

804 4194 943 4264 Apta
956 4190 1169 4262 quidem
1179 4187 1398 4260 simplex
1409 4188 1579 4237 forma
1590 4199 1645 4237 et
1653 4185 1813 4252 Quin-

1890 1326 2073 1381 tiliano
2097 1328 2369 1381 familiaris
2393 1326 2459 1380 de
2483 1329 2546 1382 iis
2573 1347 2687 1401 quae
2710 1339 2905 1398 sponte

1887 1409 2241 1480 proveniunt,
2274 1421 2366 1461 aut
2401 1408 2558 1459 facile
2592 1406 2724 1459 fiunt
2746 1405 2904 1476 (vide

1887 1488 1965 1553 X,
1993 1506 2051 1555 2,
2074 1488 2173 1551 263
2202 1489 2326 1553 xit,
2348 1508 2410 1558 9,
2439 1488 2561 1559 18):
2584 1488 2674 1540 hic
2695 1502 2904 1547 tamen,

1889 1567 1982 1620 nbi
2008 1570 2238 1641 scriptus
2258 1588 2375 1621 eam
2398 1568 2578 1621 nullus
2596 1568 2799 1630 firmat,
2822 1586 2907 1617 re-

1888 1650 2058 1700 tinere
2089 1667 2200 1701 non
2233 1647 2413 1700 debui.
2443 1649 2633 1719 Neque
2662 1648 2907 1718 prosequi

1889 1727 2028 1780 male
2062 1728 2270 1780 fructus
2303 1726 2576 1793 dicuntur,
2610 1729 2701 1798 qui
2733 1745 2763 1778 e
2793 1727 2903 1778 vita

1889 1806 2106 1879 publica
2122 1804 2468 1859 decedentem
2486 1806 2639 1878 quasi
2653 1807 2906 1857 comitan-

1889 1898 1995 1952 tur,
2019 1905 2117 1938 nec
2141 1888 2195 1937 in
2217 1887 2330 1937 otio
2349 1884 2620 1937 deserunt.
2632 1883 2767 1935 Vide
2781 1886 2831 1949 1,
2855 1900 2903 1946 ι,

1893 1965 1990 2028 36;
2024 1968 2073 2026 1,
2106 1982 2199 2031 Η,
2230 1967 2453 2035 193V1,
2481 1981 2538 2029 α,
2570 1957 2902 2015 :im—Nos-

1892 2046 1960 2095 tri
1974 2042 2168 2109 Codd.‚
2184 2055 2571 2116 persequentur,
2593 2061 2706 2095 exe.
2728 2041 2902 2095 Poul..

1894 2125 1986 2194 qui
2012 2135 2302 2196 sequentur.
2328 2123 2423 2174 En.

1968 2201 2019 2254 3.
2045 2202 2171 2255 Aut.
2196 2202 2464 2255 Omittunt
2478 2202 2633 2254 Voss.
2667 2218 2694 2251 2
2712 2238 2729 2266 ‚
2756 2202 2902 2251 lena.

1894 2281 2032 2352 (tae.
2055 2282 2240 2353 Gesn.)
2268 2296 2321 2334 et
2343 2295 2572 2354 posterr.
2596 2293 2721 2333 aute
2745 2278 2900 2332 Basil.

1897 2362 1988 2431 qui
2011 2371 2108 2411 aut
2127 2358 2289 2412 habet
2304 2398 2322 2425 ‚
2346 2362 2543 2412 omisso
2570 2372 2646 2412 ut.

1969 2439 2021 2506 4.
2062 2442 2276 2493 Crassus.
2308 2439 2484 2506 Flor.‚
2517 2459 2732 2515 ymnus.
2765 2440 2900 2489 Tum

1897 2539 2092 2573 novum
2113 2533 2206 2573 aut
2222 2522 2397 2573 Turic.
2415 2521 2648 2573 Florem.
2667 2522 2902 2572 inserunt

1897 2612 2019 2652 ante
2044 2602 2100 2651 in
2126 2601 2308 2661 libra„
2343 2619 2466 2652 nam
2500 2602 2574 2651 sic
2603 2597 2781 2651 iidem.
2809 2598 2901 2648 Li-

1899 2681 2036 2745 bros,
2055 2681 2233 2733 Guelf.
2252 2681 2558 2734 Destinatur
2575 2700 2608 2731 a
2627 2697 2703 2751 q.‚
2722 2680 2898 2730 Tui-ic.

1895 2759 2036 2812 Flor.
2061 2760 2239 2813 Guelf.
2263 2761 2503 2813 Destinat
2522 2779 2575 2811 a.
2600 2778 2682 2832 q.‚
2707 2757 2894 2811 Almel.

1893 2840 2203 2893 Destinabat
2220 2862 2303 2916 q.‚
2335 2840 2523 2912 reliqui
2554 2851 2745 2911 praeter
2768 2838 2898 2890 Obr.

1896 2921 1988 2992 qui
2024 2939 2136 2973 non
2174 2918 2396 2973 dubium
2430 2933 2507 2973 est
2548 2920 2678 2991 quin
2717 2917 2898 2971 eadem

1893 2999 2017 3065 illa,
2047 3019 2161 3073 quae
2187 3001 2242 3051 in
2268 3001 2464 3052 nostris
2496 3011 2650 3064 sunt,
2689 2999 2743 3048 in
2775 2998 2896 3066 Arg.

1894 3081 2053 3132 etiam
2078 3081 2334 3151 repererit
2354 3080 2572 3148 vestigia
2594 3090 2648 3128 et
2670 3075 2796 3129 iude
2819 3078 2900 3127 ef·-

1893 3162 2078 3213 fecerit
2096 3162 2215 3231 jura
2229 3199 2247 3227 ,
2273 3172 2482 3212 servato
2507 3171 2685 3209 tamen
2707 3158 2898 3226 imper·

1893 3238 2037 3290 fecto
2049 3275 2066 3303 ‚
2084 3236 2226 3308 quod
2240 3256 2342 3289 nos
2356 3235 2540 3289 iisdem
2559 3234 2764 3287 indiciis
2779 3234 2896 3285 freti

1892 3316 2289 3390 Spaldingiique
2306 3321 2458 3389 jussu
2479 3315 2812 3366 mutavimus.
2829 3342 2888 3351 —

1893 3396 1953 3448 L.
1980 3398 2236 3449 Crassus...
2257 3396 2494 3447 destinat.
2521 3393 2581 3445 ld
2598 3407 2707 3457 est,
2725 3392 2902 3444 factu-

1892 3493 2010 3526 rum
2043 3494 2100 3526 se
2123 3473 2269 3526 dicit.
2296 3474 2372 3525 lta
2401 3475 2592 3526 senties
2615 3474 2775 3523 unice
2799 3490 2900 3542 ap-

1894 3568 2005 3607 tum
2026 3574 2140 3608 esse
2159 3553 2247 3606 hic
2265 3572 2495 3625 presens
2518 3568 2747 3624 tempus.
2765 3553 2898 3603 Nam

1895 3650 2214 3705 quamquam
2237 3632 2544 3685 memoriam
2565 3630 2798 3702 aliquam
2823 3650 2901 3682 se-

1894 3725 2049 3764 cutus
2085 3708 2151 3763 de
2184 3712 2374 3763 Crasso
2403 3714 2474 3762 ita
2506 3710 2779 3762 tradiderit
2806 3709 2897 3759 Ci-

1894 3809 2048 3853 cero;
2073 3789 2255 3841 addito
2282 3803 2457 3842 tamen
2483 3791 2542 3842 in
2567 3789 2710 3842 tibris
2736 3791 2791 3840 C.
2819 3790 2898 3838 in·

1894 3885 2076 3942 eptum
2120 3884 2255 3922 esset
2301 3884 2508 3942 tempus
2555 3872 2894 3941 prmteritum.

1892 3948 2067 4000 Locus
2090 3961 2268 4001 autem
2289 3949 2559 4000 Ciceronis
2585 3967 2699 4000 esse
2724 3946 2894 3998 credi·

1893 4043 1980 4081 tur
2006 4029 2073 4081 de
2098 4032 2245 4081 Orat.
2272 4030 2327 4093 1,
2351 4028 2416 4094 42
2435 4065 2451 4091 ‚
2483 4027 2526 4099 §.
2559 4044 2673 4096 ¹90·
2698 4030 2898 4094 Quam-

1894 4127 2054 4180 quam
2081 4106 2156 4158 ihi
2182 4106 2250 4159 de
2277 4107 2650 4178 componenda
2672 4107 2804 4176 juris
2833 4108 2900 4154 vi-

1893 4185 2007 4236 vilis
2023 4198 2133 4237 arte
2150 4182 2384 4255 loquitur
2396 4186 2618 4238 Crassus
2637 4207 2649 4236 ι
2665 4199 2722 4237 ιιι
2738 4186 2902 4252 Quin-
