3200 5159
684 512 1334 579 ms‘rrrn‘noms
1370 512 1626 578 oRAT.
1670 515 1827 580 mn.
1866 515 1957 594 x,
2004 538 2054 579 t.
2338 535 2408 578 ,ι

321 632 612 705 Nemini
645 632 929 706 dubium
968 650 1096 706 est:
1139 633 1261 706 sed
1307 634 1519 707 etiam
1573 662 1656 707 ex
1702 637 2056 736 proximo¹
2109 634 2418 708 mutuari
2453 645 2518 698 ¹3

319 746 566 837 licet²;
605 776 770 820 uam
802 770 871 822 et
904 748 1243 848 intelliqo,
1280 770 1347 822 et
1373 757 1616 838 sentio,
1654 772 1724 823 et
1751 753 1977 839 video,
2012 779 2191 851 saepe
2228 751 2417 823 idem

323 861 587 951 valent,
622 863 812 962 quod
840 868 1000 935 scio.
1034 863 1364 953 Quorum
1400 866 1605 936 nobis
1636 865 2022 938 ubertatem
2047 893 2126 938 ac
2152 865 2420 938 divitias

328 978 528 1052 dabit
574 979 812 1067 lectio,
847 999 925 1051 ut
954 978 1145 1051 non-'⁹
1184 979 1412 1052 solum
1456 982 1812 1080 quomodo
1847 979 2268 1070 occurrent4‚
2303 979 2423 1052 sed

326 1093 540 1166 etiam
576 1092 931 1193 quomodo
976 1093 1314 1192 oportet-⁶,
1362 1115 1687 1168 utamur:
1733 1123 1878 1168 nou
1911 1122 2187 1193 semper
2225 1094 2420 1166 enim
2459 1104 2524 1173 ¹4

324 1207 471 1281 haec
520 1210 699 1281 inter
747 1208 870 1281 se⁶
914 1209 1103 1282 idem
1153 1211 1481 1300 faciunt;
1532 1238 1661 1284 nec
1712 1213 1886 1284 sicut
1935 1211 2019 1283 de
2069 1209 2424 1283 intellectu

325 1323 554 1395 animi
612 1344 788 1396 recte
837 1323 1161 1415 dixerim,
1207 1325 1437 1412 video,
1492 1325 1585 1397 ita
1636 1325 1721 1397 de
1765 1325 1957 1398 visu?
2014 1324 2422 1413 oculorum,

331 1438 668 1537 intelliqo;
702 1464 831 1510 nec
865 1461 946 1511 ut
987 1466 1224 1512 mucro
1267 1440 1620 1539 gladium,
1658 1441 1756 1514 sic
1793 1436 2235 1513 mucmnem⁸
2278 1439 2425 1537 gla-

330 1553 486 1626 dius
516 1554 836 1627 ostendit.
873 1556 1009 1628 Sed
1052 1576 1129 1627 ut
1169 1557 1371 1656 copia
1403 1556 1776 1629 verborum
1796 1571 1828 1618 9
1861 1557 1954 1629 sic
1989 1576 2302 1655 paratur,
2333 1555 2428 1628 ita
2460 1567 2524 1624 ιε

334 1695 478 1742 non
497 1668 871 1742 verborum
892 1690 1174 1744 tantum
1196 1671 1410 1770 gratia
1426 1671 1810 1771 legendum
1827 1728 1846 1761 ,
1867 1670 1973 1742 vel
1992 1668 2430 1744 audiendum

328 1926 452 1960 cum
479 1908 641 1963 Goth.
661 1913 813 1963 Voss.
845 1928 894 1963 2.
923 1941 996 1952 —-
1023 1911 1240 1965 Nescit?
1269 1921 1333 1963 et.

329 1987 467 2040 Flor.
491 1987 553 2057 (a
577 2008 658 2061 pr.
687 1990 879 2060 mauu)
904 1991 1106 2043 nescite.
1132 1990 1339 2063 Reliqui

332 2070 582 2122 omittunt
609 2080 680 2121 et.

409 2163 450 2198 t.
476 2147 562 2198 Ex
573 2149 833 2218 proximo.
855 2151 978 2201 Non
1002 2148 1198 2215 modo,
1224 2168 1339 2220 quae

330 2224 625 2295 significent
665 2226 877 2294 eadem,
918 2217 1075 2280 verba
1113 2241 1339 2319 poss-unt

333 2303 476 2356 sibi·
462 2307 686 2357 invicem
711 2305 1022 2373 succedere,
1051 2306 1146 2359 scd
1179 2308 1338 2358 etiam

331 2385 385 2434 in
432 2381 624 2454 quibus
666 2383 793 2436 levis
830 2397 909 2436 est
946 2385 1339 2454 significationis

330 2460 655 2515 differentia:
685 2462 789 2514 hoc
820 2464 959 2515 enim
985 2477 1064 2515 est
1085 2483 1147 2514 ex
1165 2464 1341 2534 proxi-

332 2542 645 2594 mo.Locum
654 2560 764 2594 nou
776 2541 1031 2594 intellexit
1038 2539 1338 2614 Gedoynus.

404 2635 450 2672 α.
481 2620 643 2673 Licet.
676 2623 851 2673 Turio.
889 2620 1028 2673 Flor.
1068 2620 1339 2673 Guelferb.

332 2700 515 2765 Cute„
537 2699 672 2752 libet.
693 2702 946 2769 Quamvis
970 2699 1205 2771 praeclari
1225 2718 1345 2752 auc·

334 2791 474 2830 tores
502 2796 611 2830 uon
640 2777 979 2850 persuadent.

400 2856 452 2908 3.
476 2856 547 2908 Ut
561 2875 698 2918 rma,-
719 2860 795 2909 sic
812 2858 988 2910 Turic.
1006 2856 1144 2910 Flor.
1160 2856 1336 2909 Guelf.

331 2935 491 2987 Cute.
518 2954 642 2988 cum
662 2934 799 2989 Alm.
830 2935 991 2988 Goth.
1016 2940 1170 2988 Voss.
1204 2954 1269 3008 ²2
1289 2948 1342 2988 et

333 3012 477 3065 editt.
517 3026 640 3065 aute
680 3014 834 3066 Basil.
862 3014 1069 3086 Reliqui
1106 3015 1343 3066 inserunt

334 3091 424 3145 his.
442 3122 512 3130 —
531 3094 794 3145 Omittunt
821 3095 1003 3145 nostri.
1030 3094 1123 3145 En.

400 3171 452 3237 4.
483 3172 791 3230 Oceamn15
816 3173 891 3223 sic
916 3172 1093 3223 Turio.
1119 3169 1257 3221 Flor.
1282 3167 1340 3235 (a

334 3268 410 3319 pr.
437 3267 598 3301 manu
624 3249 898 3319 uterque).
923 3247 1134 3318 Reliqui
1156 3263 1339 3298 occur-

337 3339 507 3379 renat.

406 3405 455 3459 5.
486 3408 716 3477 Oportet.
738 3409 785 3459 Δ
812 3404 1050 3478 Gryphio
1072 3403 1196 3456 inde
1217 3418 1338 3456 ente

335 3485 489 3537 Gesu.
509 3484 631 3537 edd.
644 3523 661 3550 ‚
675 3486 1206 3557 oporteat—Omnes
1222 3503 1340 3536 nos-

340 3567 401 3616 tri
423 3575 639 3636 oportet.
656 3568 749 3618 Eu.

403 3643 454 3695 6.
480 3644 628 3696 Inter
650 3663 701 3697 κ
727 3644 861 3696 idem
875 3643 1109 3716 faciunt.
1144 3643 1204 3694 ld
1230 3656 1338 3709 est,

342 3735 559 3792 possunt
587 3725 804 3794 impune
832 3724 1168 3794 reciprocari.

410 3819 458 3872 7.
488 3801 633 3856 Vasa.
652 3804 830 3855 Tur-ic.
851 3800 989 3853 Flor.
1009 3799 1062 3870 (a
1082 3819 1161 3873 pr.
1184 3819 1344 3852 manu

347 3881 598 3952 uterque)
620 3881 824 3947 Guelf.‚
849 3899 973 3947 usu,
1003 3897 1126 3931 cum
1153 3878 1341 3931 Almel.

346 3958 499 4011 Goth.
528 3964 678 4012 νοω.
711 3979 759 4012 2.
796 3963 891 4012 Per
916 3979 971 4012 se
1001 3957 1213 4030 quidem
1241 3977 1344 4030 po-

1491 1914 1541 1966 8.
1563 1914 1874 1964 Macronem
1886 1910 2111 1985 gladius.
2134 1933 2157 1956 κ
2176 1911 2319 1978 Quin
2333 1927 2434 1961 nec

1424 2013 1447 2038 α
1470 2009 1651 2045 mucro
1663 2011 1869 2063 semper
1879 1991 2139 2065 gladium.
2149 1991 2283 2059 Quis
2294 1992 2434 2042 enim

1425 2094 1448 2117 κ
1468 2072 1573 2124 nisi
1600 2073 1779 2124 fatuus
1807 2070 2023 2134 dixerit,
2051 2071 2086 2120 1
2104 2087 2262 2140 puer,
2291 2067 2438 2140 affer

1425 2173 1448 2196 κ
1468 2150 1603 2202 mihi
1630 2169 1928 2202 mucronem
1946 2188 1963 2214 ‚
1995 2167 2160 2221 quum
2195 2146 2433 2218 gladium

1424 2250 1447 2275 α
1469 2228 1568 2281 sibi
1591 2229 1705 2281 dari
1735 2228 2005 2301 postulat?
2029 2226 2240 2280 Scilicet
2262 2226 2316 2276 in
2345 2227 2430 2297 ip-

1424 2331 1447 2355 ·
1468 2311 1537 2360 sis
1564 2310 1725 2360 etiam
1753 2309 1918 2380 tropis
1941 2326 2121 2360 verum
2149 2308 2322 2358 inesse
2345 2303 2434 2358 dc-

1425 2409 1448 2433 «
1467 2385 1590 2450 bet;
1621 2401 1871 2457 recteque
1894 2399 2054 2458 poeta
2079 2401 2320 2437 mucrone
2338 2402 2434 2455 pe-

1426 2488 1448 2512 «
1469 2479 1726 2538 remptum
1771 2465 2000 2537 aliquem
2043 2463 2200 2527 dicim
2257 2480 2432 2534 neque

1426 2567 1449 2591 ιι
1470 2546 1612 2596 enim
1631 2545 1873 2615 profecto
1893 2539 2102 2636 capulo.
2124 2543 2182 2593 ln
2201 2540 2305 2593 hoc
2323 2542 2433 2611 qui-

1426 2646 1449 2671 «
1469 2623 1592 2677 dem
1618 2623 1859 2697 exemplo
1882 2626 1968 2676 vix
1997 2624 2276 2694 quisquam
2300 2641 2433 2694 pec-

1428 2716 1584 2764 ecat3
1620 2705 1817 2754 utinam
1852 2721 1951 2754 nec
1988 2705 2043 2753 iu
2079 2701 2257 2754 aliis.»
2297 2701 2432 2753 Ges-

1421 2799 1597 2833 uerus,

1490 2878 1540 2929 9.
1585 2861 1748 2931 Copia
1783 2860 2048 2912 verborum
2087 2860 2159 2913 sic
2196 2868 2429 2930 paratur.

1418 2938 1691 2988 Tun-icem.
1718 2936 1771 3007 (a
1799 2956 1906 2989 sec.
1933 2937 2144 3009 quidem
2169 2955 2330 2988 manu
2346 2936 2433 3007 sit)

1421 3016 1560 3068 Flor.
1575 3055 1589 3079 ‚
1614 3016 1851 3088 copiosus
1874 3036 1920 3069 v.
1946 3019 2019 3069 sic
2037 3026 2278 3088 paratus,
2307 3035 2433 3068 mox

1421 3109 1475 3147 et
1491 3096 1669 3148 Guelf.
1690 3097 1852 3148 Cane.
1866 3134 1883 3162 ‚
1905 3097 2006 3148 nisi
2029 3095 2171 3167 quod
2194 3096 2286 3162 sit,
2307 3114 2432 3147 cum

1418 3173 1701 3240 Gothum,
1721 3176 1871 3226 Voss.
1902 3192 1962 3238 α,
1986 3172 2177 3226 Almel.
2202 3186 2255 3228 et
2279 3173 2428 3227 editt.

1421 3267 1543 3305 ante
1567 3253 1720 3305 Basil.
1751 3254 1910 3305 Error
1936 3272 2087 3307 orsus
2121 3272 2151 3306 a
2183 3263 2431 3328 paratus,

1422 3332 1599 3405 qualia
1635 3331 1827 3385 menda
1857 3345 1977 3385 sunt
2006 3333 2431 3405 frequentissima

1420 3410 1574 3481 (vide
1596 3412 1742 3478 VIII,
1766 3411 1826 3477 3,
1851 3411 2038 3476 331x,
2062 3412 2125 3478 4,
2151 3408 2276 3473 1253
2304 3412 2430 3461 item

1421 3489 1507 3541 hic
1530 3490 1578 3556 S.
1609 3490 1725 3560 21),
1749 3492 1837 3541 cui
1865 3491 2103 3562 primitus
2134 3507 2430 3541 accommo-

1419 3567 1606 3620 datum
1618 3568 1877 3638 copiosus,
1897 3587 2020 3619 mox
2040 3570 2196 3621 etiam
2212 3568 2305 3634 sit,
2329 3586 2429 3640 pro

1420 3666 1528 3718 quo
1544 3646 1617 3698 sic
1631 3648 1686 3698 in
1704 3660 1831 3699 vett.
1851 3646 2042 3700 lacinia
2058 3650 2209 3718 quasi
2228 3665 2431 3699 reman-

1421 3729 1514 3790 sit,
1538 3745 1638 3797 per
1662 3745 1824 3797 quam
1847 3747 1909 3780 ex
1933 3729 2057 3798 fuga
2081 3727 2434 3782 retraheretur

1421 3823 1543 3857 vera
1584 3807 1876 3877 scriptura,
1909 3825 1941 3858 a
1972 3804 2256 3858 Philandro
2286 3805 2432 3858 haud

1424 3882 1615 3949 dubie,
1650 3898 1711 3937 ut
1744 3883 1908 3936 multa
1924 3923 1942 3952 ‚
1979 3884 2123 3937 velut
2163 3883 2250 3936 hic
2286 3887 2331 3952 S.
2369 3886 2431 3952 4,

1425 3962 1672 4034 praeclare
1700 3964 1957 4015 restituta.
1972 3964 2239 4016 -Nostri
2261 3962 2434 4017 Codd.

351 4039 446 4090 tius
479 4053 583 4105 est,
613 4040 706 4092 sed
734 4038 822 4092 bic
850 4038 921 4091 ob
949 4039 1256 4091 relationem
1280 4037 1348 4090 ad
1425 4040 1628 4094 habent
1670 4043 1900 4113 copiosus
1935 4046 2203 4094 verborum
2239 4041 2306 4094 sit
2335 4060 2433 4113 pa-

355 4141 375 4160 ·
396 4118 709 4170 intellectum
726 4120 885 4171 animi
905 4142 927 4166 ι
947 4131 1191 4191 praestare
1206 4117 1348 4171 vide·

349 4210 455 4254 mr.
476 4213 730 4252 nostrum.
747 4229 819 4239 —
836 4197 1031 4252 Eadem
1054 4199 1237 4251 nostri.
1253 4199 1344 4250 Eu.

1428 4131 1584 4183 ratus,
1601 4134 1805 4191 except.
1829 4121 1888 4172 R.
1914 4138 2002 4187 ιο,
2023 4122 2112 4192 qui
2132 4139 2230 4193 pro
2247 4122 2314 4174 sit
2333 4120 2428 4173 dat

1428 4197 1515 4250 sic.
1546 4200 1636 4249 En.
