<?xml version="1.0" encoding="UTF-8"?>
<!DOCTYPE html PUBLIC "-//W3C//DTD XHTML 1.0 Transitional//EN"
    "http://www.w3.org/TR/xhtml1/DTD/xhtml1-transitional.dtd">
<html xmlns="http://www.w3.org/1999/xhtml" xml:lang="en" lang="en">
 <head>
  <title>
</title>
<meta http-equiv="Content-Type" content="text/html;charset=utf-8" />
  <meta name='ocr-system' content='tesseract 3.04.00' />
  <meta name='ocr-capabilities' content='ocr_page ocr_carea ocr_par ocr_line ocrx_word'/>
</head>
<body>
  <div class='ocr_page' id='page_1' title='image "./deinstitutioneo00unkngoog_0272.png"; bbox 0 0 3200 5159; ppageno 0'>
   <div class='ocr_carea' id='block_1_1' title="bbox 814 432 940 510">
    <p class='ocr_par' dir='ltr' id='par_1_1' title="bbox 814 432 940 510">
     <span class='ocr_line' id='line_1_1' title="bbox 814 432 940 510; baseline 0.016 -18"><span class='ocrx_word' id='word_1_1' title='bbox 814 432 940 510; x_wconf 77' lang='lat'>224</span> 
     </span>
    </p>
   </div>
   <div class='ocr_carea' id='block_1_2' title="bbox 1375 426 2335 520">
    <p class='ocr_par' dir='ltr' id='par_1_2' title="bbox 1375 426 2335 520">
     <span class='ocr_line' id='line_1_2' title="bbox 1375 426 2335 520; baseline 0.001 -28"><span class='ocrx_word' id='word_1_2' title='bbox 1375 428 1469 492; x_wconf 84' lang='lat' dir='ltr'>M.</span> <span class='ocrx_word' id='word_1_3' title='bbox 1509 428 1739 492; x_wconf 78' lang='lat' dir='ltr'>FABn</span> <span class='ocrx_word' id='word_1_4' title='bbox 1775 426 2335 520; x_wconf 63' lang='lat' dir='ltr'>QumTtLtAm</span> 
     </span>
    </p>
   </div>
   <div class='ocr_carea' id='block_1_3' title="bbox 711 547 2908 2028">
    <p class='ocr_par' dir='ltr' id='par_1_3' title="bbox 711 547 2908 2028">
     <span class='ocr_line' id='line_1_3' title="bbox 810 547 2899 651; baseline -0.001 -28"><span class='ocrx_word' id='word_1_5' title='bbox 810 567 1039 636; x_wconf 78' lang='lat' dir='ltr'>testor,</span> <span class='ocrx_word' id='word_1_6' title='bbox 1104 577 1386 651; x_wconf 83' lang='lat' dir='ltr'>vosque,</span> <span class='ocrx_word' id='word_1_7' title='bbox 1449 549 1885 623; x_wconf 81' lang='lat' dir='ltr'>Albanorum</span> <span class='ocrx_word' id='word_1_8' title='bbox 1937 547 2201 623; x_wconf 83' lang='lat' dir='ltr'>obrutoe</span> <span class='ocrx_word' id='word_1_9' title='bbox 2227 564 2245 594; x_wconf 91' lang='lat'>¹</span> <span class='ocrx_word' id='word_1_10' title='bbox 2314 574 2485 638; x_wconf 79' lang='lat' dir='ltr'>aroe,</span> <span class='ocrx_word' id='word_1_11' title='bbox 2550 576 2899 623; x_wconf 77' lang='lat' dir='ltr'>sacrorum</span> 
     </span>
     <span class='ocr_line' id='line_1_4' title="bbox 805 664 2906 766; baseline -0.001 -28"><span class='ocrx_word' id='word_1_12' title='bbox 805 667 1049 766; x_wconf 84' lang='lat' dir='ltr'>populi</span> <span class='ocrx_word' id='word_1_13' title='bbox 1073 671 1345 740; x_wconf 83' lang='lat' dir='ltr'>romani</span> <span class='ocrx_word' id='word_1_14' title='bbox 1364 673 1563 740; x_wconf 83' lang='lat' dir='ltr'>sociae</span> <span class='ocrx_word' id='word_1_15' title='bbox 1590 682 1655 739; x_wconf 85' lang='lat' dir='ltr'>et</span> <span class='ocrx_word' id='word_1_16' title='bbox 1682 664 2003 766; x_wconf 64' lang='lat' dir='ltr'>aequales,</span> <span class='ocrx_word' id='word_1_17' title='bbox 2044 691 2190 737; x_wconf 89' lang='lat' dir='ltr'>non</span> <span class='ocrx_word' id='word_1_18' title='bbox 2224 664 2645 737; x_wconf 83' lang='lat' dir='ltr'>conveniant</span> <span class='ocrx_word' id='word_1_19' title='bbox 2674 666 2906 737; x_wconf 77' lang='lat' dir='ltr'>barbae</span> 
     </span>
     <span class='ocr_line' id='line_1_5' title="bbox 711 778 2902 881; baseline 0.001 -36"><span class='ocrx_word' id='word_1_20' title='bbox 711 793 779 847; x_wconf 78' lang='grc'>35</span> <span class='ocrx_word' id='word_1_21' title='bbox 813 780 917 851; x_wconf 90' lang='lat' dir='ltr'>illi</span> <span class='ocrx_word' id='word_1_22' title='bbox 947 801 1154 881; x_wconf 84' lang='lat' dir='ltr'>atque</span> <span class='ocrx_word' id='word_1_23' title='bbox 1188 780 1493 853; x_wconf 82' lang='lat' dir='ltr'>tristitiae.</span> <span class='ocrx_word' id='word_1_24' title='bbox 1531 783 1624 852; x_wconf 91' lang='lat' dir='ltr'>At</span> <span class='ocrx_word' id='word_1_25' title='bbox 1652 781 1756 851; x_wconf 87' lang='lat' dir='ltr'>vir</span> <span class='ocrx_word' id='word_1_26' title='bbox 1789 780 2036 870; x_wconf 84' lang='lat' dir='ltr'>civilis,</span> <span class='ocrx_word' id='word_1_27' title='bbox 2082 805 2376 878; x_wconf 84' lang='lat' dir='ltr'>vereque</span> <span class='ocrx_word' id='word_1_28' title='bbox 2423 780 2736 878; x_wconf 75' lang='lat' dir='ltr'>sapienS,</span> <span class='ocrx_word' id='word_1_29' title='bbox 2784 778 2902 877; x_wconf 87' lang='lat' dir='ltr'>qui</span> 
     </span>
     <span class='ocr_line' id='line_1_6' title="bbox 812 893 2903 993; baseline -0 -28"><span class='ocrx_word' id='word_1_30' title='bbox 812 921 883 966; x_wconf 84' lang='lat' dir='ltr'>se</span> <span class='ocrx_word' id='word_1_31' title='bbox 902 921 1042 966; x_wconf 90' lang='lat' dir='ltr'>non</span> <span class='ocrx_word' id='word_1_32' title='bbox 1060 895 1295 966; x_wconf 86' lang='lat' dir='ltr'>otiosis</span> <span class='ocrx_word' id='word_1_33' title='bbox 1320 894 1934 993; x_wconf 74' lang='lat' dir='ltr'>disputationibu5‚</span> <span class='ocrx_word' id='word_1_34' title='bbox 1947 894 2066 966; x_wconf 86' lang='lat' dir='ltr'>sed</span> <span class='ocrx_word' id='word_1_35' title='bbox 2082 893 2659 966; x_wconf 82' lang='lat' dir='ltr'>administrationi</span> <span class='ocrx_word' id='word_1_36' title='bbox 2682 894 2903 992; x_wconf 86' lang='lat' dir='ltr'>reipu-</span> 
     </span>
     <span class='ocr_line' id='line_1_7' title="bbox 809 1009 2903 1110; baseline 0 -30"><span class='ocrx_word' id='word_1_37' title='bbox 809 1010 1007 1082; x_wconf 85' lang='lat' dir='ltr'>blicae</span> <span class='ocrx_word' id='word_1_38' title='bbox 1049 1011 1466 1099; x_wconf 82' lang='lat' dir='ltr'>dediderit²‚</span> <span class='ocrx_word' id='word_1_39' title='bbox 1500 1026 1541 1083; x_wconf 69' lang='lat' dir='ltr'>u</span> <span class='ocrx_word' id='word_1_40' title='bbox 1572 1037 1716 1110; x_wconf 84' lang='lat' dir='ltr'>qua</span> <span class='ocrx_word' id='word_1_41' title='bbox 1754 1011 2154 1109; x_wconf 76' lang='lat' dir='ltr'>longissime</span> <span class='ocrx_word' id='word_1_42' title='bbox 2188 1011 2326 1098; x_wconf 86' lang='lat' dir='ltr'>isti,</span> <span class='ocrx_word' id='word_1_43' title='bbox 2351 1011 2473 1110; x_wconf 92' lang='lat' dir='ltr'>qui</span> <span class='ocrx_word' id='word_1_44' title='bbox 2506 1009 2903 1109; x_wconf 85' lang='lat' dir='ltr'>philosophi</span> 
     </span>
     <span class='ocr_line' id='line_1_8' title="bbox 813 1124 2902 1225; baseline 0 -30"><span class='ocrx_word' id='word_1_45' title='bbox 813 1147 1180 1216; x_wconf 82' lang='lat' dir='ltr'>vocantur,</span> <span class='ocrx_word' id='word_1_46' title='bbox 1236 1150 1702 1215; x_wconf 84' lang='lat' dir='ltr'>recesserunt,</span> <span class='ocrx_word' id='word_1_47' title='bbox 1744 1127 1989 1198; x_wconf 83' lang='lat' dir='ltr'>omnia</span> <span class='ocrx_word' id='word_1_48' title='bbox 2016 1124 2071 1217; x_wconf 83' lang='lat'>3,</span> <span class='ocrx_word' id='word_1_49' title='bbox 2119 1153 2274 1225; x_wconf 82' lang='lat' dir='ltr'>quae</span> <span class='ocrx_word' id='word_1_50' title='bbox 2315 1126 2405 1197; x_wconf 83' lang='lat' dir='ltr'>ad</span> <span class='ocrx_word' id='word_1_51' title='bbox 2451 1124 2902 1197; x_wconf 83' lang='lat' dir='ltr'>efficiendum</span> 
     </span>
     <span class='ocr_line' id='line_1_9' title="bbox 815 1239 2907 1340; baseline 0.001 -31"><span class='ocrx_word' id='word_1_52' title='bbox 815 1239 1154 1331; x_wconf 78' lang='lat' dir='ltr'>oratione,</span> <span class='ocrx_word' id='word_1_53' title='bbox 1190 1241 1380 1337; x_wconf 90' lang='lat' dir='ltr'>quod</span> <span class='ocrx_word' id='word_1_54' title='bbox 1412 1241 1853 1340; x_wconf 86' lang='lat' dir='ltr'>proposuerit</span> <span class='ocrx_word' id='word_1_55' title='bbox 1868 1239 1927 1327; x_wconf 75' lang='lat'>4,</span> <span class='ocrx_word' id='word_1_56' title='bbox 1972 1240 2236 1327; x_wconf 81' lang='lat' dir='ltr'>valent,</span> <span class='ocrx_word' id='word_1_57' title='bbox 2286 1240 2581 1312; x_wconf 82' lang='lat' dir='ltr'>libenter</span> <span class='ocrx_word' id='word_1_58' title='bbox 2619 1239 2907 1311; x_wconf 84' lang='lat' dir='ltr'>adhibe-</span> 
     </span>
     <span class='ocr_line' id='line_1_10' title="bbox 814 1353 2903 1453; baseline 0.001 -30"><span class='ocrx_word' id='word_1_59' title='bbox 814 1353 950 1442; x_wconf 81' lang='lat' dir='ltr'>bit3</span> <span class='ocrx_word' id='word_1_60' title='bbox 974 1382 1201 1451; x_wconf 87' lang='lat' dir='ltr'>quum</span> <span class='ocrx_word' id='word_1_61' title='bbox 1233 1355 1419 1452; x_wconf 88' lang='lat' dir='ltr'>prius</span> <span class='ocrx_word' id='word_1_62' title='bbox 1437 1411 1457 1442; x_wconf 89' lang='lat'>‚</span> <span class='ocrx_word' id='word_1_63' title='bbox 1478 1355 1670 1453; x_wconf 90' lang='lat' dir='ltr'>quod</span> <span class='ocrx_word' id='word_1_64' title='bbox 1687 1354 2059 1427; x_wconf 84' lang='lat' dir='ltr'>honestum</span> <span class='ocrx_word' id='word_1_65' title='bbox 2075 1355 2101 1399; x_wconf 83' lang='lat'><strong>⁵</strong></span> <span class='ocrx_word' id='word_1_66' title='bbox 2128 1355 2245 1444; x_wconf 82' lang='lat' dir='ltr'>sit,</span> <span class='ocrx_word' id='word_1_67' title='bbox 2268 1355 2541 1426; x_wconf 89' lang='lat' dir='ltr'>efficere</span> <span class='ocrx_word' id='word_1_68' title='bbox 2568 1355 2642 1425; x_wconf 89' lang='lat' dir='ltr'>in</span> <span class='ocrx_word' id='word_1_69' title='bbox 2665 1355 2903 1426; x_wconf 84' lang='lat' dir='ltr'>animo</span> 
     </span>
     <span class='ocr_line' id='line_1_11' title="bbox 714 1467 2901 1568; baseline 0 -32"><span class='ocrx_word' id='word_1_70' title='bbox 714 1483 785 1537; x_wconf 85' lang='lat'>36</span> <span class='ocrx_word' id='word_1_71' title='bbox 816 1495 942 1540; x_wconf 86' lang='lat' dir='ltr'>suo</span> <span class='ocrx_word' id='word_1_72' title='bbox 976 1469 1438 1540; x_wconf 51' lang='lat' dir='ltr'>constituerit(</span> <span class='ocrx_word' id='word_1_73' title='bbox 1459 1471 1577 1541; x_wconf 85' lang='lat' dir='ltr'>Est</span> <span class='ocrx_word' id='word_1_74' title='bbox 1605 1469 1795 1568; x_wconf 88' lang='lat' dir='ltr'>quod</span> <span class='ocrx_word' id='word_1_75' title='bbox 1825 1467 2215 1568; x_wconf 83' lang='lat' dir='ltr'>principes⁶</span> <span class='ocrx_word' id='word_1_76' title='bbox 2250 1468 2518 1557; x_wconf 80' lang='lat' dir='ltr'>deceat,</span> <span class='ocrx_word' id='word_1_77' title='bbox 2562 1467 2718 1540; x_wconf 76' lang='lat' dir='ltr'>aliis</span> <span class='ocrx_word' id='word_1_78' title='bbox 2763 1492 2901 1538; x_wconf 90' lang='lat' dir='ltr'>non</span> 
     </span>
     <span class='ocr_line' id='line_1_12' title="bbox 811 1579 2907 1682; baseline -0 -28"><span class='ocrx_word' id='word_1_79' title='bbox 811 1583 1306 1655; x_wconf 59' lang='lat' dir='ltr'>concesserim:</span> <span class='ocrx_word' id='word_1_80' title='bbox 1345 1583 1847 1682; x_wconf 78' lang='lat' dir='ltr'>imperatorum</span> <span class='ocrx_word' id='word_1_81' title='bbox 1877 1609 1955 1654; x_wconf 83' lang='lat' dir='ltr'>ac</span> <span class='ocrx_word' id='word_1_82' title='bbox 1981 1579 2566 1680; x_wconf 77' lang='lat' dir='ltr'>triumphalium⁸</span> <span class='ocrx_word' id='word_1_83' title='bbox 2602 1601 2907 1681; x_wconf 78' lang='lat' dir='ltr'>separata</span> 
     </span>
     <span class='ocr_line' id='line_1_13' title="bbox 816 1697 2905 1799; baseline -0.001 -28"><span class='ocrx_word' id='word_1_84' title='bbox 816 1720 914 1771; x_wconf 85' lang='lat' dir='ltr'>est</span> <span class='ocrx_word' id='word_1_85' title='bbox 951 1698 1184 1798; x_wconf 82' lang='lat' dir='ltr'>aliqua</span> <span class='ocrx_word' id='word_1_86' title='bbox 1217 1726 1296 1769; x_wconf 83' lang='lat' dir='ltr'>ex</span> <span class='ocrx_word' id='word_1_87' title='bbox 1326 1720 1517 1798; x_wconf 86' lang='lat' dir='ltr'>parte</span> <span class='ocrx_word' id='word_1_88' title='bbox 1558 1699 1730 1771; x_wconf 84' lang='lat' dir='ltr'>ratio</span> <span class='ocrx_word' id='word_1_89' title='bbox 1761 1698 2207 1799; x_wconf 85' lang='lat' dir='ltr'>eloquentiae,</span> <span class='ocrx_word' id='word_1_90' title='bbox 2233 1697 2413 1770; x_wconf 87' lang='lat' dir='ltr'>sicut</span> <span class='ocrx_word' id='word_1_91' title='bbox 2438 1712 2471 1758; x_wconf 87' lang='lat'><em>9</em></span> <span class='ocrx_word' id='word_1_92' title='bbox 2499 1697 2905 1795; x_wconf 79' lang='lat' dir='ltr'>PompeiuS,</span> 
     </span>
     <span class='ocr_line' id='line_1_14' title="bbox 826 1809 2908 1909; baseline -0.001 -25"><span class='ocrx_word' id='word_1_93' title='bbox 826 1813 1108 1886; x_wconf 86' lang='lat' dir='ltr'>abunde</span> <span class='ocrx_word' id='word_1_94' title='bbox 1146 1813 1438 1885; x_wconf 86' lang='lat' dir='ltr'>disertus</span> <span class='ocrx_word' id='word_1_95' title='bbox 1489 1841 1723 1886; x_wconf 89' lang='lat' dir='ltr'>rerum</span> <span class='ocrx_word' id='word_1_96' title='bbox 1767 1840 2054 1886; x_wconf 82' lang='lat' dir='ltr'>suarum</span> <span class='ocrx_word' id='word_1_97' title='bbox 2107 1835 2441 1901; x_wconf 85' lang='lat' dir='ltr'>narrator3</span> <span class='ocrx_word' id='word_1_98' title='bbox 2490 1832 2557 1885; x_wconf 90' lang='lat' dir='ltr'>et</span> <span class='ocrx_word' id='word_1_99' title='bbox 2602 1811 2753 1902; x_wconf 87' lang='lat' dir='ltr'>hic,</span> <span class='ocrx_word' id='word_1_100' title='bbox 2791 1809 2908 1909; x_wconf 91' lang='lat' dir='ltr'>qui</span> 
     </span>
     <span class='ocr_line' id='line_1_15' title="bbox 819 1927 2904 2028; baseline -0.001 -28"><span class='ocrx_word' id='word_1_101' title='bbox 819 1930 1005 2001; x_wconf 88' lang='lat' dir='ltr'>bello</span> <span class='ocrx_word' id='word_1_102' title='bbox 1049 1929 1230 2003; x_wconf 86' lang='lat' dir='ltr'>civili</span> <span class='ocrx_word' id='word_1_103' title='bbox 1258 1945 1313 1974; x_wconf 88' lang='lat'>¹⁰</span> <span class='ocrx_word' id='word_1_104' title='bbox 1351 1956 1420 2002; x_wconf 85' lang='lat' dir='ltr'>se</span> <span class='ocrx_word' id='word_1_105' title='bbox 1462 1930 1844 2018; x_wconf 86' lang='lat' dir='ltr'>interfecit,</span> <span class='ocrx_word' id='word_1_106' title='bbox 1880 1930 2052 2001; x_wconf 82' lang='lat' dir='ltr'>Cato</span> <span class='ocrx_word' id='word_1_107' title='bbox 2082 1929 2416 2028; x_wconf 89' lang='lat' dir='ltr'>eloquens</span> <span class='ocrx_word' id='word_1_108' title='bbox 2447 1949 2721 2000; x_wconf 82' lang='lat' dir='ltr'>senator</span> <span class='ocrx_word' id='word_1_109' title='bbox 2755 1927 2904 1999; x_wconf 85' lang='lat' dir='ltr'>fuit.</span> 
     </span>
    </p>
   </div>
   <div class='ocr_carea' id='block_1_4' title="bbox 823 2152 1861 4184">
    <p class='ocr_par' dir='ltr' id='par_1_4' title="bbox 823 2152 1825 2295">
     <span class='ocr_line' id='line_1_16' title="bbox 897 2152 1825 2221; baseline 0.001 -19"><span class='ocrx_word' id='word_1_110' title='bbox 897 2168 938 2203; x_wconf 86' lang='lat' dir='ltr'>t.</span> <span class='ocrx_word' id='word_1_111' title='bbox 989 2152 1210 2203; x_wconf 78' lang='lat' dir='ltr'>Obrutae.</span> <span class='ocrx_word' id='word_1_112' title='bbox 1259 2152 1438 2205; x_wconf 83' lang='lat' dir='ltr'>Ambr.</span> <span class='ocrx_word' id='word_1_113' title='bbox 1483 2171 1510 2206; x_wconf 75' lang='lat'>2</span> <span class='ocrx_word' id='word_1_114' title='bbox 1528 2191 1545 2221; x_wconf 85' lang='lat'>‚</span> <span class='ocrx_word' id='word_1_115' title='bbox 1592 2154 1825 2206; x_wconf 73' lang='lat' dir='ltr'>obtmeoe.</span> 
     </span>
     <span class='ocr_line' id='line_1_17' title="bbox 823 2232 1280 2295; baseline -0.004 -11"><span class='ocrx_word' id='word_1_116' title='bbox 823 2232 1013 2295; x_wconf 67' lang='lat' dir='ltr'>cmv..</span> <span class='ocrx_word' id='word_1_117' title='bbox 1043 2249 1074 2282; x_wconf 90' lang='grc' dir='ltr'><strong><em>ο</em></strong></span> <span class='ocrx_word' id='word_1_118' title='bbox 1104 2232 1280 2284; x_wconf 83' lang='lat' dir='ltr'>Brute.</span> 
     </span>
    </p>

    <p class='ocr_par' dir='ltr' id='par_1_5' title="bbox 824 2308 1830 2615">
     <span class='ocr_line' id='line_1_18' title="bbox 895 2308 1826 2377; baseline 0.002 -18"><span class='ocrx_word' id='word_1_119' title='bbox 895 2326 942 2359; x_wconf 84' lang='lat'>2.</span> <span class='ocrx_word' id='word_1_120' title='bbox 975 2308 1257 2361; x_wconf 82' lang='lat' dir='ltr'>Dediderit.</span> <span class='ocrx_word' id='word_1_121' title='bbox 1299 2309 1476 2361; x_wconf 83' lang='lat' dir='ltr'>Ambr.</span> <span class='ocrx_word' id='word_1_122' title='bbox 1516 2329 1578 2373; x_wconf 66' lang='grc' dir='ltr'>α,</span> <span class='ocrx_word' id='word_1_123' title='bbox 1617 2310 1826 2377; x_wconf 84' lang='lat' dir='ltr'>Guelf.,</span> 
     </span>
     <span class='ocr_line' id='line_1_19' title="bbox 826 2386 1826 2453; baseline 0.003 -16"><span class='ocrx_word' id='word_1_124' title='bbox 826 2386 1050 2453; x_wconf 75' lang='lat' dir='ltr'>dederit,</span> <span class='ocrx_word' id='word_1_125' title='bbox 1075 2404 1196 2436; x_wconf 89' lang='lat' dir='ltr'>cum</span> <span class='ocrx_word' id='word_1_126' title='bbox 1218 2387 1380 2438; x_wconf 85' lang='lat' dir='ltr'>Goth.</span> <span class='ocrx_word' id='word_1_127' title='bbox 1406 2389 1574 2439; x_wconf 87' lang='lat' dir='ltr'>Stoer.</span> <span class='ocrx_word' id='word_1_128' title='bbox 1601 2387 1826 2441; x_wconf 83' lang='lat' dir='ltr'>Chouet.</span> 
     </span>
     <span class='ocr_line' id='line_1_20' title="bbox 824 2463 1830 2536; baseline 0.002 -20"><span class='ocrx_word' id='word_1_129' title='bbox 824 2463 1252 2517; x_wconf 79' lang='lat' dir='ltr'>Leid.—Nostri</span> <span class='ocrx_word' id='word_1_130' title='bbox 1280 2464 1510 2532; x_wconf 78' lang='lat' dir='ltr'>dederit,</span> <span class='ocrx_word' id='word_1_131' title='bbox 1543 2484 1653 2517; x_wconf 81' lang='lat' dir='ltr'>exc.</span> <span class='ocrx_word' id='word_1_132' title='bbox 1686 2467 1746 2518; x_wconf 83' lang='lat' dir='ltr'>R.</span> <span class='ocrx_word' id='word_1_133' title='bbox 1780 2483 1830 2536; x_wconf 84' lang='lat'>7,</span> 
     </span>
     <span class='ocr_line' id='line_1_21' title="bbox 828 2541 1504 2615; baseline 0.001 -23"><span class='ocrx_word' id='word_1_134' title='bbox 828 2545 919 2615; x_wconf 83' lang='lat' dir='ltr'>qui</span> <span class='ocrx_word' id='word_1_135' title='bbox 948 2541 1096 2593; x_wconf 85' lang='lat' dir='ltr'>solus</span> <span class='ocrx_word' id='word_1_136' title='bbox 1119 2542 1386 2595; x_wconf 76' lang='lat' dir='ltr'>dediderit.</span> <span class='ocrx_word' id='word_1_137' title='bbox 1412 2545 1504 2596; x_wconf 83' lang='lat' dir='ltr'>Eo.</span> 
     </span>
    </p>

    <p class='ocr_par' dir='ltr' id='par_1_6' title="bbox 823 2618 1833 2911">
     <span class='ocr_line' id='line_1_22' title="bbox 896 2618 1827 2692; baseline 0.002 -20"><span class='ocrx_word' id='word_1_138' title='bbox 896 2621 947 2673; x_wconf 85' lang='lat'>3.</span> <span class='ocrx_word' id='word_1_139' title='bbox 979 2620 1203 2685; x_wconf 81' lang='lat' dir='ltr'>Omnia,</span> <span class='ocrx_word' id='word_1_140' title='bbox 1239 2639 1355 2692; x_wconf 80' lang='lat' dir='ltr'>quoe</span> <span class='ocrx_word' id='word_1_141' title='bbox 1381 2622 1451 2671; x_wconf 85' lang='lat' dir='ltr'>ad</span> <span class='ocrx_word' id='word_1_142' title='bbox 1475 2618 1827 2692; x_wconf 80' lang='lat' dir='ltr'>efficiendum.</span> 
     </span>
     <span class='ocr_line' id='line_1_23' title="bbox 823 2698 1828 2772; baseline 0 -19"><span class='ocrx_word' id='word_1_143' title='bbox 823 2702 1030 2765; x_wconf 59' lang='lat' dir='ltr'>Turio„</span> <span class='ocrx_word' id='word_1_144' title='bbox 1069 2699 1318 2772; x_wconf 79' lang='lat' dir='ltr'>omnique</span> <span class='ocrx_word' id='word_1_145' title='bbox 1354 2698 1700 2771; x_wconf 82' lang='lat' dir='ltr'>deficiendum</span> <span class='ocrx_word' id='word_1_146' title='bbox 1742 2713 1828 2753; x_wconf 76' lang='lat' dir='ltr'>est.</span> 
     </span>
     <span class='ocr_line' id='line_1_24' title="bbox 826 2777 1833 2852; baseline 0.001 -22"><span class='ocrx_word' id='word_1_147' title='bbox 826 2779 967 2830; x_wconf 85' lang='lat' dir='ltr'>Flor.</span> <span class='ocrx_word' id='word_1_148' title='bbox 991 2779 1042 2848; x_wconf 83' lang='lat' dir='ltr'>(a</span> <span class='ocrx_word' id='word_1_149' title='bbox 1073 2797 1152 2848; x_wconf 81' lang='lat' dir='ltr'>pr.</span> <span class='ocrx_word' id='word_1_150' title='bbox 1177 2778 1385 2850; x_wconf 81' lang='lat' dir='ltr'>manu),</span> <span class='ocrx_word' id='word_1_151' title='bbox 1417 2780 1634 2831; x_wconf 86' lang='lat' dir='ltr'>omnino</span> <span class='ocrx_word' id='word_1_152' title='bbox 1662 2779 1718 2831; x_wconf 84' lang='lat' dir='ltr'>id</span> <span class='ocrx_word' id='word_1_153' title='bbox 1738 2777 1833 2852; x_wconf 77' lang='lat' dir='ltr'>efi-</span> 
     </span>
     <span class='ocr_line' id='line_1_25' title="bbox 826 2856 1189 2911; baseline -0.014 0"><span class='ocrx_word' id='word_1_154' title='bbox 826 2856 1070 2911; x_wconf 82' lang='lat' dir='ltr'>ciendum</span> <span class='ocrx_word' id='word_1_155' title='bbox 1101 2867 1189 2908; x_wconf 82' lang='lat' dir='ltr'>est.</span> 
     </span>
    </p>

    <p class='ocr_par' dir='ltr' id='par_1_7' title="bbox 827 2934 1833 3478">
     <span class='ocr_line' id='line_1_26' title="bbox 896 2934 1833 3008; baseline 0.004 -23"><span class='ocrx_word' id='word_1_156' title='bbox 896 2934 946 3001; x_wconf 70' lang='grc'>4.</span> <span class='ocrx_word' id='word_1_157' title='bbox 979 2934 1324 3005; x_wconf 71' lang='lat' dir='ltr'>Proposuerit.</span> <span class='ocrx_word' id='word_1_158' title='bbox 1350 2937 1557 3002; x_wconf 86' lang='lat' dir='ltr'>Turic.‚</span> <span class='ocrx_word' id='word_1_159' title='bbox 1594 2940 1833 3008; x_wconf 77' lang='lat' dir='ltr'>proposi-</span> 
     </span>
     <span class='ocr_line' id='line_1_27' title="bbox 827 3014 1830 3087; baseline 0 -21"><span class='ocrx_word' id='word_1_160' title='bbox 827 3016 985 3077; x_wconf 83' lang='lat' dir='ltr'>tione,</span> <span class='ocrx_word' id='word_1_161' title='bbox 1000 3031 1122 3063; x_wconf 88' lang='lat' dir='ltr'>cum</span> <span class='ocrx_word' id='word_1_162' title='bbox 1135 3014 1273 3065; x_wconf 82' lang='lat' dir='ltr'>Alm.</span> <span class='ocrx_word' id='word_1_163' title='bbox 1289 3032 1398 3066; x_wconf 89' lang='lat' dir='ltr'>non</span> <span class='ocrx_word' id='word_1_164' title='bbox 1412 3014 1549 3067; x_wconf 84' lang='lat' dir='ltr'>Flor.</span> <span class='ocrx_word' id='word_1_165' title='bbox 1565 3015 1706 3086; x_wconf 80' lang='lat' dir='ltr'>(vide</span> <span class='ocrx_word' id='word_1_166' title='bbox 1723 3015 1830 3087; x_wconf 79' lang='lat'><strong>31).</strong></span> 
     </span>
     <span class='ocr_line' id='line_1_28' title="bbox 827 3090 1833 3164; baseline 0.001 -21"><span class='ocrx_word' id='word_1_167' title='bbox 827 3090 1222 3164; x_wconf 71' lang='grc' dir='ltr'>Ρνοροςιισνὶηε,</span> <span class='ocrx_word' id='word_1_168' title='bbox 1249 3093 1428 3145; x_wconf 88' lang='lat' dir='ltr'>Ambr.</span> <span class='ocrx_word' id='word_1_169' title='bbox 1458 3110 1485 3144; x_wconf 76' lang='lat'><em>2</em></span> <span class='ocrx_word' id='word_1_170' title='bbox 1511 3090 1636 3161; x_wconf 84' lang='lat' dir='ltr'>(sed</span> <span class='ocrx_word' id='word_1_171' title='bbox 1662 3092 1746 3145; x_wconf 87' lang='lat' dir='ltr'>hic</span> <span class='ocrx_word' id='word_1_172' title='bbox 1779 3106 1833 3145; x_wconf 88' lang='lat' dir='ltr'>et</span> 
     </span>
     <span class='ocr_line' id='line_1_29' title="bbox 828 3169 1831 3242; baseline 0 -21"><span class='ocrx_word' id='word_1_173' title='bbox 828 3170 988 3221; x_wconf 85' lang='lat' dir='ltr'>modo</span> <span class='ocrx_word' id='word_1_174' title='bbox 1022 3182 1185 3242; x_wconf 78' lang='lat' dir='ltr'>quoe),</span> <span class='ocrx_word' id='word_1_175' title='bbox 1219 3169 1394 3222; x_wconf 86' lang='lat' dir='ltr'>Guelf.</span> <span class='ocrx_word' id='word_1_176' title='bbox 1436 3172 1597 3223; x_wconf 57' lang='lat' dir='ltr'><strong>Canu».</strong></span> <span class='ocrx_word' id='word_1_177' title='bbox 1631 3184 1682 3221; x_wconf 90' lang='lat' dir='ltr'>et</span> <span class='ocrx_word' id='word_1_178' title='bbox 1711 3169 1831 3221; x_wconf 83' lang='lat' dir='ltr'>edd.</span> 
     </span>
     <span class='ocr_line' id='line_1_30' title="bbox 829 3249 1833 3320; baseline -0.002 -18"><span class='ocrx_word' id='word_1_179' title='bbox 829 3264 951 3303; x_wconf 79' lang='lat' dir='ltr'>ante</span> <span class='ocrx_word' id='word_1_180' title='bbox 975 3249 1516 3314; x_wconf 80' lang='lat' dir='ltr'>Bad.-RR.5‚10‚</span> <span class='ocrx_word' id='word_1_181' title='bbox 1548 3268 1833 3320; x_wconf 78' lang='lat' dir='ltr'>proposue-</span> 
     </span>
     <span class='ocr_line' id='line_1_31' title="bbox 827 3287 1829 3399; baseline -0.002 -19"><span class='ocrx_word' id='word_1_182' title='bbox 827 3340 967 3380; x_wconf 79' lang='lat' dir='ltr'>runt.</span> <span class='ocrx_word' id='word_1_183' title='bbox 985 3327 1187 3399; x_wconf 80' lang='lat' dir='ltr'>Reliqui</span> <span class='ocrx_word' id='word_1_184' title='bbox 1208 3326 1336 3378; x_wconf 76' lang='lat' dir='ltr'>dant</span> <span class='ocrx_word' id='word_1_185' title='bbox 1349 3287 1437 3379; x_wconf 80' lang='lat' dir='ltr'>alii</span> <span class='ocrx_word' id='word_1_186' title='bbox 1448 3328 1829 3398; x_wconf 76' lang='lat' dir='ltr'>proposuerint,</span> 
     </span>
     <span class='ocr_line' id='line_1_32' title="bbox 828 3405 1400 3478; baseline -0.005 -20"><span class='ocrx_word' id='word_1_187' title='bbox 828 3406 916 3458; x_wconf 80' lang='lat' dir='ltr'>alii</span> <span class='ocrx_word' id='word_1_188' title='bbox 935 3405 1277 3478; x_wconf 74' lang='lat' dir='ltr'>proposuerit.</span> <span class='ocrx_word' id='word_1_189' title='bbox 1307 3407 1400 3456; x_wconf 81' lang='lat' dir='ltr'>En.</span> 
     </span>
    </p>

    <p class='ocr_par' dir='ltr' id='par_1_8' title="bbox 830 3482 1836 3852">
     <span class='ocr_line' id='line_1_33' title="bbox 900 3482 1831 3553; baseline -0.002 -18"><span class='ocrx_word' id='word_1_190' title='bbox 900 3484 952 3536; x_wconf 91' lang='lat'>5.</span> <span class='ocrx_word' id='word_1_191' title='bbox 971 3484 1122 3553; x_wconf 83' lang='lat' dir='ltr'>Quod</span> <span class='ocrx_word' id='word_1_192' title='bbox 1146 3482 1430 3535; x_wconf 70' lang='lat' dir='ltr'>Inonestum.</span> <span class='ocrx_word' id='word_1_193' title='bbox 1448 3484 1624 3534; x_wconf 75' lang='lat' dir='ltr'>Tur-ic.</span> <span class='ocrx_word' id='word_1_194' title='bbox 1652 3482 1831 3534; x_wconf 85' lang='lat' dir='ltr'>Ambr.</span> 
     </span>
     <span class='ocr_line' id='line_1_34' title="bbox 834 3560 1831 3634; baseline -0.004 -17"><span class='ocrx_word' id='word_1_195' title='bbox 834 3582 891 3628; x_wconf 72' lang='lat' dir='ltr'>a,</span> <span class='ocrx_word' id='word_1_196' title='bbox 912 3566 1095 3626; x_wconf 68' lang='lat' dir='ltr'>Cum,</span> <span class='ocrx_word' id='word_1_197' title='bbox 1118 3562 1248 3634; x_wconf 80' lang='lat' dir='ltr'>qnid</span> <span class='ocrx_word' id='word_1_198' title='bbox 1272 3561 1322 3613; x_wconf 72' lang='lat'>12.</span> <span class='ocrx_word' id='word_1_199' title='bbox 1329 3581 1487 3627; x_wconf 87' lang='lat' dir='ltr'>,cum</span> <span class='ocrx_word' id='word_1_200' title='bbox 1504 3560 1665 3614; x_wconf 88' lang='lat' dir='ltr'>Goth.</span> <span class='ocrx_word' id='word_1_201' title='bbox 1680 3562 1831 3613; x_wconf 81' lang='lat' dir='ltr'>Voss.</span> 
     </span>
     <span class='ocr_line' id='line_1_35' title="bbox 837 3638 1835 3705; baseline -0.001 -13"><span class='ocrx_word' id='word_1_202' title='bbox 837 3657 882 3705; x_wconf 85' lang='grc' dir='ltr'>ι,</span> <span class='ocrx_word' id='word_1_203' title='bbox 912 3640 1274 3691; x_wconf 59' lang='lat' dir='ltr'>Jensxrarvis.</span> <span class='ocrx_word' id='word_1_204' title='bbox 1301 3638 1542 3691; x_wconf 83' lang='lat' dir='ltr'>Libenter</span> <span class='ocrx_word' id='word_1_205' title='bbox 1581 3639 1742 3691; x_wconf 87' lang='lat' dir='ltr'>modo</span> <span class='ocrx_word' id='word_1_206' title='bbox 1767 3639 1835 3691; x_wconf 76' lang='lat' dir='ltr'>ab</span> 
     </span>
     <span class='ocr_line' id='line_1_36' title="bbox 830 3717 1836 3785; baseline 0 -14"><span class='ocrx_word' id='word_1_207' title='bbox 830 3719 959 3776; x_wconf 85' lang='lat' dir='ltr'>Obr.</span> <span class='ocrx_word' id='word_1_208' title='bbox 982 3738 1049 3772; x_wconf 82' lang='lat' dir='ltr'>an</span> <span class='ocrx_word' id='word_1_209' title='bbox 1069 3717 1314 3771; x_wconf 77' lang='lat' dir='ltr'>consulto</span> <span class='ocrx_word' id='word_1_210' title='bbox 1338 3722 1589 3772; x_wconf 82' lang='lat' dir='ltr'>omissum</span> <span class='ocrx_word' id='word_1_211' title='bbox 1610 3722 1706 3785; x_wconf 79' lang='lat' dir='ltr'>sit,</span> <span class='ocrx_word' id='word_1_212' title='bbox 1727 3738 1836 3771; x_wconf 87' lang='lat' dir='ltr'>non</span> 
     </span>
     <span class='ocr_line' id='line_1_37' title="bbox 831 3799 1069 3852; baseline -0.014 0"><span class='ocrx_word' id='word_1_213' title='bbox 831 3799 1069 3852; x_wconf 73' lang='lat' dir='ltr'>dixerim.</span> 
     </span>
    </p>

    <p class='ocr_par' dir='ltr' id='par_1_9' title="bbox 831 3874 1835 4024">
     <span class='ocr_line' id='line_1_38' title="bbox 901 3874 1835 3981; baseline 0.003 -54"><span class='ocrx_word' id='word_1_214' title='bbox 901 3875 952 3927; x_wconf 87' lang='grc'>6.</span> <span class='ocrx_word' id='word_1_215' title='bbox 989 3874 1275 3946; x_wconf 83' lang='lat' dir='ltr'>Principes.</span> <span class='ocrx_word' id='word_1_216' title='bbox 1310 3875 1417 3927; x_wconf 73' lang='grc' dir='ltr'>ΒΗ.</span> <span class='ocrx_word' id='word_1_217' title='bbox 1457 3893 1506 3953; x_wconf 82' lang='lat'>7,</span> <span class='ocrx_word' id='word_1_218' title='bbox 1549 3892 1637 3943; x_wconf 81' lang='lat'>12,</span> <span class='ocrx_word' id='word_1_219' title='bbox 1660 3880 1804 3981; x_wconf 82' lang='lat' dir='ltr'>Jens.</span> <span class='ocrx_word' id='word_1_220' title='bbox 1818 3916 1835 3944; x_wconf 92' lang='lat'>‚</span> 
     </span>
     <span class='ocr_line' id='line_1_39' title="bbox 831 3952 1203 4024; baseline -0.006 -19"><span class='ocrx_word' id='word_1_221' title='bbox 831 3955 1085 4024; x_wconf 79' lang='lat' dir='ltr'>princeps.</span> <span class='ocrx_word' id='word_1_222' title='bbox 1112 3952 1203 4004; x_wconf 82' lang='lat' dir='ltr'>En.</span> 
     </span>
    </p>

    <p class='ocr_par' dir='ltr' id='par_1_10' title="bbox 834 4004 1861 4184">
     <span class='ocr_line' id='line_1_40' title="bbox 907 4004 1861 4121; baseline 0.003 -38"><span class='ocrx_word' id='word_1_223' title='bbox 907 4048 956 4101; x_wconf 89' lang='lat'>7.</span> <span class='ocrx_word' id='word_1_224' title='bbox 990 4031 1306 4083; x_wconf 59' lang='lat' dir='ltr'>&amp;recesst-ris.</span> <span class='ocrx_word' id='word_1_225' title='bbox 1339 4033 1516 4083; x_wconf 77' lang='lat' dir='ltr'>Turio.</span> <span class='ocrx_word' id='word_1_226' title='bbox 1551 4004 1691 4084; x_wconf 67' lang='lat' dir='ltr'>Flor.</span> <span class='ocrx_word' id='word_1_227' title='bbox 1718 4033 1861 4121; x_wconf 83' lang='lat' dir='ltr'>(hic</span> 
     </span>
     <span class='ocr_line' id='line_1_41' title="bbox 834 4100 1861 4184; baseline 0.004 -21"><span class='ocrx_word' id='word_1_228' title='bbox 834 4128 863 4163; x_wconf 78' lang='lat' dir='ltr'><strong>a</strong></span> <span class='ocrx_word' id='word_1_229' title='bbox 885 4129 967 4184; x_wconf 83' lang='lat' dir='ltr'>pr</span> <span class='ocrx_word' id='word_1_230' title='bbox 991 4108 1170 4180; x_wconf 82' lang='lat' dir='ltr'>mauu)</span> <span class='ocrx_word' id='word_1_231' title='bbox 1193 4112 1386 4177; x_wconf 62' lang='lat' dir='ltr'>Qua,</span> <span class='ocrx_word' id='word_1_232' title='bbox 1412 4113 1623 4171; x_wconf 74' lang='lat' dir='ltr'>cesseris.</span> <span class='ocrx_word' id='word_1_233' title='bbox 1653 4100 1861 4167; x_wconf 75' lang='lat' dir='ltr'>Primae</span> 
     </span>
    </p>
   </div>
   <div class='ocr_carea' id='block_1_5' title="bbox 1908 2149 2921 4193">
    <p class='ocr_par' dir='ltr' id='par_1_11' title="bbox 1908 2149 2905 2224">
     <span class='ocr_line' id='line_1_42' title="bbox 1908 2149 2905 2224; baseline -0.004 -21"><span class='ocrx_word' id='word_1_234' title='bbox 1908 2150 2120 2224; x_wconf 77' lang='lat' dir='ltr'>syllabae</span> <span class='ocrx_word' id='word_1_235' title='bbox 2145 2151 2327 2204; x_wconf 77' lang='lat' dir='ltr'>offecit</span> <span class='ocrx_word' id='word_1_236' title='bbox 2351 2149 2497 2221; x_wconf 76' lang='lat' dir='ltr'>quod</span> <span class='ocrx_word' id='word_1_237' title='bbox 2520 2149 2768 2221; x_wconf 74' lang='lat' dir='ltr'>pmcedit</span> <span class='ocrx_word' id='word_1_238' title='bbox 2787 2167 2905 2200; x_wconf 79' lang='lat' dir='ltr'>non.</span> 
     </span>
    </p>

    <p class='ocr_par' dir='ltr' id='par_1_12' title="bbox 1908 2226 2909 2380">
     <span class='ocr_line' id='line_1_43' title="bbox 1980 2226 2909 2301; baseline -0.005 -18"><span class='ocrx_word' id='word_1_239' title='bbox 1980 2232 2031 2283; x_wconf 85' lang='lat'>8.</span> <span class='ocrx_word' id='word_1_240' title='bbox 2063 2228 2501 2301; x_wconf 79' lang='lat' dir='ltr'>Triumphalium.</span> <span class='ocrx_word' id='word_1_241' title='bbox 2526 2230 2671 2281; x_wconf 81' lang='lat' dir='ltr'>Jens.</span> <span class='ocrx_word' id='word_1_242' title='bbox 2699 2242 2752 2280; x_wconf 86' lang='lat' dir='ltr'>et</span> <span class='ocrx_word' id='word_1_243' title='bbox 2770 2226 2909 2299; x_wconf 80' lang='lat' dir='ltr'>apud</span> 
     </span>
     <span class='ocr_line' id='line_1_44' title="bbox 1908 2308 2906 2380; baseline -0.004 -18"><span class='ocrx_word' id='word_1_244' title='bbox 1908 2313 2081 2363; x_wconf 87' lang='lat' dir='ltr'>Burm.</span> <span class='ocrx_word' id='word_1_245' title='bbox 2098 2313 2277 2363; x_wconf 77' lang='lat' dir='ltr'>Locat.</span> <span class='ocrx_word' id='word_1_246' title='bbox 2293 2348 2310 2377; x_wconf 85' lang='lat'><strong>‚</strong></span> <span class='ocrx_word' id='word_1_247' title='bbox 2335 2308 2793 2380; x_wconf 71' lang='lat' dir='ltr'>triumphantium.</span> <span class='ocrx_word' id='word_1_248' title='bbox 2818 2309 2906 2359; x_wconf 84' lang='lat' dir='ltr'>En.</span> 
     </span>
    </p>

    <p class='ocr_par' dir='ltr' id='par_1_13' title="bbox 1910 2387 2921 3950">
     <span class='ocr_line' id='line_1_45' title="bbox 1979 2387 2913 2460; baseline -0.004 -20"><span class='ocrx_word' id='word_1_249' title='bbox 1979 2406 2030 2457; x_wconf 87' lang='lat'>9.</span> <span class='ocrx_word' id='word_1_250' title='bbox 2060 2389 2337 2460; x_wconf 73' lang='lat' dir='ltr'>Pompeius</span> <span class='ocrx_word' id='word_1_251' title='bbox 2354 2388 2557 2440; x_wconf 79' lang='lat' dir='ltr'>abunde</span> <span class='ocrx_word' id='word_1_252' title='bbox 2578 2387 2808 2440; x_wconf 62' lang='lat' dir='ltr'>disemu-</span> <span class='ocrx_word' id='word_1_253' title='bbox 2832 2389 2913 2437; x_wconf 88' lang='lat' dir='ltr'>ln-</span> 
     </span>
     <span class='ocr_line' id='line_1_46' title="bbox 1911 2462 2911 2537; baseline -0.006 -18"><span class='ocrx_word' id='word_1_254' title='bbox 1911 2480 1990 2519; x_wconf 82' lang='lat' dir='ltr'>est</span> <span class='ocrx_word' id='word_1_255' title='bbox 2015 2468 2315 2518; x_wconf 77' lang='lat' dir='ltr'>extenuatio</span> <span class='ocrx_word' id='word_1_256' title='bbox 2340 2465 2582 2537; x_wconf 66' lang='lat' dir='ltr'>qua-dam</span> <span class='ocrx_word' id='word_1_257' title='bbox 2606 2466 2661 2515; x_wconf 89' lang='lat' dir='ltr'>in</span> <span class='ocrx_word' id='word_1_258' title='bbox 2681 2468 2800 2535; x_wconf 80' lang='lat' dir='ltr'>ipso</span> <span class='ocrx_word' id='word_1_259' title='bbox 2824 2462 2911 2514; x_wconf 89' lang='lat' dir='ltr'>illo</span> 
     </span>
     <span class='ocr_line' id='line_1_47' title="bbox 1910 2541 2911 2615; baseline -0.004 -18"><span class='ocrx_word' id='word_1_260' title='bbox 1910 2545 2129 2597; x_wconf 80' lang='lat' dir='ltr'>abunde.</span> <span class='ocrx_word' id='word_1_261' title='bbox 2169 2547 2356 2615; x_wconf 85' lang='lat' dir='ltr'>Neque</span> <span class='ocrx_word' id='word_1_262' title='bbox 2396 2546 2535 2596; x_wconf 85' lang='lat' dir='ltr'>enim</span> <span class='ocrx_word' id='word_1_263' title='bbox 2573 2561 2763 2615; x_wconf 70' lang='lat' dir='ltr'>magna</span> <span class='ocrx_word' id='word_1_264' title='bbox 2802 2541 2911 2595; x_wconf 83' lang='lat' dir='ltr'>elo·-</span> 
     </span>
     <span class='ocr_line' id='line_1_48' title="bbox 1913 2622 2914 2696; baseline -0.003 -21"><span class='ocrx_word' id='word_1_265' title='bbox 1913 2624 2128 2695; x_wconf 81' lang='lat' dir='ltr'>quentia</span> <span class='ocrx_word' id='word_1_266' title='bbox 2153 2637 2486 2696; x_wconf 79' lang='lat' dir='ltr'>exspectatur</span> <span class='ocrx_word' id='word_1_267' title='bbox 2508 2622 2574 2674; x_wconf 83' lang='lat' dir='ltr'>ab</span> <span class='ocrx_word' id='word_1_268' title='bbox 2600 2624 2714 2693; x_wconf 84' lang='lat' dir='ltr'>ejus</span> <span class='ocrx_word' id='word_1_269' title='bbox 2742 2623 2914 2673; x_wconf 83' lang='lat' dir='ltr'>fortu-</span> 
     </span>
     <span class='ocr_line' id='line_1_49' title="bbox 1911 2700 2915 2770; baseline -0.003 -15"><span class='ocrx_word' id='word_1_270' title='bbox 1911 2723 1990 2756; x_wconf 79' lang='lat' dir='ltr'>nae</span> <span class='ocrx_word' id='word_1_271' title='bbox 2014 2701 2337 2754; x_wconf 81' lang='lat' dir='ltr'>hominibus.</span> <span class='ocrx_word' id='word_1_272' title='bbox 2367 2701 2497 2754; x_wconf 88' lang='lat' dir='ltr'>Vide</span> <span class='ocrx_word' id='word_1_273' title='bbox 2534 2703 2643 2754; x_wconf 85' lang='lat' dir='ltr'>Cic.</span> <span class='ocrx_word' id='word_1_274' title='bbox 2684 2700 2753 2753; x_wconf 84' lang='lat' dir='ltr'>de</span> <span class='ocrx_word' id='word_1_275' title='bbox 2780 2703 2915 2770; x_wconf 69' lang='lat' dir='ltr'>Lege</span> 
     </span>
     <span class='ocr_line' id='line_1_50' title="bbox 1911 2778 2915 2851; baseline -0.003 -18"><span class='ocrx_word' id='word_1_276' title='bbox 1911 2784 2057 2834; x_wconf 73' lang='lat' dir='ltr'>Man.</span> <span class='ocrx_word' id='word_1_277' title='bbox 2073 2800 2120 2833; x_wconf 89' lang='lat' dir='ltr'>c.</span> <span class='ocrx_word' id='word_1_278' title='bbox 2148 2781 2235 2846; x_wconf 72' lang='lat'>¹4:</span> <span class='ocrx_word' id='word_1_279' title='bbox 2263 2805 2284 2826; x_wconf 87' lang='lat'>··</span> <span class='ocrx_word' id='word_1_280' title='bbox 2305 2778 2636 2851; x_wconf 75' lang='lat' dir='ltr'>(Pompeius)</span> <span class='ocrx_word' id='word_1_281' title='bbox 2661 2794 2915 2849; x_wconf 79' lang='lat' dir='ltr'>quantum</span> 
     </span>
     <span class='ocr_line' id='line_1_51' title="bbox 1919 2857 2917 2929; baseline 0.003 -24"><span class='ocrx_word' id='word_1_282' title='bbox 1919 2883 1941 2905; x_wconf 68' lang='grc' dir='ltr'>ι</span> <span class='ocrx_word' id='word_1_283' title='bbox 1962 2858 2169 2910; x_wconf 85' lang='lat' dir='ltr'>dicendi</span> <span class='ocrx_word' id='word_1_284' title='bbox 2192 2860 2444 2927; x_wconf 77' lang='lat' dir='ltr'>gravitate</span> <span class='ocrx_word' id='word_1_285' title='bbox 2467 2872 2520 2909; x_wconf 88' lang='lat' dir='ltr'>et</span> <span class='ocrx_word' id='word_1_286' title='bbox 2543 2859 2699 2929; x_wconf 80' lang='lat' dir='ltr'>copia</span> <span class='ocrx_word' id='word_1_287' title='bbox 2720 2857 2917 2921; x_wconf 70' lang='lat' dir='ltr'>valeat,</span> 
     </span>
     <span class='ocr_line' id='line_1_52' title="bbox 1917 2935 2915 3008; baseline 0.002 -24"><span class='ocrx_word' id='word_1_288' title='bbox 1917 2960 1940 2983; x_wconf 73' lang='grc' dir='ltr'>ι</span> <span class='ocrx_word' id='word_1_289' title='bbox 1961 2940 2019 3005; x_wconf 77' lang='lat' dir='ltr'>in</span> <span class='ocrx_word' id='word_1_290' title='bbox 2049 2955 2154 3007; x_wconf 90' lang='lat' dir='ltr'>quo</span> <span class='ocrx_word' id='word_1_291' title='bbox 2183 2939 2301 3008; x_wconf 84' lang='lat' dir='ltr'>ipso</span> <span class='ocrx_word' id='word_1_292' title='bbox 2325 2938 2459 2988; x_wconf 76' lang='lat' dir='ltr'>inest</span> <span class='ocrx_word' id='word_1_293' title='bbox 2483 2936 2722 3007; x_wconf 61' lang='lat' dir='ltr'>quiedam</span> <span class='ocrx_word' id='word_1_294' title='bbox 2745 2935 2915 3007; x_wconf 76' lang='lat' dir='ltr'>digni-</span> 
     </span>
     <span class='ocr_line' id='line_1_53' title="bbox 1919 3015 2915 3087; baseline -0.002 -20"><span class='ocrx_word' id='word_1_295' title='bbox 1919 3039 1941 3061; x_wconf 74' lang='grc' dir='ltr'><strong>α</strong></span> <span class='ocrx_word' id='word_1_296' title='bbox 1962 3030 2040 3067; x_wconf 76' lang='lat' dir='ltr'>tas</span> <span class='ocrx_word' id='word_1_297' title='bbox 2073 3015 2432 3087; x_wconf 78' lang='lat' dir='ltr'>imperatoria,</span> <span class='ocrx_word' id='word_1_298' title='bbox 2468 3034 2621 3067; x_wconf 81' lang='lat' dir='ltr'>vos...</span> <span class='ocrx_word' id='word_1_299' title='bbox 2651 3034 2791 3087; x_wconf 77' lang='lat' dir='ltr'>saepe</span> <span class='ocrx_word' id='word_1_300' title='bbox 2821 3033 2915 3067; x_wconf 91' lang='lat' dir='ltr'>co-</span> 
     </span>
     <span class='ocr_line' id='line_1_54' title="bbox 1919 3091 2917 3162; baseline 0.003 -22"><span class='ocrx_word' id='word_1_301' title='bbox 1919 3116 1942 3140; x_wconf 78' lang='lat'>«</span> <span class='ocrx_word' id='word_1_302' title='bbox 1961 3095 2182 3162; x_wconf 74' lang='lat' dir='ltr'>gnostis.</span> <span class='ocrx_word' id='word_1_303' title='bbox 2207 3116 2227 3139; x_wconf 71' lang='grc' dir='ltr'><strong>ι</strong></span> <span class='ocrx_word' id='word_1_304' title='bbox 2252 3091 2385 3143; x_wconf 85' lang='lat' dir='ltr'>Vide</span> <span class='ocrx_word' id='word_1_305' title='bbox 2410 3106 2462 3145; x_wconf 87' lang='lat' dir='ltr'>et</span> <span class='ocrx_word' id='word_1_306' title='bbox 2486 3092 2629 3145; x_wconf 83' lang='lat' dir='ltr'>dicta</span> <span class='ocrx_word' id='word_1_307' title='bbox 2665 3092 2821 3145; x_wconf 75' lang='lat' dir='ltr'>nobis</span> <span class='ocrx_word' id='word_1_308' title='bbox 2851 3091 2917 3144; x_wconf 75' lang='lat' dir='ltr'>ad.</span> 
     </span>
     <span class='ocr_line' id='line_1_55' title="bbox 1912 3162 2914 3237; baseline -0.001 -14"><span class='ocrx_word' id='word_1_309' title='bbox 1912 3174 2009 3235; x_wconf 82' lang='lat' dir='ltr'>ln,</span> <span class='ocrx_word' id='word_1_310' title='bbox 2043 3171 2106 3237; x_wconf 84' lang='grc'>8,</span> <span class='ocrx_word' id='word_1_311' title='bbox 2139 3169 2224 3222; x_wconf 86' lang='grc'>50.</span> <span class='ocrx_word' id='word_1_312' title='bbox 2264 3162 2469 3222; x_wconf 73' lang='lat' dir='ltr'>Laudes</span> <span class='ocrx_word' id='word_1_313' title='bbox 2506 3170 2624 3223; x_wconf 73' lang='lat' dir='ltr'>illas</span> <span class='ocrx_word' id='word_1_314' title='bbox 2659 3170 2914 3223; x_wconf 65' lang='lat' dir='ltr'>facundia</span> 
     </span>
     <span class='ocr_line' id='line_1_56' title="bbox 1913 3248 2912 3320; baseline 0 -19"><span class='ocrx_word' id='word_1_315' title='bbox 1913 3250 2271 3320; x_wconf 67' lang='lat' dir='ltr'>Pompeianae,</span> <span class='ocrx_word' id='word_1_316' title='bbox 2296 3251 2405 3300; x_wconf 82' lang='lat' dir='ltr'>Cic.</span> <span class='ocrx_word' id='word_1_317' title='bbox 2420 3286 2437 3314; x_wconf 84' lang='lat'>,</span> <span class='ocrx_word' id='word_1_318' title='bbox 2459 3268 2557 3320; x_wconf 85' lang='lat' dir='ltr'>pro</span> <span class='ocrx_word' id='word_1_319' title='bbox 2580 3248 2775 3314; x_wconf 84' lang='lat' dir='ltr'>Balbo,</span> <span class='ocrx_word' id='word_1_320' title='bbox 2793 3269 2841 3301; x_wconf 87' lang='lat' dir='ltr'>e.</span> <span class='ocrx_word' id='word_1_321' title='bbox 2870 3265 2912 3314; x_wconf 84' lang='grc' dir='ltr'>ι,</span> 
     </span>
     <span class='ocr_line' id='line_1_57' title="bbox 1912 3327 2916 3397; baseline -0.001 -17"><span class='ocrx_word' id='word_1_322' title='bbox 1912 3328 2111 3381; x_wconf 80' lang='lat' dir='ltr'>habere</span> <span class='ocrx_word' id='word_1_323' title='bbox 2144 3334 2306 3397; x_wconf 69' lang='lat' dir='ltr'>magis</span> <span class='ocrx_word' id='word_1_324' title='bbox 2339 3327 2558 3381; x_wconf 84' lang='lat' dir='ltr'>honoris</span> <span class='ocrx_word' id='word_1_325' title='bbox 2591 3329 2916 3380; x_wconf 74' lang='lat' dir='ltr'>testificatio—</span> 
     </span>
     <span class='ocr_line' id='line_1_58' title="bbox 1916 3405 2913 3477; baseline -0.001 -18"><span class='ocrx_word' id='word_1_326' title='bbox 1916 3426 2039 3459; x_wconf 87' lang='lat' dir='ltr'>nem</span> <span class='ocrx_word' id='word_1_327' title='bbox 2089 3424 2248 3477; x_wconf 76' lang='lat' dir='ltr'>quam</span> <span class='ocrx_word' id='word_1_328' title='bbox 2298 3408 2529 3458; x_wconf 79' lang='lat' dir='ltr'>veritatis</span> <span class='ocrx_word' id='word_1_329' title='bbox 2573 3405 2878 3476; x_wconf 74' lang='lat' dir='ltr'>religionem</span> <span class='ocrx_word' id='word_1_330' title='bbox 2897 3444 2913 3472; x_wconf 82' lang='lat'>,</span> 
     </span>
     <span class='ocr_line' id='line_1_59' title="bbox 1916 3484 2914 3556; baseline 0 -20"><span class='ocrx_word' id='word_1_331' title='bbox 1916 3485 2276 3556; x_wconf 83' lang='lat' dir='ltr'>unusquisque</span> <span class='ocrx_word' id='word_1_332' title='bbox 2299 3484 2560 3555; x_wconf 74' lang='lat' dir='ltr'>iutelligit.</span> <span class='ocrx_word' id='word_1_333' title='bbox 2579 3485 2712 3538; x_wconf 86' lang='lat' dir='ltr'>Vide</span> <span class='ocrx_word' id='word_1_334' title='bbox 2737 3500 2790 3538; x_wconf 86' lang='lat' dir='ltr'>et</span> <span class='ocrx_word' id='word_1_335' title='bbox 2808 3485 2914 3537; x_wconf 75' lang='lat' dir='ltr'>cic.</span> 
     </span>
     <span class='ocr_line' id='line_1_60' title="bbox 1916 3563 2921 3637; baseline 0.003 -23"><span class='ocrx_word' id='word_1_336' title='bbox 1916 3563 1983 3614; x_wconf 82' lang='lat' dir='ltr'>ad</span> <span class='ocrx_word' id='word_1_337' title='bbox 2004 3567 2110 3614; x_wconf 82' lang='lat' dir='ltr'>Att.</span> <span class='ocrx_word' id='word_1_338' title='bbox 2130 3566 2219 3614; x_wconf 83' lang='lat' dir='ltr'>vu</span> <span class='ocrx_word' id='word_1_339' title='bbox 2235 3601 2252 3625; x_wconf 94' lang='grc'>,</span> <span class='ocrx_word' id='word_1_340' title='bbox 2277 3580 2357 3634; x_wconf 83' lang='lat'>17,</span> <span class='ocrx_word' id='word_1_341' title='bbox 2378 3568 2469 3634; x_wconf 84' lang='lat' dir='ltr'>qui</span> <span class='ocrx_word' id='word_1_342' title='bbox 2489 3566 2709 3617; x_wconf 82' lang='lat' dir='ltr'>miratur</span> <span class='ocrx_word' id='word_1_343' title='bbox 2731 3568 2921 3637; x_wconf 78' lang='lat' dir='ltr'>episto-</span> 
     </span>
     <span class='ocr_line' id='line_1_61' title="bbox 1917 3642 2919 3697; baseline 0.004 -4"><span class='ocrx_word' id='word_1_344' title='bbox 1917 3642 1993 3695; x_wconf 80' lang='lat' dir='ltr'>las</span> <span class='ocrx_word' id='word_1_345' title='bbox 2024 3661 2146 3694; x_wconf 80' lang='lat' dir='ltr'>suas</span> <span class='ocrx_word' id='word_1_346' title='bbox 2177 3642 2290 3693; x_wconf 85' lang='lat' dir='ltr'>aliis</span> <span class='ocrx_word' id='word_1_347' title='bbox 2328 3643 2631 3695; x_wconf 74' lang='lat' dir='ltr'>scribendas</span> <span class='ocrx_word' id='word_1_348' title='bbox 2664 3644 2919 3697; x_wconf 76' lang='lat' dir='ltr'>mandan—</span> 
     </span>
     <span class='ocr_line' id='line_1_62' title="bbox 1916 3723 2919 3792; baseline 0.003 -20"><span class='ocrx_word' id='word_1_349' title='bbox 1916 3734 2021 3773; x_wconf 86' lang='lat' dir='ltr'>tem</span> <span class='ocrx_word' id='word_1_350' title='bbox 2034 3723 2357 3792; x_wconf 83' lang='lat' dir='ltr'>Pompeium.</span> <span class='ocrx_word' id='word_1_351' title='bbox 2371 3724 2451 3774; x_wconf 86' lang='lat' dir='ltr'>De</span> <span class='ocrx_word' id='word_1_352' title='bbox 2460 3724 2661 3775; x_wconf 81' lang='lat' dir='ltr'>Catone</span> <span class='ocrx_word' id='word_1_353' title='bbox 2670 3725 2919 3788; x_wconf 73' lang='lat' dir='ltr'>Uticensi,</span> 
     </span>
     <span class='ocr_line' id='line_1_63' title="bbox 1916 3800 2916 3874; baseline 0.007 -23"><span class='ocrx_word' id='word_1_354' title='bbox 1916 3800 2034 3851; x_wconf 78' lang='lat' dir='ltr'>vide</span> <span class='ocrx_word' id='word_1_355' title='bbox 2054 3803 2192 3865; x_wconf 62' lang='lat' dir='ltr'>Cic„</span> <span class='ocrx_word' id='word_1_356' title='bbox 2213 3803 2355 3852; x_wconf 82' lang='lat' dir='ltr'>Brut.</span> <span class='ocrx_word' id='word_1_357' title='bbox 2377 3822 2424 3853; x_wconf 90' lang='lat' dir='ltr'>c.</span> <span class='ocrx_word' id='word_1_358' title='bbox 2447 3802 2535 3868; x_wconf 84' lang='grc'>31,</span> <span class='ocrx_word' id='word_1_359' title='bbox 2560 3802 2785 3854; x_wconf 86' lang='lat' dir='ltr'>multum</span> <span class='ocrx_word' id='word_1_360' title='bbox 2805 3808 2916 3874; x_wconf 70' lang='lat' dir='ltr'>ejus</span> 
     </span>
     <span class='ocr_line' id='line_1_64' title="bbox 1919 3879 2496 3950; baseline 0.003 -19"><span class='ocrx_word' id='word_1_361' title='bbox 1919 3879 2134 3950; x_wconf 79' lang='lat' dir='ltr'>eloquio</span> <span class='ocrx_word' id='word_1_362' title='bbox 2165 3880 2496 3934; x_wconf 83' lang='lat' dir='ltr'>tribuentem.</span> 
     </span>
    </p>

    <p class='ocr_par' dir='ltr' id='par_1_14' title="bbox 1914 3959 2917 4193">
     <span class='ocr_line' id='line_1_65' title="bbox 1978 3959 2917 4033; baseline 0 -21"><span class='ocrx_word' id='word_1_363' title='bbox 1978 3975 2058 4012; x_wconf 81' lang='lat' dir='ltr'>to.</span> <span class='ocrx_word' id='word_1_364' title='bbox 2080 3959 2233 4011; x_wconf 82' lang='lat' dir='ltr'>Civili</span> <span class='ocrx_word' id='word_1_365' title='bbox 2250 3980 2301 4011; x_wconf 80' lang='lat' dir='ltr'>se</span> <span class='ocrx_word' id='word_1_366' title='bbox 2320 3961 2594 4031; x_wconf 70' lang='lat' dir='ltr'>interfecit.</span> <span class='ocrx_word' id='word_1_367' title='bbox 2610 3962 2651 4011; x_wconf 84' lang='lat' dir='ltr'>F</span> <span class='ocrx_word' id='word_1_368' title='bbox 2652 3961 2751 4014; x_wconf 85' lang='lat' dir='ltr'>lor.</span> <span class='ocrx_word' id='word_1_369' title='bbox 2773 3962 2825 4031; x_wconf 80' lang='lat' dir='ltr'>(a</span> <span class='ocrx_word' id='word_1_370' title='bbox 2838 3980 2917 4033; x_wconf 77' lang='lat' dir='ltr'>pr.</span> 
     </span>
     <span class='ocr_line' id='line_1_66' title="bbox 1915 4038 2917 4111; baseline 0.003 -23"><span class='ocrx_word' id='word_1_371' title='bbox 1915 4057 2075 4089; x_wconf 84' lang='lat' dir='ltr'>manu</span> <span class='ocrx_word' id='word_1_372' title='bbox 2095 4038 2115 4109; x_wconf 92' lang='lat'>)</span> <span class='ocrx_word' id='word_1_373' title='bbox 2163 4038 2329 4091; x_wconf 76' lang='lat' dir='ltr'>civile&#39;s</span> <span class='ocrx_word' id='word_1_374' title='bbox 2369 4053 2418 4092; x_wconf 86' lang='lat' dir='ltr'>et</span> <span class='ocrx_word' id='word_1_375' title='bbox 2459 4040 2716 4111; x_wconf 72' lang='lat' dir='ltr'>interfuit.</span> <span class='ocrx_word' id='word_1_376' title='bbox 2758 4042 2917 4095; x_wconf 63' lang='lat' dir='ltr'>CAD.</span> 
     </span>
     <span class='ocr_line' id='line_1_67' title="bbox 1914 4117 2767 4193; baseline 0.005 -24"><span class='ocrx_word' id='word_1_377' title='bbox 1914 4117 2078 4171; x_wconf 84' lang='lat' dir='ltr'>modo</span> <span class='ocrx_word' id='word_1_378' title='bbox 2109 4119 2151 4172; x_wconf 75' lang='lat' dir='ltr'>is</span> <span class='ocrx_word' id='word_1_379' title='bbox 2176 4119 2307 4173; x_wconf 75' lang='lat' dir='ltr'>dans</span> <span class='ocrx_word' id='word_1_380' title='bbox 2329 4138 2428 4192; x_wconf 83' lang='lat' dir='ltr'>pro</span> <span class='ocrx_word' id='word_1_381' title='bbox 2457 4119 2540 4172; x_wconf 74' lang='lat' dir='ltr'>hic</span> <span class='ocrx_word' id='word_1_382' title='bbox 2565 4119 2767 4193; x_wconf 72' lang='lat' dir='ltr'>placet.</span> 
     </span>
    </p>
   </div>
   <div class='ocr_carea' id='block_1_6' title="bbox 3154 9 3164 1776">
    <p class='ocr_par' dir='ltr' id='par_1_15' title="bbox 3154 9 3164 1776">
     <span class='ocr_line' id='line_1_68' title="bbox 3154 9 3164 1776; baseline 0 0"><span class='ocrx_word' id='word_1_383' title='bbox 3154 9 3164 1776; x_wconf 95' lang='lat' dir='ltr'> </span> 
     </span>
    </p>
   </div>
   <div class='ocr_carea' id='block_1_7' title="bbox 3154 2089 3164 4449">
    <p class='ocr_par' dir='ltr' id='par_1_16' title="bbox 3154 2089 3164 4449">
     <span class='ocr_line' id='line_1_69' title="bbox 3154 2089 3164 4449; baseline 0 0"><span class='ocrx_word' id='word_1_384' title='bbox 3154 2089 3164 4449; x_wconf 95' lang='lat' dir='ltr'> </span> 
     </span>
    </p>
   </div>
  </div>
 </body>
</html>
