3200 5159
779 512 909 592 406

1356 511 1451 574 Μ.
1489 507 1716 574 FABII
1752 507 2310 590 QUINTILIANI

781 633 1244 733 interrogant,
1280 632 1603 723 irrident,
1640 630 1954 704 elevant?
1985 629 2205 704 Aliter
2228 629 2428 702 enim
2461 629 2753 719 dicitur,
2784 632 2893 702 Tu

780 746 954 820 mihi
989 750 1446 850 quodcunque
1485 745 1618 819 hoc
1643 752 1840 845 requi
1857 776 1876 835 ;
1909 766 2013 835 et,
2046 746 2406 818 Cantando
2438 761 2509 817 tu
2546 745 2796 818 illum?
2837 767 2905 817 et

783 866 980 937 Tune
1009 864 1123 936 ille
1148 863 1448 936 AEneas?
1474 883 1573 953 ct,
1600 866 1857 965 Meque
1886 867 2148 938 timoris
2176 864 2417 962 Aryue
2448 878 2552 948 tu,
2583 864 2902 935 Drance:

780 1001 880 1069 et,
912 1007 1001 1051 ne
1032 1007 1300 1068 morer,
1337 978 1521 1052 intra
1549 1005 1622 1050 se
1647 980 1944 1078 quisque
1974 978 2081 1050 vel
2107 979 2277 1067 hoc,
2311 977 2418 1050 vel
2445 978 2677 1065 aliud,
2708 977 2903 1076 qood

776 1093 992 1185 volet,
1036 1121 1158 1195 per
1186 1121 1435 1167 omnes
1463 1095 1754 1166 affectus
1785 1115 2039 1183 verset3
2071 1120 2318 1167 verum
2347 1120 2527 1180 esse,
2566 1094 2760 1193 quod
2800 1093 2899 1165 di-

642 1233 738 1287 ι77
778 1211 1038 1300 cimus»,
1079 1210 1268 1282 sciet.
1312 1213 1561 1283 Unum
1593 1209 1746 1310 jam
1790 1209 1897 1281 his
1949 1208 2435 1308 adjiciendum
2479 1229 2620 1298 est,
2669 1236 2896 1306 quum

777 1326 1127 1425 praecipue
1157 1325 1234 1396 in
1279 1325 1548 1397 actione
1587 1346 1934 1424 spectetur
1963 1324 2171 1397 decor
2193 1340 2243 1414 ¹,
2279 1350 2458 1424 saepe
2493 1323 2690 1396 aliud
2724 1323 2900 1397 alios

777 1442 1057 1514 decere:
1093 1462 1190 1514 est
1213 1441 1408 1511 enim
1435 1440 1659 1513 latens
1689 1441 2014 1538 quaedam
2041 1441 2116 1511 in
2139 1440 2275 1512 hoc
2295 1439 2466 1511 ratio
2484 1496 2503 1528 ‚
2529 1462 2601 1512 et
2625 1440 2898 1512 inenar-

778 1556 1052 1644 rabilis;
1094 1577 1164 1629 et
1199 1578 1274 1629 ut
1300 1582 1456 1628 vere
1490 1555 1623 1628 hoc
1651 1555 1922 1628 dictum
1964 1576 2099 1645 est,
2131 1570 2392 1654 caput²
2423 1552 2625 1642 esse3,
2661 1557 2899 1626 decere

775 1672 966 1772 quod
1000 1674 1219 1765 facias
1231 1704 1256 1757 ,·
1300 1673 1394 1744 ita
1435 1672 1506 1742 id
1550 1697 1779 1769 neque
1810 1672 1958 1742 sine
1994 1692 2135 1742 arte
2179 1697 2358 1759 esse,
2395 1697 2626 1771 neque
2665 1691 2896 1743 totum

641 1802 738 1871 178
775 1807 917 1860 arte
968 1787 1145 1859 tradi
1194 1808 1440 1887 potest.
1487 1789 1568 1858 In
1619 1785 2050 1886 quibusdam
2105 1786 2386 1857 virtutes
2428 1812 2572 1857 non
2630 1784 2899 1857 habent

775 1902 1108 2003 gratiam,
1139 1904 1211 1975 in
1243 1902 1672 2002 quibusdam
1698 1903 1863 1975 vitia
1898 1902 2047 2001 ipsa
2098 1900 2506 1974 delectant‘h
2541 1902 2893 1976 Maximus

774 2040 1036 2092 actores
1068 2019 1573 2093 comoediarum
1600 2078 1619 2108 ‚
1650 2017 2135 2090 Demetrium⁵
2172 2041 2242 2091 et
2277 2016 2654 2090 Stratoclea
2667 2015 2722 2108 ⁶,
2759 2017 2897 2116 pla·

775 2162 928 2208 cere
971 2136 1257 2209 diversis
1299 2136 1678 2209 virtutibus
1705 2137 2049 2210 vidimus:
2096 2137 2217 2209 sed
2259 2137 2442 2210 illud
2475 2137 2714 2209 minus
2749 2138 2893 2210 mi-

772 2323 914 2376 Flor.
934 2324 1112 2399 Argue
1129 2327 1321 2376 omittit
1340 2324 1516 2378 Guelf.
1537 2326 1784 2389 Drances,

773 2406 934 2455 Ceut.
951 2404 1022 2455 Et
1039 2423 1190 2456 nemo
1206 2424 1370 2456 renam
1386 2406 1525 2456 intra
1539 2404 1784 2476 quisque,

772 2484 950 2534 Turio.
968 2482 1107 2535 Flor.
1129 2485 1203 2534 Et
1219 2503 1371 2538 nemo
1391 2502 1564 2536 rerum
1589 2484 1625 2534 i.
1648 2502 1686 2536 ε.
1711 2501 1785 2556 q.,

773 2561 957 2614 Ambr.
977 2579 1004 2613 α
1020 2600 1036 2626 .,
1052 2580 1173 2613 cum
1192 2564 1341 2614 Bern.
1359 2565 1431 2614 Et
1445 2581 1599 2614 nemo
1619 2580 1788 2614 rerum

776 2642 917 2692 inter
940 2659 979 2693 s.
1013 2661 1097 2714 q.‚
1131 2642 1307 2694 Guelf.
1343 2642 1417 2692 Et
1438 2660 1504 2691 ne
1527 2660 1793 2694 moremur

776 2720 813 2769 i.
834 2736 874 2769 s.
899 2735 981 2790 φ,
1003 2721 1158 2770 Voss.
1182 2718 1231 2769 3.
1268 2718 1355 2770 Ho
1380 2718 1490 2784 vel,
1522 2719 1704 2770 Ambr.
1736 2737 1785 2771 2.

775 2799 951 2849 Homo
972 2796 1080 2864 vel,
1100 2799 1278 2850 Guelf.
1300 2799 1406 2851 Per
1424 2800 1622 2865 omnis,
1644 2799 1785 2852 Flor.

776 2877 958 2930 Ambr.
988 2895 1035 2929 2.
1530 2881 1541 2892 '

854 2975 897 3010 1.
924 2958 1118 3018 Decor,-
1153 2959 1229 3008 sic
1252 2958 1428 3009 Tui-ic.
1455 2957 1594 3009 Flor.
1621 2960 1783 3011 Cim.

775 3055 897 3089 cum
933 3036 1069 3089 Alm.
1110 3036 1398 3103 Decorum,
1434 3036 1656 3108 reliqui,
1686 3039 1788 3090 nisi

775 3115 922 3188 quod
947 3117 1160 3168 deorum·
1175 3117 1320 3167 Jens.
1345 3116 1576 3187 (tacente
1599 3116 1788 3188 Geso.)

772 3200 927 3249 Tarv.
942 3196 1085 3267 quod
1103 3195 1402 3248 inveniebat
1413 3198 1627 3266 Regius.
1641 3196 1789 3250 Alios

774 3277 1038 3342 decedere,
1054 3276 1229 3328 Tun-ic.
1247 3276 1644 3329 Pion—Nostri
1658 3277 1788 3330 dant

776 3355 865 3408 alii
887 3356 1055 3419 decor,
1084 3353 1173 3407 alii
1194 3355 1455 3407 decorum.
1481 3356 1576 3408 En.
1594 3385 1662 3393 ——
1680 3356 1787 3407 De-

775 3452 879 3488 cor.
904 3434 1038 3486 Vide
1062 3435 1164 3500 XI,
1196 3449 1241 3498 1,
1267 3433 1355 3501 4¹·

849 3529 897 3563 α.
932 3513 1100 3583 Caput
1129 3529 1261 3575 esse,
1296 3510 1490 3563 decere.
1516 3511 1650 3563 Vide
1675 3512 1784 3564 Cic.

774 3590 843 3643 de
878 3593 1027 3644 Oret.
1058 3593 1113 3657 1,
1151 3611 1236 3661 ²9·
1277 3593 1403 3644 Mox
1441 3592 1587 3662 quod
1620 3603 1790 3663 potest

773 3670 1041 3724 Gesnerus
1064 3670 1378 3722 mutandum
1407 3686 1587 3724 censet
1609 3673 1787 3725 infini-

774 3752 885 3802 tivo
899 3769 1067 3821 posse,
1091 3769 1201 3802 non
1220 3749 1503 3821 persuadet
1519 3751 1663 3803 mihi.
1681 3754 1790 3825 op-

772 3842 1052 3900 ponuntur
1073 3828 1187 3880 hoec
1212 3847 1389 3881 verum
1415 3842 1487 3881 est
1504 3843 1664 3903 caput
1687 3851 1788 3884 esse

776 3906 949 3958 decere
977 3920 1031 3958 et
1065 3910 1247 3982 nequit
1281 3910 1392 3962 sine
1425 3921 1536 3962 arte
1566 3927 1667 3962 esse
1692 3921 1789 3961 aut

778 3997 946 4038 totum
974 3998 1086 4042 arte
1109 3988 1260 4042 tradi.
1288 3989 1345 4042 ld
1369 3991 1542 4061 ipsum
1567 4004 1789 4062 apparet

775 4067 959 4137 positu
976 4066 1207 4118 adverbii
1223 4081 1306 4135 ut,
1329 4069 1477 4141 quod
1496 4072 1549 4121 in
1567 4072 1789 4124 Gesneri

777 4144 982 4195 ratione
1016 4146 1152 4197 inter
1182 4159 1257 4201 est
1291 4161 1344 4199 et
1380 4160 1543 4219 caput
1572 4148 1788 4203 demum

776 4223 908 4293 poni
935 4220 1182 4276 debebat.

1939 2328 1989 2379 3.
2015 2326 2164 2391 Esse,
2198 2327 2402 2387 decere3
2440 2326 2516 2376 sic
2538 2326 2719 2377 Turic-
2751 2324 2890 2395 (nisi

1869 2404 2013 2475 quod
2056 2406 2232 2476 capud
2269 2404 2434 2456 modo
2450 2442 2468 2470 .,
2511 2417 2563 2456 et
2609 2403 2889 2473 decedere)

1867 2485 2007 2536 Flor.
2043 2483 2205 2536 Cain».
2242 2501 2366 2535 cum
2400 2483 2537 2535 Alm.
2559 2483 2714 2535 Artis
2747 2486 2894 2536 inse·

1869 2576 1993 2614 runt
2013 2561 2221 2632 reliqui.
2244 2560 2469 2634 Sedqut'
2489 2575 2610 2633 post
2633 2563 2778 2634 quod
2798 2562 2894 2614 ad·

1867 2641 1946 2692 dit
1971 2639 2107 2692 male
2128 2641 2291 2692 Cnn.
2316 2641 2426 2692 Ista
2448 2640 2531 2705 id,
2549 2642 2725 2693 Tun-ic.
2745 2640 2891 2694 Flor.

1865 2720 1936 2771 Id
1956 2721 2058 2786 ita,
2082 2719 2246 2771 Goth.
2268 2721 2413 2772 Jene.
2438 2718 2671 2790 (tacente
2691 2719 2889 2792 Geso.)

1868 2819 1991 2852 cum
2020 2800 2140 2853 edd.
2177 2814 2300 2853 ante
2324 2799 2446 2853 Ald.
2463 2830 2536 2840 -—
2552 2802 2736 2853 Nostri
2763 2814 2893 2871 post

1867 2899 1968 2933 esse
1996 2882 2237 2934 inserunt
2257 2883 2400 2934 artis.
2428 2881 2523 2931 En.

1939 2960 1990 3025 4.
2020 2958 2313 3011 Delectant.
2341 2960 2552 3024 Turio„
2580 2957 2891 3011 delectatur.

1867 3036 2035 3088 Modo
2062 3037 2117 3088 in
2143 3038 2332 3108 quibus
2357 3039 2486 3091 vitia
2503 3077 2520 3105 ,
2548 3038 2728 3091 Flora.
2754 3039 2892 3094 San·

1869 3126 1973 3166 ten.
2005 3135 2103 3187 per
2130 3134 2379 3168 errorem.
2413 3117 2690 3184 ductores,
2715 3116 2883 3169 CAR!-

1867 3212 1992 3245 cum
2017 3195 2164 3245 Jens.
2189 3195 2344 3246 Tarv-

1938 3273 1991 3326 5.
2026 3273 2352 3328 Demea-ium
2385 3285 2440 3326 et
2466 3272 2776 3328 Stratoclea.
2810 3276 2891 3327 De

1866 3351 1949 3403 his
1970 3351 2182 3423 quidem
2208 3353 2481 3406 actoribus
2503 3354 2727 3406 scenicis
2752 3352 2885 3406 nihil

1866 3445 2121 3502 praeterea
2147 3434 2405 3503 comperi.

1937 3512 1989 3564 6.
2010 3510 2329 3571 Stratoclea3
2350 3514 2424 3564 sic
2444 3513 2718 3564 Tur-icens.
2738 3511 2882 3565 Flor.

1866 3589 2047 3642 Ambr.
2069 3607 2098 3640 2
2111 3628 2127 3654 .‚
2146 3590 2324 3642 Guelf.
2346 3585 2596 3661 (quot-usu
2620 3589 2733 3642 duo
2752 3609 2886 3661 pos-

1869 3670 2020 3721 tremi
2040 3671 2291 3721 omittunt
2313 3669 2386 3740 et)
2406 3689 2528 3722 cum
2547 3669 2711 3722 Goth.
2729 3673 2885 3723 Voss.

1874 3767 1920 3814 t,
1958 3769 2014 3816 2,
2048 3753 2111 3816 3,
2149 3751 2296 3804 Bodl.
2332 3752 2496 3804 Andr.
2535 3751 2884 3818 scrutantem,

1866 3830 2227 3903 reliqui.Vide
2259 3835 2348 3900 lv,
2382 3851 2428 3900 ι,
2459 3847 2554 3903 77;
2592 3835 2718 3885 item
2751 3834 2882 3898 XII,

1875 3930 1965 3978 ιο,
2007 3915 2089 3981 24.
2135 3914 2475 3978 Vidissemug
2518 3912 2698 3964 Turio.
2735 3911 2878 3965 Flor.

1867 3993 2008 4061 Quid
2032 3992 2220 4056 lateat,
2240 4013 2350 4045 non
2370 4006 2597 4063 exput03
2623 3993 2722 4045 uisi
2741 3992 2883 4046 forto

1870 4071 2138 4124 turbatum
2185 4074 2288 4125 fuit
2331 4072 2470 4124 male
2514 4073 2884 4125 continuando

1870 4151 1979 4203 vidi
2006 4151 2095 4203 sed
2127 4149 2265 4203 illud
2295 4153 2485 4204 minus.
2515 4150 2710 4219 Goth.‚
2737 4152 2883 4205 vide-

1867 4248 2011 4292 mus,
2047 4233 2134 4284 cui
2164 4231 2340 4284 obstat
2376 4250 2502 4283 mox
2534 4242 2662 4283 erat.
2696 4231 2882 4286 Amhr.
