3200 5159
662 465 1317 536 INSTrrU‘rlole
1355 469 1613 536 oRA'r.
1655 455 1816 537 Lm.
1856 471 2015 551 xn,
2065 496 2162 537 10.

2335 469 2458 555 537

364 610 643 662 necesse
672 590 758 663 sit
781 594 1180 683 transferre,
1214 613 1337 666 aut
1364 594 1776 683 circumire3
1817 595 2024 667 etiam
2057 596 2127 667 in
2159 594 2271 685 iis,
2307 620 2460 691 quae

364 701 814 780 denominata
858 729 1021 780 sunt
1049 723 1098 797 ¹,
1158 734 1439 781 summa
1486 732 1861 809 paupertas
1917 712 1990 782 in
2039 711 2282 784 eadem
2335 735 2463 779 nos

361 819 925 919 frequentissime
969 824 1296 898 revolvit:
1347 847 1418 898 at
1447 826 1582 899 illis
1623 855 1766 899 non
1804 828 2174 901 verborum
2205 825 2418 899 modo
2442 882 2461 915 ‚

364 934 486 1007 sed
523 937 925 1039 linguarum
970 941 1180 1014 etiam
1228 941 1410 1015 inter
1445 970 1516 1015 se
1568 943 2046 1015 differentium
2096 942 2295 1042 copia
2345 961 2465 1012 est.

364 1051 647 1142 Quare²
697 1056 819 1154 qui
861 1084 905 1129 a
939 1060 1207 1132 Latinis
1247 1058 1521 1159 exiget³
1565 1047 1760 1133 illarn
1801 1061 2092 1160 gratiam
2127 1058 2467 1161 sermonis
2493 1062 2564 1119 35

363 1169 575 1259 attici,
600 1170 716 1244 det
742 1173 919 1246 mihi
948 1174 1019 1246 in
1052 1175 1446 1275 eloquendo
1472 1177 1798 1249 eamdem
1828 1177 2366 1278 jucunditatem,
2398 1195 2468 1246 et

363 1312 605 1384 parem
640 1289 912 1388 copiam
944 1318 958 1363 :
992 1293 1183 1391 quod
1212 1293 1267 1364 si
1297 1315 1639 1392 negatum
1670 1315 1802 1384 est,
1841 1289 2259 1366 sententias4
2285 1312 2468 1390 apta·

362 1396 600 1473 bimus
623 1400 710 1474 iis
733 1404 1051 1497 vocibuS,
1077 1433 1252 1506 quas
1284 1407 1661 1498 habemus,
1689 1435 1821 1482 nec
1854 1435 2087 1481 rerum
2107 1406 2132 1453 ⁵
2166 1406 2466 1478 nimiam

364 1515 778 1590 tenuitatem
807 1575 827 1607 ‚
878 1541 956 1592 ut
1000 1548 1144 1594 non
1198 1522 1426 1595 dicam
1479 1523 1967 1623 pinguioribus
1996 1580 2015 1612 ‚
2071 1521 2469 1594 fortioribus
2507 1527 2512 1533 ’

363 1650 548 1703 certe
580 1633 804 1707 verbis
835 1636 1326 1729 miscebimuS,
1364 1666 1453 1711 ne
1482 1639 1699 1713 virtus
1733 1659 2025 1738 utraque
2052 1657 2287 1737 pereat
2320 1636 2467 1736 ipsa

366 1747 800 1821 confusione.
853 1753 1034 1824 Nam
1087 1781 1227 1852 quo
1275 1755 1514 1827 minus
1559 1754 1839 1856 adjuvat
1883 1752 2182 1842 sermo‘3,
2233 1780 2464 1825 rerum
2501 1758 2570 1812 36

364 1952 594 2021 minata,
614 1955 887 2012 Turicens.
912 1962 1049 2015 Flor.
1076 1964 1373 2032 Damnata,

362 2029 506 2083 Jens.
531 2032 771 2104 (tacente
792 2041 988 2113 Gesn.)
1010 2056 1063 2095 et
1084 2057 1226 2115 post.
1252 2056 1375 2096 ante

364 2108 484 2161 Ald.
515 2113 921 2188 Differentiam,
942 2122 1083 2174 Flor-

444 2206 488 2242 1.
532 2192 660 2262 Quoe
695 2195 1032 2253 denominata
1062 2212 1200 2254 sunt.
1240 2201 1374 2255 Vide

366 2269 510 2360 ,vm’
542 2288 601 2338 2,
647 2273 698 2341 4.
746 2278 886 2331 Male
912 2280 1129 2333 Gesner.
1170 2280 1377 2334 videtur

363 2348 680 2409 intellexisse
714 2356 782 2409 de
813 2358 1082 2433 adjectivis
1106 2381 1137 2412 a
1164 2364 1378 2414 nomine

362 2426 593 2516 άξβεπίε.
631 2434 735 2487 Sed
763 2436 905 2490 bona
935 2439 1172 2511 exempla
1198 2443 1377 2512 posuit

365 2509 627 2597 ejusmodi
646 2517 811 2587 copiae
829 2517 1209 2571 vocabulorum
1233 2521 1376 2572 Lati-

368 2602 450 2637 ms
473 2603 674 2658 negatae
699 2612 729 2646 e
755 2595 890 2648 Xen.
919 2599 1078 2649 Mem.
1104 2598 1249 2651 Socr.
1280 2600 1377 2665 ΠΙ,

378 2683 433 2734 ι,
455 2667 519 2730 6;
542 2683 596 2721 et
618 2672 716 2739 111,
744 2672 806 2738 3,
830 2693 881 2745 9.

442 2765 488 2800 2.
521 2750 746 2820 Quare...
769 2754 980 2808 latinis.
996 2758 1174 2809 Turic.
1201 2756 1341 2809 Flor.
1359 2794 1377 2821 ‚

367 2847 530 2899 quare
550 2830 725 2905 aliqui
758 2833 998 2903 lationis,
1038 2858 1161 2891 cum
1184 2837 1374 2891 Almel.

374 2906 435 2976 Q.
456 2909 547 2980 qui
569 2908 776 2977 latinis,
803 2912 940 2966 vall.
967 2918 1202 2989 Apparet
1225 2915 1379 2988 sylla·-

368 2984 464 3037 bns
485 2987 564 3040 ali
588 2992 641 3041 in
658 3005 985 3047 vetustorum
1011 2999 1270 3068 scriptura
1288 3016 1380 3047 na·

372 3078 451 3118 tas
467 3084 531 3118 ex
553 3067 644 3120 illo
658 3074 749 3134 at,
773 3072 966 3142 quibus
985 3077 1200 3127 remotis
1216 3094 1380 3128 rema·

370 3159 462 3198 net
485 3149 739 3220 scriptura
770 3152 880 3204 fere
902 3152 1186 3218 Vassensis,
1221 3172 1380 3225 quam

372 3244 481 3278 non
511 3244 705 3299 sequor
745 3241 949 3295 tamen,
991 3232 1115 3284 licet
1143 3231 1381 3303 exempla

374 3302 491 3355 talis
501 3318 771 3359 structurae
782 3308 945 3361 lexica
962 3310 1117 3363 nobis
1133 3312 1378 3362 offerant.

443 3382 494 3434 3.
525 3383 729 3460 Exiget.
754 3387 916 3439 Qu».
941 3387 1171 3440 Gothan.
1208 3389 1347 3440 Jens.
1366 3428 1381 3454 ,

370 3459 561 3536 exigit,
585 3463 716 3533 (tac.
747 3466 940 3538 Gesn.)
963 3485 1086 3519 cum
1110 3467 1230 3520 edd.
1258 3481 1381 3520 ante

370 3537 539 3591 Stoer.
580 3542 863 3614 Loqttendo
883 3582 902 3610 ‚
941 3547 1212 3598 Turicens.
1238 3546 1378 3598 Flor.

369 3619 642 3673 Guelferb.
668 3621 827 3674 Goth.
853 3624 996 3675 Jens.
1023 3629 1159 3692 (tac.
1185 3624 1383 3696 Gesn.)

371 3716 499 3749 cum
524 3698 670 3752 editt.
696 3715 818 3753 ante
850 3701 1004 3754 Basil.
1043 3721 1153 3755 acc.
1180 3701 1380 3775 Gryph.

381 3778 532 3846 1544.
550 3780 689 3833 Infra
719 3780 763 3853 ς.
786 3784 882 3851 39,
905 3783 1142 3835 eamdem
1161 3785 1383 3837 varieta-

373 3874 480 3913 tem
514 3859 751 3933 praebent
777 3862 917 3915 Flor.
942 3864 1118 3919 Guelf.
1149 3863 1379 3917 Gothan.

372 3939 537 3992 Cant.
564 3959 684 3993 cum
709 3946 863 3995 Voss.
888 3961 907 3996 ι
926 3983 943 4010 ,
985 3962 1041 4008 2,
1067 3945 1128 4009 3,
1159 3958 1211 3996 et
1235 3944 1384 3997 editt.

377 4030 500 4068 ante
519 4017 637 4071 Ald.
654 4038 766 4072 acc.
789 4020 914 4073 Bad.
933 4021 1107 4074 Colin.
1127 4021 1229 4076 Sed
1249 4022 1383 4095 eloq.

374 4113 557 4147 verum
575 4097 885 4170 utrobique,
906 4101 1041 4152 sicut
1057 4119 1216 4173 supra
1233 4100 1277 4173 ς.
1298 4119 1384 4171 27,

377 4184 431 4226 et
453 4173 587 4226 vm.
613 4176 730 4226 Pro.
766 4193 857 4245 17,
886 4191 941 4230 et
963 4177 1075 4232 aliis
1099 4178 1260 4248 locis,
1294 4179 1387 4233 ubi

1456 1962 1603 2015 nulla
1618 1965 1858 2016 varietas.
1872 1991 1941 2003 -—
1952 1962 2136 2014 Nostri
2151 1958 2345 2024 Codd.‚
2364 1959 2473 2009 exi-

1451 2054 1558 2117 get,
1576 2056 1800 2116 excepto
1811 2045 1872 2095 R.
1886 2060 1902 2093 1
1912 2058 1965 2109 0,
1979 2043 2068 2112 qui
2082 2040 2259 2111 exiqit.
2272 2040 2469 2093 Omnes

1456 2123 1734 2197 loquendo.
1755 2124 1849 2173 En.

1527 2203 1578 2271 4.
1613 2202 1922 2257 Sententias.
1966 2199 2176 2251 Habent
2208 2197 2471 2250 sententiis

1455 2284 1634 2335 Turio.
1649 2281 1791 2334 Flor.
1805 2280 2143 2351 Aptavimus,
2160 2276 2336 2327 Turio.
2354 2273 2469 2340 His,

1455 2361 1632 2416 Guelf.
1654 2359 1814 2414 Goth.
1840 2359 1976 2429 (tac.
1997 2355 2189 2423 Gesn.)
2204 2352 2257 2404 V
2251 2352 2468 2418 ecimus,

1455 2442 1632 2493 Turio.
1659 2434 1730 2493 Et
1766 2458 1872 2493 non
1906 2438 2106 2503 dicam,
2135 2434 2313 2485 Turio.
2342 2433 2471 2483 For-

1458 2521 1668 2574 tior-ibus
1688 2539 1793 2573 om.
1822 2520 1997 2571 Turic.
2024 2515 2162 2568 Flor.
2190 2532 2311 2566 cum
2331 2511 2466 2564 Alm.

1530 2597 1580 2652 5.
1611 2599 1722 2651 Nec
1750 2616 1920 2650 reram
1925 2634 2038 2648 ......
2074 2596 2185 2667 ipsa
2212 2592 2472 2664 confusio-

1458 2698 1540 2731 ne.
1564 2680 1735 2732 Latini
1758 2678 1978 2751 penuria
2001 2675 2340 2747 propriorum
2355 2689 2471 2723 ver-

1458 2757 1651 2810 borum
1677 2757 1939 2809 translatis
1959 2757 2069 2807 fere
2092 2767 2145 2806 et
2160 2750 2470 2804 fortioribus

1459 2851 1510 2890 et
1526 2851 1729 2889 tantum
1747 2854 1855 2887 non
1875 2833 2161 2907 pinguibus
2186 2833 2263 2883 uti
2278 2849 2475 2902 cogun-

1458 2930 1560 2967 tur.
1600 2917 1693 2967 His
1715 2917 1896 2985 itaque
1935 2915 1977 2965 si
2010 2930 2093 2963 res
2118 2924 2171 2962 et
2200 2911 2470 2961 senteutiae

1459 2997 1679 3047 nimium
1717 3008 1900 3046 tenues
1929 2992 2303 3065 proferantur,
2342 3007 2473 3040 con-

1459 3075 1600 3126 fusio
1618 3073 1855 3144 quaedam
1872 3075 2096 3136 oriatur,
2122 3088 2223 3143 qua
2245 3083 2471 3142 utraque

1459 3154 1624 3204 virtus
1640 3190 1657 3217 ‚
1704 3167 1755 3204 et
1787 3151 2085 3224 proprietas
2121 3148 2377 3200 sermonis
2419 3160 2472 3198 et

1460 3228 1675 3302 pondus
1695 3230 2069 3281 sententiarum
2092 3240 2290 3298 pereat.

1532 3308 1583 3360 6.
1620 3308 1852 3379 Adiuvat
1879 3324 2058 3359 sermo.
2100 3305 2276 3356 Turio.
2300 3303 2438 3356 Flor.
2455 3342 2472 3370 ‚

1461 3388 1773 3461 adjutoriam
1798 3405 1993 3451 sermo,
2018 3405 2139 3437 cum
2154 3383 2341 3436 Almei.
2368 3387 2478 3434 Ve-

1462 3486 1582 3520 reor
1619 3487 1685 3520 ne
1724 3485 1831 3518 non
1871 3480 2066 3518 temere
2109 3477 2179 3515 ita
2213 3476 2475 3523 venetum

1463 3565 1585 3599 nam
1609 3546 1858 3617 adjutoris
1872 3559 1923 3598 et
1943 3544 2191 3617 aajutorii
2203 3541 2473 3594 vocabulis

1464 3628 1655 3697 saepius
1682 3627 1848 3677 utitur
1870 3625 2053 3692 Quint.
2090 3622 2194 3674 Sed
2229 3619 2358 3672 nihil
2381 3639 2474 3671 ex-

1464 3705 1708 3777 sculpere
1745 3724 1965 3776 possum
1996 3702 2138 3775 quod
2163 3713 2383 3771 receptae
2409 3702 2474 3750 sit

1461 3785 1878 3857 praeferendum:
1902 3797 1959 3836 ut
1986 3786 2029 3835 si
2046 3803 2110 3835 ne
2125 3780 2351 3835 litterula
2369 3782 2482 3853 qui-

1464 3863 1586 3916 dem
1617 3878 1817 3916 mutata
1845 3881 2100 3935 ponerem
2127 3884 2138 3912 :
2168 3862 2343 3911 «Nam
2368 3876 2475 3931 quo

1473 3965 1495 3990 ο
1517 3948 1691 3997 minus
1715 3943 1927 4016 adjutor
1942 3947 2051 4013 jam
2077 3959 2249 3992 sermo
2271 3961 2283 3990 z
2312 3963 2334 3986 ι
2379 3940 2478 3990 nisi

1466 4024 1755 4095 adjutorem
1770 4042 1870 4076 esse
1893 4021 2080 4073 melius
2104 4021 2241 4071 forte
2262 4016 2483 4070 faculta-

1468 4115 1575 4154 tem
1588 4100 1876 4171 adjuvandi
1898 4102 2166 4173 exprimit,
2192 4116 2347 4170 quam
2367 4117 2483 4150 ver-

1467 4180 1596 4252 bum
1620 4179 1812 4235 solum.
1849 4178 1953 4235 sed
1976 4181 2090 4234 istis
2115 4198 2227 4232 non
2250 4177 2482 4232 confido.
