3200 5159
787 455 909 539 174

1349 452 1442 514 M.
1483 453 1709 515 FABll
1749 451 2310 535 QUINTILIAM

781 574 1071 675 genium
1097 587 1144 662 ¹,
1179 573 1317 645 acri
1358 573 1590 646 studio
1626 573 1905 673 adjutus
1947 594 2224 647 tantum
2269 596 2767 673 consequatur,
2800 594 2880 648 ut

781 691 887 763 ei²
935 712 1080 762 tam
1106 718 1261 790 quae
1286 690 1633 788 cogitarit,
1665 716 1881 788 quam
1913 688 2112 795 quaess’
2139 688 2480 788 scripserit
2502 711 2712 786 atque
2744 692 2881 762 edi-

782 805 1096 895 dicerit⁴‚
1121 808 1194 877 in
1220 806 1520 878 dicendo
1553 807 1766 876 fidem
1798 826 2091 894 servent.
2129 806 2371 877 Cicero
2396 826 2577 876 certe
2611 808 2881 877 Graeco-

781 949 943 994 rum
971 923 1454 994 Metrodorum
1485 921 1848 1020 Scepsium
1869 919 1893 965 ⁵
1921 942 1989 992 et
2015 921 2404 1020 Empylum
2423 919 2453 965 ⁶
2481 922 2881 1009 Rhodium,

782 1102 890 1156 quo
916 1101 1163 1156 expresso
1193 1103 1328 1155 opus
1359 1098 1502 1150 erat,
1521 1082 1665 1136 velut
1688 1086 1758 1134 Vl
1774 1121 1790 1148 ,

780 1163 814 1215 3
834 1202 851 1229 ‚
890 1165 975 1218 51.
1015 1166 1124 1216 Erit
1160 1166 1319 1233 igitur
1358 1176 1538 1215 nostro
1577 1162 1793 1233 quidem

781 1239 903 1292 loeo
931 1242 1003 1294 vis
1022 1240 1110 1293 illa
1130 1261 1158 1292 e
1181 1241 1442 1312 prioribus
1468 1242 1571 1293 huc
1599 1260 1792 1292 vocan-

782 1320 850 1372 da
880 1322 933 1372 in
963 1319 1128 1371 altero
1142 1317 1385 1393 facilitas
1403 1319 1789 1392 extemporalis.

778 1402 856 1453 lta
881 1399 1035 1452 simul
1060 1414 1280 1472 apparet
1295 1438 1312 1464 ,
1338 1419 1500 1472 quare
1523 1400 1794 1453 verbosior

780 1479 892 1530 fieri
912 1478 1154 1529 maluerit
1167 1480 1351 1546 Quint.
1370 1499 1530 1551 quam
1549 1468 1790 1531 oinittere

784 1559 1104 1609 mentionem
1122 1559 1284 1627 ipsius
1296 1596 1312 1623 .‚
1330 1576 1488 1629 quam
1505 1576 1645 1609 nunc
1663 1573 1792 1610 trac-

783 1636 963 1702 tabat,
981 1637 1187 1687 virtutis
1217 1639 1474 1689 orator-ize.
1509 1639 1629 1689 Haec
1655 1657 1791 1710 quo-

781 1734 951 1786 usque
977 1717 1245 1786 pervenire
1268 1726 1450 1786 posset
1466 1753 1482 1781 ‚
1512 1717 1791 1768 ostendere

783 1790 1022 1859 volebat,
1045 1811 1156 1843 non
1176 1792 1301 1864 quid
1326 1792 1529 1846 homini
1552 1794 1791 1848 studioso

783 1871 1044 1923 accideret
1066 1892 1082 1933 ;
1124 1889 1446 1942 quamquam
1482 1891 1564 1924 res
1603 1872 1793 1924 eodem

782 1949 953 2001 redire
987 1963 1167 2021 potest
1194 1949 1379 2003 videri.
1397 1954 1596 2003 Verum
1625 1954 1698 2003 sic
1728 1952 1795 2005 ad

783 2028 1083 2099 exemplum
1098 2041 1303 2079 tantum
1319 2029 1588 2084 recidebat
1607 2030 1687 2096 id,
1707 2033 1795 2084 cui

781 2109 1008 2180 dignitas
1031 2113 1282 2182 praec-epti
1306 2110 1655 2182 quaerebatur.

862 2206 904 2239 ι.
937 2188 1232 2261 Ιη9εηίιιτη.
1255 2190 1431 2240 Turio.
1463 2189 1599 2241 Flor.
1634 2191 1793 2242 omit·

783 2280 902 2319 tunt
929 2286 1050 2319 cum
1081 2266 1214 2318 Alm.
1246 2268 1390 2320 Alter
1423 2287 1454 2320 a
1490 2287 1597 2321 sec.
1634 2288 1795 2321 manu

781 2350 992 2420 reponit
1018 2346 1243 2418 inqenio.

858 2444 905 2478 2.
942 2427 1009 2478 Ue
1030 2428 1078 2476 ei
1104 2436 1228 2476 tam.
1250 2426 1428 2478 Turio.
1458 2425 1598 2478 Flor.
1618 2465 1634 2492 ‚
1661 2439 1719 2478 ut
1745 2428 1796 2479 ei

781 2504 1148 2558 etiam.Gue1f.
1162 2539 1178 2565 ‚
1199 2516 1258 2555 ut
1275 2505 1434 2554 etiam
1446 2542 1463 2568 ‚
1486 2522 1606 2556 cum
1629 2505 1790 2557 Goth.

781 2590 935 2639 Voss.
966 2604 1011 2652 1,
1039 2604 1096 2650 2,
1121 2589 1170 2639 3.
1205 2585 1410 2656 Reliqui
1440 2595 1499 2635 ut
1523 2603 1586 2635 ea
1615 2587 1792 2637 etiam.

783 2666 1036 2716 Nostrum
1059 2684 1091 2716 e
1115 2666 1437 2735 conjectura.

857 2745 910 2796 3.
936 2743 1104 2813 Quam
1133 2760 1280 2816 quoe3
1311 2744 1385 2794 sic
1411 2743 1588 2794 Turic-
1610 2764 1625 2805 ;
1654 2761 1685 2794 a
1711 2763 1792 2815 pr.

785 2841 944 2875 manu
964 2841 1242 2896 quamque.
1259 2823 1409 2873 Voss.
1435 2838 1479 2886 Ι,
1494 2820 1528 2873 3
1541 2860 1557 2887 ,
1571 2841 1793 2895 quoque.

782 2901 992 2972 Reliqui
1021 2920 1266 2973 quaeque,
1309 2903 1411 2952 nisi
1434 2900 1599 2971 ‘quod
1633 2902 1792 2967 Oba,

784 2999 929 3052 oeque
950 2999 1014 3033 ac
1035 2997 1151 3052 quoe
1166 3017 1183 3043 ,
1207 2978 1463 3052 probatus
1479 3017 1495 3043 ,
1521 2997 1630 3031 nou
1655 2998 1797 3031 com-

783 3059 1007 3130 pilatus,
1031 3073 1089 3109 ut
1114 3062 1418 3110 criminatur
1441 3060 1646 3122 Burm„
1670 3058 1797 3110 Rol-

784 3139 922 3200 lino;
954 3152 1007 3189 et
1043 3140 1116 3190 sic
1141 3139 1252 3210 Bip.
1276 3166 1349 3177 —-—
1386 3138 1566 3189 Nostri
1590 3136 1761 3190 codd.
1780 3175 1797 3204 ‚

783 3236 1019 3292 qumque.
1049 3220 1141 3269 En.

856 3299 906 3365 4.
937 3298 1236 3350 Edidicerit.
1262 3299 1440 3348 Turic.
1470 3296 1611 3348 Flor.
1629 3334 1646 3362 .,
1674 3296 1795 3348 ede-

786 3379 907 3431 rint.
943 3375 1035 3429 Ille
1070 3396 1097 3427 a
1133 3393 1238 3428 sec.
1275 3393 1436 3426 manu
1463 3375 1710 3440 ediderit,
1745 3388 1797 3427 et

785 3461 859 3509 sic
897 3454 1167 3510 Guelferb.
1208 3457 1370 3507 Cur.
1414 3455 1511 3505 Hic
1536 3466 1792 3505 nostrum.

782 3538 1062 3606 vulgatam
1100 3535 1292 3587 borum
1329 3545 1467 3585 un...
1497 3544 1697 3586 servent
1721 3536 1794 3587 ita

781 3618 964 3688 refingi
981 3616 1135 3687 jubet
1153 3617 1447 3667 Gesnerus:
1478 3625 1536 3665 ut
1556 3613 1793 3665 eamdem

781 3717 834 3769 q.
864 3716 908 3747 c.
934 3714 1094 3768 quam
1119 3711 1236 3766 quoe
1264 3712 1303 3745 s.
1332 3711 1382 3743 a.
1413 3711 1458 3743 e.
1494 3691 1532 3742 ἰ.
1560 3692 1612 3743 d.
1632 3692 1687 3762 f.
1716 3710 1793 3754 s.,·

757 3778 947 3845 ‚magis
971 3771 1060 3826 ille
1085 3772 1368 3825 consulens
1391 3770 1609 3822 auribus
1635 3789 1793 3841 quam

783 3854 1102 3908 Obrechtus.
1156 3855 1256 3903 Pro
1305 3860 1464 3923 atque
1509 3849 1672 3901 modo
1721 3870 1793 3902 an

783 3934 942 3987 Goth.
970 3936 1128 3985 mire!

857 4014 906 4066 5.
937 4014 1216 4084 Scepsium.
1236 4011 1412 4062 Turic.
1439 4008 1580 4061 Flor.
1607 4008 1733 4080 (hic
1763 4029 1795 4062 a

785 4111 892 4145 sec.
917 4111 986 4143 m.
1014 4090 1275 4161 nostrum)
1297 4090 1570 4142 Scenium.
1596 4090 1757 4141 Cute.
1775 4127 1795 4156 .,

783 4173 1054 4244 Scepcium
1086 4172 1236 4224 Voss.
1258 4186 1276 4221 ι
1286 4207 1304 4235 ,
1317 4170 1612 4239 Escepsium
1622 4170 1679 4219 .V
1686 4187 1791 4221 oss.

1874 1081 1934 1148 3,
1959 1082 2140 1147 Rern„
2164 1082 2480 1153 Eseeptium.
2505 1083 2652 1134 Jens.
2669 1120 2686 1149 ‚
2715 1083 2885 1154 Ephe-

1871 1163 2039 1229 siam,
2066 1182 2184 1214 cuni
2213 1162 2335 1215 edd.
2364 1177 2587 1234 postet-r.
2615 1178 2741 1214 ante
2765 1164 2880 1215 ΑΜ.

1872 1244 1969 1294 Hic
1987 1243 2241 1313 Septium.
2258 1242 2392 1294 vall.
2407 1281 2423 1308 ‚
2443 1243 2711 1314 Sceptium
2726 1283 2741 1307 ,
2764 1262 2885 1294 cum

1873 1320 1993 1374 edd.
2028 1320 2140 1373 rell.
2177 1337 2301 1375 ante
2329 1323 2555 1394 Capper.
2588 1342 2700 1376 exc.
2734 1324 2883 1376 nasu.

1872 1404 2072 1453 Nostro
2093 1401 2337 1454 addicere
2352 1400 2598 1455 videntur
2609 1404 2881 1456 Guelferb.

1870 1479 2032 1532 Goth.
2051 1481 2189 1531 lnfra
2207 1483 2305 1547 XI,
2328 1500 2355 1533 2
2371 1518 2389 1549 ,
2408 1482 2493 1547 26,
2507 1484 2683 1533 Turic.
2706 1483 2881 1535 Guelf.

1870 1559 2031 1611 Goth.
2059 1565 2184 1627 (tac.
2207 1558 2392 1632 Gesn.)
2409 1561 2602 1626 Caum,
2621 1561 2881 1634 Sca-ptius,

1872 1655 1996 1689 cum
2017 1636 2138 1689 ΔΜ.
2164 1637 2265 1690 Sed
2288 1640 2429 1691 Jens.
2455 1637 2590 1708 (tac.
2615 1637 2883 1705 Gesnero)

1870 1716 2058 1780 Tarv.‚
2081 1716 2287 1787 Seppius
2298 1738 2320 1777 ,·
2344 1715 2419 1767 ibi
2441 1730 2676 1768 nostram
2702 1719 2885 1767 asserit

1872 1795 2096 1864 Regius,
2120 1810 2171 1847 et
2197 1808 2275 1847 est
2292 1798 2400 1867 jam
2426 1797 2481 1848 in
2506 1795 2688 1848 Locat.

1946 1873 1997 1925 6.
2042 1875 2338 1947 Empylum
2354 1898 2373 1936 ,·
2416 1877 2490 1927 sic
2527 1878 2706 1927 Turie.
2746 1877 2883 1928 Flor.

1874 1948 2005 2021 (nisi
2031 1951 2175 2024 quod
2201 1953 2495 2004 minuscula
2520 1951 2579 2023 e)
2603 1972 2723 2004 cum
2753 1952 2883 2004 vall.

1876 2031 2027 2081 Rern.
2046 2030 2343 2103 Empt'lium
2355 2070 2373 2096 ‚
2390 2032 2566 2084 Guelf.
2585 2032 2885 2103 Empilum,

1874 2114 2026 2162 Voss,
2061 2128 2104 2163 ι.
2138 2111 2464 2181 Empillum,
2488 2116 2638 2165 Voss.
2666 2112 2718 2163 3.
2762 2114 2891 2163 Em·

1873 2188 2102 2262 phylum
2123 2226 2139 2254 ‚
2184 2189 2349 2242 Goth.
2388 2209 2510 2242 cum
2550 2206 2713 2261 marg.
2760 2190 2885 2243 Bari.

1877 2268 2187 2339 Emphilum
2206 2307 2222 2334 ,
2260 2270 2410 2323 Voss.
2454 2287 2482 2321 τι
2501 2308 2519 2335 ,
2556 2289 2676 2323 cum
2722 2290 2885 2340 inarg.

1876 2348 2011 2400 van.
2056 2346 2360 2419 Euripilum
2380 2389 2395 2416 ,
2434 2350 2600 2400 Cane.
2640 2348 2889 2422 Emplu'l-

1878 2426 2022 2493 lunt,
2047 2427 2187 2479 Jens.
2215 2429 2365 2479 Tar-v.
2395 2427 2697 2501 Eriplot'lum
2716 2467 2734 2493 ,
2760 2432 2883 2481 Loc.

1875 2509 2006 2557 Ven.
2067 2507 2226 2559 Ruso.
2283 2506 2491 2578 Reliqui
2546 2506 2883 2577 Eriphy-¹11m.

1877 2589 2030 2639 Hunc
2055 2606 2162 2638 non
2189 2585 2331 2659 apud
2353 2590 2660 2639 Ciceronem
2683 2587 2887 2651 solum,

1876 2668 1965 2736 qui
1990 2668 2104 2736 ejus
2124 2683 2329 2717 memor
2345 2665 2538 2717 dicitur
2561 2685 2589 2717 a
2614 2668 2812 2718 Nostro
2835 2671 2890 2718 in

1875 2743 2100 2813 vulgatis
2119 2781 2135 2807 ,
2165 2742 2258 2795 sed
2288 2742 2433 2814 apud
2463 2760 2647 2797 omnes
2671 2748 2889 2796 omniuo

1876 2824 2157 2893 scriptores
2196 2822 2388 2874 frustra
2427 2825 2587 2893 quaeri
2630 2836 2891 2874 testantur

1876 2905 1985 2954 VV.
2012 2903 2160 2964 DD.;
2195 2901 2339 2973 quod
2375 2920 2481 2953 non
2507 2901 2737 2953 debebat
2760 2923 2892 2973 prze-

1879 2982 2093 3033 termitti
2117 2980 2186 3032 ab
2210 2979 2410 3033 editore
2433 2979 2772 3033 Bibliothecae
2797 2983 2895 3033 fa·

1878 3056 2151 3125 bricianae,
2170 3057 2276 3111 vol.
2300 3061 2394 3122 vl,
2418 3078 2473 3129 p.
2508 3075 2622 3128 129.
2654 3063 2892 3131 Apparet

1880 3149 2056 3191 autem
2091 3136 2292 3210 aliquid
2318 3157 2505 3190 ausum
2534 3138 2695 3190 Cane.
2732 3140 2892 3191 reflu-

1876 3216 2052 3286 gendo
2072 3219 2286 3269 nomine
2307 3216 2376 3268 ad
2398 3218 2494 3283 XI,
2518 3236 2576 3284 2,
2599 3220 2689 3282 15,
2708 3221 2760 3270 in
2782 3239 2893 3292 quo

1876 3298 1994 3368 ipso
2032 3298 2220 3348 vitioso
2241 3335 2258 3362 ‚
2293 3300 2479 3367 exigua
2518 3312 2595 3350 est
2634 3297 2891 3351 librorum

1876 3394 2115 3426 meorum
2132 3378 2370 3427 varietas.
2389 3377 2489 3428 Sed
2509 3377 2594 3429 ille
2609 3379 2891 3431 Larissaeus

1877 3468 1985 3521 est,
2001 3469 2181 3506 noster
2198 3454 2452 3507 Rhodius.
2471 3458 2681 3508 Nomen
2694 3496 2709 3517 ,
2732 3458 2891 3528 quale

1874 3537 2062 3605 posui,
2081 3532 2162 3585 vel
2193 3533 2381 3605 reliqui
2408 3539 2588 3615 potin-s
2618 3555 2682 3589 ex
2708 3551 2890 3589 vetus·

1875 3614 2088 3665 tissimis
2104 3652 2121 3679 ,
2161 3616 2258 3665 etsi
2296 3613 2425 3666 alias
2463 3617 2701 3685 ignotum
2718 3654 2735 3681 ,
2775 3636 2891 3669 me·-

1874 3706 2113 3743 moratur
2129 3705 2302 3745 tamen
2319 3710 2349 3743 a
2363 3692 2644 3745 Plutarcho
2660 3695 2713 3744 in
2724 3695 2888 3745 Bruto

1874 3772 2105 3842 (initio),
2126 3770 2422 3842 diciturque
2442 3775 2513 3823 ita
2531 3773 2760 3824 audiisse
2775 3773 2893 3825 rhe-

1876 3863 1960 3901 tor
1974 3850 2188 3920 quidam
2205 3848 2469 3902 familiaris
2487 3853 2631 3902 Bruti
2644 3889 2661 3916 ‚
2682 3850 2750 3903 ab
2770 3855 2898 3923 ipsov=

1873 3929 2152 4001 aliquoties
2189 3931 2245 3980 in
2282 3929 2519 3999 epistolis
2551 3929 2888 4001 appellatus,

1874 4014 2028 4081 cujus
2045 4014 2273 4083 supersit
2292 4014 2510 4081 exiguus
2528 4013 2741 4083 quidem
2755 4051 2771 4076 .,
2789 4028 2887 4064 nee

1873 4090 2295 4143 contemnendus
2323 4091 2392 4144 de
2416 4094 2630 4146 Caesaris
2659 4093 2802 4145 caede
2827 4091 2891 4144 li-

1872 4167 2044 4222 bellus
2063 4206 2082 4236 ‚
2127 4171 2417 4243 inscriptus
2460 4172 2667 4224 Brutus.
2715 4175 2890 4224 Patri·
