3200 5159
647 422 1299 491 INS'rlTU'l‘tole
1336 422 1592 486 ORAT.
1631 421 1793 485 LIB.
1832 422 1953 501 XI,
1996 422 2056 486 3.

315 546 502 645 quod
533 566 638 617 est
666 544 834 616 huic
872 542 1291 615 deformitati
1315 558 1329 587 ¹
1374 542 1693 641 propius,
1738 543 2076 640 cymbalis
2112 541 2400 642 adjuve-

314 687 495 733 muS.
527 659 850 731 Facimus
876 679 1113 757 tamen
1146 657 1280 729 hoc‘
1311 657 1642 728 libenter:
1671 682 1838 728 nam
1863 683 1991 729 nec
2021 670 2046 701 ²
2069 657 2398 756 cuiquam
2429 669 2502 723 60

315 796 477 847 sunt
515 773 929 876 injucunda,
972 799 1124 872 quae
1172 792 1449 844 cantant
1499 772 1668 871 ipsi,
1717 792 1784 843 et
1813 770 2067 843 laboris
2114 772 2183 843 in
2233 771 2398 861 hoc,
2447 812 2458 819 ·

313 917 529 990 quam
569 891 642 963 in
677 890 984 988 agendo,
1017 890 1251 961 minus
1285 910 1401 960 est.
1435 889 1612 960 Sunt
1644 887 1758 959 et3
1788 888 2075 985 quidam
2098 943 2117 976 ‚
2147 888 2268 988 qui
2300 915 2406 961 se-

317 1007 634 1079 cundum
665 1003 851 1078 alias*
878 1006 1027 1079 vitae
1064 1005 1263 1094 vitia,
1308 1004 1517 1077 etiam
1557 1003 1687 1075 hac
1725 1003 1991 1103 ubique
2028 1004 2401 1092 audiendi,

313 1122 505 1222 quod
532 1147 732 1194 aures
772 1121 1113 1210 mulceat,
1159 1121 1508 1219 voluptate
1548 1118 1919 1192 ducantur.
1956 1120 2152 1209 Quid
2189 1119 2404 1219 ergo?

315 1262 457 1308 non
487 1257 553 1308 et
579 1236 820 1310 Cicero
850 1236 1020 1307 dicit
1047 1261 1187 1308 esse
1219 1234 1521 1335 aliquem
1551 1239 1623 1305 in
1652 1239 1962 1307 oratione
1989 1251 2267 1307 cantum
2294 1233 2404 1307 ob-

315 1352 740 1425 scuriorem?
785 1372 854 1424 et
904 1351 1036 1424 hoc
1093 1351 1400 1451 quodam
1463 1349 1809 1422 naturali⁵
1861 1347 2111 1423 initio⁶
2160 1348 2408 1421 venit?

315 1467 703 1540 Ostendam
746 1494 889 1539 non
929 1467 1151 1539 multo
1184 1487 1371 1568 post,
1419 1466 1542 1538 ubi
1577 1487 1648 1538 et
1685 1486 2032 1565 quatenus
2063 1466 2408 1565 recipien-

317 1582 443 1655 dus
480 1583 567 1654 sit
596 1583 710 1655 hic
750 1582 997 1672 flexus,
1032 1605 1098 1655 et
1129 1604 1366 1656 cantus
1401 1581 1691 1680 quidem
1712 1638 1731 1671 ‚
1763 1581 1922 1670 sed,
1966 1581 2156 1681 quod
2198 1580 2409 1680 pleri-

315 1725 453 1796 que
494 1698 878 1799 intelligere
908 1699 1192 1792 nolunt,
1236 1700 1614 1773 obscurior.
1665 1700 1824 1771 Jam
1846 1713 1872 1760 ⁷
1907 1698 2100 1771 enim
2128 1720 2403 1799 tempus
2435 1717 2495 1769 δι

2272 423 2399 510 329

316 1914 436 1954 aute
463 1902 637 1955 But-m.
669 1903 841 1956 Guelf.
872 1917 1049 1957 tamen
1081 1905 1227 1976 ipsis,-
1264 1918 1318 1957 et
1398 1906 1463 1955 rit
1507 1904 1608 1974 et).
1649 1905 1906 1956 Nostrum
1947 1902 2078 1956 dant
2120 1903 2301 1955 Ambr.
2340 1921 2406 1964 2..

315 1980 496 2032 Locat.
510 1983 647 2034 ven:
658 1984 839 2051 Ruso„
861 1994 1039 2037 cantat
1055 2006 1071 2035 .-
1094 1985 1208 2056 ἰρεί.
1395 1983 1571 2036 Guelf.
1588 1985 1735 2035 Jens.
1763 1995 1816 2035 et
1840 1982 1960 2035 edd.
1980 1996 2104 2036 ante
2123 1982 2276 2034 Banu.
2302 1981 2406 2035 Sed

386 2077 405 2111 1
416 2098 427 2109 .
443 2060 588 2113 Huic
601 2062 922 2134 deformitati
931 2065 1162 2136 propius,
1179 2082 1318 2135 cym-

317 2137 458 2192 balis.
495 2143 784 2194 Personant
821 2145 959 2195 enim
993 2143 1231 2217 cymbala
1261 2146 1316 2195 in

316 2218 589 2274 Gallorum
608 2223 790 2274 sacris.
804 2221 937 2276 Vide
954 2223 1201 2295 psalteria
1220 2223 1311 2275 lib.

317 2301 370 2366 1,
395 2317 510 2372 cap.
540 2317 630 2369 10,
652 2299 696 2372 §
723 2302 810 2355 31.

388 2395 436 2430 2.
461 2380 576 2431 Nec
597 2382 858 2453 cuiquam.
878 2418 892 2432 .
913 2420 925 2433 .
958 2391 1012 2432 et
1041 2380 1246 2435 laboris.
1268 2422 1278 2433 .
1300 2421 1313 2433 .

316 2455 488 2508 minus
516 2468 604 2510 est.
636 2459 798 2510 Recte
836 2470 1152 2511 structuram
1189 2478 1318 2531 pro-

316 2536 542 2588 nominis
571 2536 838 2609 quisquam
866 2554 987 2588 cum
1019 2537 1211 2608 plurali
1237 2536 1321 2590 de·

318 2614 484 2667 tendit
499 2617 853 2680 Burmannus,
872 2619 1025 2686 cujus
1044 2618 1321 2667 immemor

318 2706 429 2745 erat
461 2692 727 2747 Drakenb.
765 2693 833 2746 ad
860 2694 969 2745 Liv.
1002 2693 1101 2759 IX,
1134 2693 1230 2762 36,
1263 2711 1316 2755 ις

319 2771 453 2824 male
470 2783 645 2823 tamen
663 2771 750 2824 ille
769 2771 836 2824 ad
852 2771 1154 2842 hujusmodi
1171 2772 1320 2824 locu·

318 2850 488 2903 tiones
504 2862 717 2902 revocat
735 2849 912 2902 locum
932 2852 1024 2916 lx,
1042 2869 1092 2915 2,
1109 2868 1203 2921 793
1223 2850 1316 2903 ubi

319 2928 530 2981 inutiles
542 2927 611 2981 ad
622 2947 803 2981 vocem
808 2946 1027 3000 persona
1039 2927 1316 2983 referendo

319 3007 476 3079 plane
500 3007 776 3061 aberravit.
803 3008 1133 3061 Attendenda
1162 3011 1320 3061 etiam

320 3089 587 3159 oppositio
607 3089 663 3139 in
683 3090 793 3141 istis
812 3107 964 3141 nec...
980 3101 1045 3141 et.
1061 3086 1196 3140 Vide
1220 3089 1319 3156 lx,

319 3166 381 3233 4,
400 3168 468 3221 38
482 3205 498 3232 ,
523 3167 577 3218 ἰη
596 3168 797 3240 agendo
821 3170 1194 3239 interpretare:
1223 3190 1245 3213 α
1265 3169 1321 3218 in

325 3268 346 3291 ο
368 3260 511 3299 recta
538 3259 592 3298 et
623 3246 692 3298 ab
727 3245 872 3300 hisce
909 3246 1111 3300 deliciis
1147 3246 1321 3300 aliena

325 3347 349 3371 ι
366 3326 825 3398 pronunciatione.
849 3350 871 3373 D

390 3405 441 3457 3.
463 3405 597 3457 Sunt
616 3415 695 3465 εἰς
720 3407 795 3458 sic
809 3406 987 3457 Turio.
1008 3404 1172 3457 Cute.
1199 3423 1323 3457 cum

318 3480 438 3534 Ald.
464 3481 669 3553 Reliqui
682 3468 766 3534 *Et
786 3494 921 3537 stant.
945 3486 1069 3535 Mox
1101 3483 1194 3556 qui
1222 3502 1323 3556 pro

321 3560 450 3633 quid
471 3559 632 3628 dant,
665 3575 719 3614 et
744 3580 851 3614 non
873 3564 1126 3615 omittunt
1145 3563 1322 3614 Turic.

322 3640 461 3691 Flor.
487 3643 751 3713 posterius
774 3661 897 3693 cum
922 3641 1178 3693 Almelov.

393 3720 445 3785 4.
482 3718 610 3770 Alia
635 3719 752 3772 vitoe
779 3721 923 3772 vitia.
940 3720 1074 3772 Vide
1102 3723 1156 3787 1,
1182 3721 1243 3786 8,
1269 3738 1320 3790 9.

331 3820 354 3844 ο
371 3800 561 3851 Omnia
581 3799 888 3853 deliciarum
904 3802 1027 3853 vitia
1044 3824 1067 3848 ιι
1092 3802 1218 3853 item
1236 3800 1325 3854 hic

326 3879 373 3946 S.
414 3878 481 3946 76
500 3915 518 3943 ‚
564 3878 707 3931 oculi
744 3882 931 3932 infecti
975 3879 1327 3933 ostenduntur

329 3956 544 4010 mollitie
565 3956 859 4011 hominum.

397 4036 447 4089 5.
463 4036 713 4090 Naturali
736 4040 905 4092 initio.
920 4041 1121 4104 Turio„
1142 4050 1329 4091 natura

328 4115 362 4166 i.
388 4115 553 4185 (idem
574 4128 696 4170 ante
719 4117 947 4189 quodam
972 4120 1163 4172 iterum
1186 4120 1330 4172 inse-

1396 2064 1591 2131 Cnnr„
1619 2074 1824 2115 naturoe
1856 2063 2010 2115 vicio.
2043 2060 2252 2133 Reliqui
2284 2075 2407 2113 ante

1395 2143 1556 2196 Gesn.
1575 2145 1667 2215 qui
1684 2154 1924 2194 nostrum
1939 2141 2172 2207 reduxit,
2189 2161 2241 2192 η.
2261 2142 2410 2207 vitio,

1397 2238 1624 2291 quorum
1638 2219 1885 2273 videntur
1904 2238 2019 2283 esse
2038 2233 2092 2271 et
2107 2220 2247 2271 Flor.
2266 2219 2404 2273 Alm.

1394 2297 1545 2369 (vide
1570 2298 1690 2369 55).
1727 2298 2076 2363 Ostendimus,
2111 2299 2250 2351 Flor.
2284 2318 2407 2350 cum

1395 2378 1571 2449 Kapp.
1593 2375 1799 2432 Volunt
1820 2375 1951 2448 (pro
1981 2376 2203 2448 nolunt)
2228 2378 2404 2429 Turic.

1398 2456 1538 2509 Flor.
1578 2458 1741 2509 Cant.
1778 2476 1898 2509 cum
1927 2460 2081 2509 Voss.
2114 2475 2172 2521 2,
2202 2470 2252 2509 et
2284 2456 2403 2508 edd.

1400 2549 1521 2589 ante
1540 2537 1686 2589 Leid.
1710 2556 1821 2589 exc.
1837 2536 2037 2609 Gryph.
2060 2537 2183 2589 Non
2204 2554 2409 2588 memo-

1398 2628 1543 2667 ratur
1555 2612 1785 2666 Gothan.
1803 2616 1918 2666 Nec
1933 2614 2097 2666 habet
2115 2616 2404 2668 cumVoss.

1402 2712 1430 2746 a
1446 2733 1463 2761 ‚
1487 2707 1539 2747 et
1559 2696 1707 2746 Jens.
1733 2694 1863 2766 quid
1877 2713 1976 2765 pro
1996 2694 2151 2765 quod.
2173 2694 2406 2745 -Avic.

1397 2772 1504 2824 RR.
1540 2772 1603 2838 3,
1640 2772 1700 2839 5,
1732 2789 1823 2839 10,
1855 2789 1946 2836 ιι,
1972 2770 2206 2824 naturali
2238 2771 2406 2824 initio.

1397 2852 1497 2904 Pro
1522 2853 1676 2903 initio
1697 2850 1881 2903 Caeteri
1910 2850 2054 2902 vitio.
2084 2852 2178 2903 En.

1468 2931 1519 2984 6.
1532 2930 1787 2983 Naturali
1801 2930 1973 2991 initio3
1990 2932 2067 2982 sic
2080 2929 2242 2981 modo
2260 2927 2303 3001 §.
2318 2930 2407 3001 49,

1401 3008 1652 3062 naturali.
1673 3050 1685 3061 .
1706 3049 1718 3062 .
1763 3021 1974 3061 conatu.
2015 3010 2188 3063 Locus
2230 3024 2406 3063 autem

1400 3090 1668 3141 Ciceronis
1721 3088 1914 3158 legitur
1957 3072 2016 3139 m*
2057 3090 2176 3160 ipso
2193 3127 2210 3155 ‚
2262 3090 2408 3161 quod

1398 3168 1562 3242 paulo
1609 3181 1732 3220 ante
1777 3169 2101 3239 respeximus
2118 3206 2134 3234 ,
2185 3188 2304 3241 cap.
2345 3171 2408 3223 18

1399 3251 1551 3303 Orat.
1569 3286 1586 3316 ‚
1616 3249 1707 3300 uhi
1736 3261 1787 3300 et
1813 3246 1946 3298 illud
1979 3245 2048 3299 de
2067 3248 2223 3300 inuio
2247 3260 2406 3301 natu-

1403 3327 1505 3380 mli
1518 3365 1536 3394 ,
1569 3344 1890 3399 quamquam
1921 3345 2032 3379 non
2055 3325 2136 3380 bis
2159 3329 2286 3398 ipsis
2307 3347 2406 3379 vo-

1403 3406 1607 3461 cabulis
1622 3446 1639 3476 ‚
1663 3420 1722 3457 ut
1743 3408 1917 3478 possis
1937 3423 2036 3476 pro
2059 3405 2198 3458 venit
2220 3419 2408 3477 optare

1402 3488 1715 3540 infinitivum
1741 3486 1941 3552 venire,
1963 3484 2056 3538 sed
2079 3499 2192 3538 tum
2215 3497 2267 3537 et
2287 3502 2410 3539 ante

1406 3570 1581 3621 Cicero
1600 3567 1698 3619 erit
1719 3585 1817 3639 pro
1836 3567 1994 3618 etiam
2008 3603 2025 3633 ‚
2053 3584 2152 3618 nec
2175 3579 2280 3618 tam
2301 3566 2411 3618 ele-

1403 3658 1589 3716 ganter
1623 3646 1880 3698 referetur
1915 3640 1985 3696 ad
2014 3643 2239 3697 alterum
2274 3643 2407 3696 illud

1406 3737 1528 3778 ante
1557 3723 1670 3779 hoc.

1476 3818 1527 3873 7.
1550 3802 1693 3854 Jam.
1723 3803 1902 3854 Turic.
1919 3838 1937 3866 ,
1962 3820 2050 3853 an.
2075 3798 2217 3853 Flor.
2242 3798 2406 3853 Goth.

1404 3881 1538 3952 (tac.
1559 3881 1753 3952 Gesn.)
1788 3890 1927 3933 certa
1957 3900 2057 3952 pro
2083 3889 2231 3932 certe.
2265 3877 2406 3933 Flor.

1404 3959 1586 4013 Ambr.
1608 3978 1635 4012 2
1660 3960 1701 4013 is
1719 3979 1817 4031 pro
1839 3960 1917 4013 iis.
1936 3959 2096 4024 Flor.,
2118 3976 2410 4012 accommo-

1407 4040 1576 4092 datus.
1619 4040 1780 4092 Cm.
1796 4077 1814 4105 ,
1852 4046 2091 4110 proestat3
2136 4040 2261 4088 item
2284 4034 2412 4109 ficti

1408 4116 1536 4184 alii,
1562 4116 1749 4171 ordine
1773 4115 2107 4187 elegantiore.
2135 4113 2261 4166 Mox
2287 4114 2409 4167 im·
