<?xml version="1.0" encoding="UTF-8"?>
<!DOCTYPE html PUBLIC "-//W3C//DTD XHTML 1.0 Transitional//EN"
    "http://www.w3.org/TR/xhtml1/DTD/xhtml1-transitional.dtd">
<html xmlns="http://www.w3.org/1999/xhtml" xml:lang="en" lang="en">
 <head>
  <title>
</title>
<meta http-equiv="Content-Type" content="text/html;charset=utf-8" />
  <meta name='ocr-system' content='tesseract 3.04.00' />
  <meta name='ocr-capabilities' content='ocr_page ocr_carea ocr_par ocr_line ocrx_word'/>
</head>
<body>
  <div class='ocr_page' id='page_1' title='image "./deinstitutioneo00unkngoog_0309.png"; bbox 0 0 3200 5159; ppageno 0'>
   <div class='ocr_carea' id='block_1_1' title="bbox 639 464 2049 549">
    <p class='ocr_par' dir='ltr' id='par_1_1' title="bbox 639 464 2049 549">
     <span class='ocr_line' id='line_1_1' title="bbox 639 464 2049 549; baseline -0.001 -15"><span class='ocrx_word' id='word_1_1' title='bbox 639 464 1291 536; x_wconf 74' lang='lat' dir='ltr'>INSTITUTIONIS</span> <span class='ocrx_word' id='word_1_2' title='bbox 1324 465 1581 533; x_wconf 87' lang='lat' dir='ltr'>ORAT.</span> <span class='ocrx_word' id='word_1_3' title='bbox 1619 468 1783 532; x_wconf 86' lang='lat' dir='ltr'>LIB.</span> <span class='ocrx_word' id='word_1_4' title='bbox 1821 469 1945 549; x_wconf 86' lang='lat' dir='ltr'>XI,</span> <span class='ocrx_word' id='word_1_5' title='bbox 1996 493 2049 533; x_wconf 80' lang='grc' dir='ltr'>ι.</span> 
     </span>
    </p>
   </div>
   <div class='ocr_carea' id='block_1_2' title="bbox 2261 454 2390 535">
    <p class='ocr_par' dir='ltr' id='par_1_2' title="bbox 2261 454 2390 535">
     <span class='ocr_line' id='line_1_2' title="bbox 2261 454 2390 535; baseline 0.016 -2"><span class='ocrx_word' id='word_1_6' title='bbox 2261 454 2390 535; x_wconf 77' lang='lat'>&#39;255</span> 
     </span>
    </p>
   </div>
   <div class='ocr_carea' id='block_1_3' title="bbox 298 587 2395 917">
    <p class='ocr_par' dir='ltr' id='par_1_3' title="bbox 298 587 2395 917">
     <span class='ocr_line' id='line_1_3' title="bbox 298 587 2395 689; baseline 0.001 -28"><span class='ocrx_word' id='word_1_7' title='bbox 298 587 624 663; x_wconf 80' lang='lat' dir='ltr'>concedit</span> <span class='ocrx_word' id='word_1_8' title='bbox 662 617 742 662; x_wconf 85' lang='lat' dir='ltr'>ac</span> <span class='ocrx_word' id='word_1_9' title='bbox 788 589 1079 681; x_wconf 84' lang='lat' dir='ltr'>litteras,</span> <span class='ocrx_word' id='word_1_10' title='bbox 1124 615 1333 689; x_wconf 89' lang='lat' dir='ltr'>seque</span> <span class='ocrx_word' id='word_1_11' title='bbox 1382 588 1532 689; x_wconf 86' lang='lat' dir='ltr'>ejus</span> <span class='ocrx_word' id='word_1_12' title='bbox 1573 589 1794 687; x_wconf 80' lang='lat' dir='ltr'>gentis</span> <span class='ocrx_word' id='word_1_13' title='bbox 1829 611 2208 663; x_wconf 82' lang='lat' dir='ltr'><strong>amatorem</strong></span> <span class='ocrx_word' id='word_1_14' title='bbox 2247 616 2395 665; x_wconf 85' lang='lat' dir='ltr'>esse</span> 
     </span>
     <span class='ocr_line' id='line_1_4' title="bbox 302 703 2393 803; baseline 0.001 -29"><span class='ocrx_word' id='word_1_15' title='bbox 302 704 706 801; x_wconf 81' lang='lat' dir='ltr'>profitetur3</span> <span class='ocrx_word' id='word_1_16' title='bbox 760 706 1012 778; x_wconf 83' lang='lat' dir='ltr'>Sardos</span> <span class='ocrx_word' id='word_1_17' title='bbox 1081 704 1511 792; x_wconf 83' lang='lat' dir='ltr'>contemnit3</span> <span class='ocrx_word' id='word_1_18' title='bbox 1569 703 1982 803; x_wconf 75' lang='lat' dir='ltr'>Allobroqas</span> <span class='ocrx_word' id='word_1_19' title='bbox 2033 726 2113 778; x_wconf 89' lang='lat' dir='ltr'>ut</span> <span class='ocrx_word' id='word_1_20' title='bbox 2163 706 2393 778; x_wconf 86' lang='lat' dir='ltr'>hostes</span> 
     </span>
     <span class='ocr_line' id='line_1_5' title="bbox 302 816 2394 917; baseline 0.001 -29"><span class='ocrx_word' id='word_1_21' title='bbox 302 816 755 891; x_wconf 73' lang='lat' dir='ltr'>insectatur-¹:</span> <span class='ocrx_word' id='word_1_22' title='bbox 791 843 1095 916; x_wconf 88' lang='lat' dir='ltr'>quorum</span> <span class='ocrx_word' id='word_1_23' title='bbox 1128 816 1307 889; x_wconf 87' lang='lat' dir='ltr'>nihil</span> <span class='ocrx_word' id='word_1_24' title='bbox 1342 838 1542 906; x_wconf 89' lang='lat' dir='ltr'>tunc,</span> <span class='ocrx_word' id='word_1_25' title='bbox 1586 844 1812 917; x_wconf 88' lang='lat' dir='ltr'>quum</span> <span class='ocrx_word' id='word_1_26' title='bbox 1842 817 2215 908; x_wconf 83' lang='lat' dir='ltr'>diceretur,</span> <span class='ocrx_word' id='word_1_27' title='bbox 2258 845 2394 917; x_wconf 85' lang='lat' dir='ltr'>pa-</span> 
     </span>
    </p>
   </div>
   <div class='ocr_carea' id='block_1_4' title="bbox 304 931 2498 1031">
    <p class='ocr_par' dir='ltr' id='par_1_4' title="bbox 304 931 2498 1031">
     <span class='ocr_line' id='line_1_6' title="bbox 304 931 2498 1031; baseline 0.002 -30"><span class='ocrx_word' id='word_1_28' title='bbox 304 958 465 1003; x_wconf 84' lang='lat' dir='ltr'>rum</span> <span class='ocrx_word' id='word_1_29' title='bbox 511 953 794 1031; x_wconf 85' lang='lat' dir='ltr'>aptum,</span> <span class='ocrx_word' id='word_1_30' title='bbox 840 950 965 1004; x_wconf 82' lang='lat' dir='ltr'>aut</span> <span class='ocrx_word' id='word_1_31' title='bbox 1000 951 1350 1003; x_wconf 88' lang='lat' dir='ltr'>remotum</span> <span class='ocrx_word' id='word_1_32' title='bbox 1384 944 1591 1004; x_wconf 81' lang='lat' dir='ltr'>cura²</span> <span class='ocrx_word' id='word_1_33' title='bbox 1634 931 1897 1004; x_wconf 88' lang='lat' dir='ltr'>decoris</span> <span class='ocrx_word' id='word_1_34' title='bbox 1931 933 2087 1004; x_wconf 82' lang='lat' dir='ltr'>fuit.</span> <span class='ocrx_word' id='word_1_35' title='bbox 2115 934 2392 1005; x_wconf 86' lang='lat' dir='ltr'>Verbo-</span> <span class='ocrx_word' id='word_1_36' title='bbox 2427 960 2498 1015; x_wconf 79' lang='lat'>90</span> 
     </span>
    </p>
   </div>
   <div class='ocr_carea' id='block_1_5' title="bbox 238 1046 2492 1726">
    <p class='ocr_par' dir='ltr' id='par_1_5' title="bbox 238 1046 2492 1726">
     <span class='ocr_line' id='line_1_7' title="bbox 238 1046 2395 1148; baseline 0.001 -28"><span class='ocrx_word' id='word_1_37' title='bbox 238 1094 248 1105; x_wconf 94' lang='lat'><strong>·</strong></span> <span class='ocrx_word' id='word_1_38' title='bbox 304 1046 514 1125; x_wconf 72' lang='lat' dir='ltr'>rum3</span> <span class='ocrx_word' id='word_1_39' title='bbox 550 1049 760 1120; x_wconf 83' lang='lat' dir='ltr'>etiam</span> <span class='ocrx_word' id='word_1_40' title='bbox 806 1046 1327 1122; x_wconf 80' lang='lat' dir='ltr'>moderatione4</span> <span class='ocrx_word' id='word_1_41' title='bbox 1367 1048 1632 1121; x_wconf 83' lang='lat' dir='ltr'>detrahi</span> <span class='ocrx_word' id='word_1_42' title='bbox 1668 1048 1873 1137; x_wconf 89' lang='lat' dir='ltr'>solet,</span> <span class='ocrx_word' id='word_1_43' title='bbox 1907 1048 1962 1120; x_wconf 86' lang='lat' dir='ltr'>si</span> <span class='ocrx_word' id='word_1_44' title='bbox 2001 1076 2139 1148; x_wconf 87' lang='lat' dir='ltr'>qua</span> <span class='ocrx_word' id='word_1_45' title='bbox 2167 1070 2268 1122; x_wconf 88' lang='lat' dir='ltr'>est</span> <span class='ocrx_word' id='word_1_46' title='bbox 2296 1051 2395 1122; x_wconf 88' lang='lat' dir='ltr'>rei</span> 
     </span>
     <span class='ocr_line' id='line_1_8' title="bbox 303 1162 2395 1265; baseline 0.001 -30"><span class='ocrx_word' id='word_1_47' title='bbox 303 1164 599 1254; x_wconf 86' lang='lat' dir='ltr'>invidia,</span> <span class='ocrx_word' id='word_1_48' title='bbox 627 1165 684 1236; x_wconf 88' lang='lat' dir='ltr'>si</span> <span class='ocrx_word' id='word_1_49' title='bbox 712 1163 1072 1265; x_wconf 57' lang='lat' dir='ltr'>asperum?</span> <span class='ocrx_word' id='word_1_50' title='bbox 1107 1163 1293 1237; x_wconf 80' lang='lat' dir='ltr'>dicas</span> <span class='ocrx_word' id='word_1_51' title='bbox 1321 1162 1660 1236; x_wconf 79' lang='lat' dir='ltr'>nimium⁶</span> <span class='ocrx_word' id='word_1_52' title='bbox 1698 1191 2036 1253; x_wconf 83' lang='lat' dir='ltr'>severum,</span> <span class='ocrx_word' id='word_1_53' title='bbox 2075 1169 2395 1265; x_wconf 84' lang='lat' dir='ltr'>injustum</span> 
     </span>
     <span class='ocr_line' id='line_1_9' title="bbox 298 1278 2396 1381; baseline 0 -28"><span class='ocrx_word' id='word_1_54' title='bbox 298 1286 737 1380; x_wconf 73' lang='lat' dir='ltr'><strong><em>persuasione</em></strong></span> <span class='ocrx_word' id='word_1_55' title='bbox 756 1278 934 1368; x_wconf 80' lang='lat' dir='ltr'>tabi,</span> <span class='ocrx_word' id='word_1_56' title='bbox 965 1286 1383 1381; x_wconf 80' lang='lat' dir='ltr'><strong><em>pertinacem</em></strong></span> <span class='ocrx_word' id='word_1_57' title='bbox 1412 1279 1591 1351; x_wconf 84' lang='lat' dir='ltr'>ultra</span> <span class='ocrx_word' id='word_1_58' title='bbox 1627 1280 1920 1352; x_wconf 88' lang='lat' dir='ltr'>modum</span> <span class='ocrx_word' id='word_1_59' title='bbox 1947 1296 2245 1353; x_wconf 76' lang='lat' dir='ltr'>tenacem</span> <span class='ocrx_word' id='word_1_60' title='bbox 2261 1308 2396 1354; x_wconf 82' lang='lat' dir='ltr'>esse</span> 
     </span>
     <span class='ocr_line' id='line_1_10' title="bbox 297 1392 2395 1495; baseline 0 -27"><span class='ocrx_word' id='word_1_61' title='bbox 297 1401 635 1495; x_wconf 81' lang='lat' dir='ltr'><strong><em>propositi</em></strong></span> <span class='ocrx_word' id='word_1_62' title='bbox 653 1423 673 1467; x_wconf 92' lang='grc'>.·</span> <span class='ocrx_word' id='word_1_63' title='bbox 710 1395 1166 1494; x_wconf 88' lang='lat' dir='ltr'>plerumque⁷</span> <span class='ocrx_word' id='word_1_64' title='bbox 1195 1394 1382 1467; x_wconf 88' lang='lat' dir='ltr'>velut</span> <span class='ocrx_word' id='word_1_65' title='bbox 1414 1392 1635 1494; x_wconf 71' lang='lat' dir='ltr'>ipsosfl</span> <span class='ocrx_word' id='word_1_66' title='bbox 1665 1396 1928 1467; x_wconf 86' lang='lat' dir='ltr'>coneris</span> <span class='ocrx_word' id='word_1_67' title='bbox 1959 1396 2223 1469; x_wconf 86' lang='lat' dir='ltr'>ratione</span> <span class='ocrx_word' id='word_1_68' title='bbox 2242 1397 2395 1468; x_wconf 88' lang='lat' dir='ltr'>vin-</span> 
     </span>
     <span class='ocr_line' id='line_1_11' title="bbox 304 1508 2492 1609; baseline 0 -26"><span class='ocrx_word' id='word_1_69' title='bbox 304 1535 493 1599; x_wconf 84' lang='lat' dir='ltr'>cere,</span> <span class='ocrx_word' id='word_1_70' title='bbox 522 1510 714 1609; x_wconf 89' lang='lat' dir='ltr'>quod</span> <span class='ocrx_word' id='word_1_71' title='bbox 747 1531 844 1582; x_wconf 83' lang='lat' dir='ltr'>est</span> <span class='ocrx_word' id='word_1_72' title='bbox 874 1508 1390 1581; x_wconf 86' lang='lat' dir='ltr'>mollissimum.</span> <span class='ocrx_word' id='word_1_73' title='bbox 1437 1509 1855 1581; x_wconf 79' lang='lat' dir='ltr'>Indecorum</span> <span class='ocrx_word' id='word_1_74' title='bbox 1880 1532 1982 1584; x_wconf 87' lang='lat' dir='ltr'>est</span> <span class='ocrx_word' id='word_1_75' title='bbox 2009 1538 2217 1609; x_wconf 82' lang='lat' dir='ltr'>super</span> <span class='ocrx_word' id='word_1_76' title='bbox 2246 1511 2393 1584; x_wconf 87' lang='lat' dir='ltr'>haec</span> <span class='ocrx_word' id='word_1_77' title='bbox 2428 1535 2492 1593; x_wconf 83' lang='lat'>91</span> 
     </span>
     <span class='ocr_line' id='line_1_12' title="bbox 304 1624 2395 1726; baseline 0.002 -30"><span class='ocrx_word' id='word_1_78' title='bbox 304 1639 567 1697; x_wconf 84' lang='lat' dir='ltr'>omne9</span> <span class='ocrx_word' id='word_1_79' title='bbox 591 1626 897 1698; x_wconf 87' lang='lat' dir='ltr'>nimium</span> <span class='ocrx_word' id='word_1_80' title='bbox 923 1640 1022 1717; x_wconf 76' lang='lat'>¹⁰3</span> <span class='ocrx_word' id='word_1_81' title='bbox 1058 1624 1351 1726; x_wconf 78' lang='lat' dir='ltr'>ide&#39;oque</span> <span class='ocrx_word' id='word_1_82' title='bbox 1377 1624 1586 1717; x_wconf 19' lang='lat' dir='ltr'>etia-m</span> <span class='ocrx_word' id='word_1_83' title='bbox 1612 1625 1803 1724; x_wconf 89' lang='lat' dir='ltr'>quod</span> <span class='ocrx_word' id='word_1_84' title='bbox 1827 1648 2073 1699; x_wconf 88' lang='lat' dir='ltr'>natura</span> <span class='ocrx_word' id='word_1_85' title='bbox 2103 1627 2197 1699; x_wconf 90' lang='lat' dir='ltr'>rei</span> <span class='ocrx_word' id='word_1_86' title='bbox 2235 1627 2395 1700; x_wconf 85' lang='lat' dir='ltr'>satis</span> 
     </span>
    </p>
   </div>
   <div class='ocr_carea' id='block_1_6' title="bbox 310 1803 1320 2965">
    <p class='ocr_par' dir='ltr' id='par_1_6' title="bbox 310 1803 1320 2965">
     <span class='ocr_line' id='line_1_13' title="bbox 313 1803 1309 1878; baseline -0.002 -22"><span class='ocrx_word' id='word_1_87' title='bbox 313 1804 613 1878; x_wconf 70' lang='lat' dir='ltr'>udiqnitate</span> <span class='ocrx_word' id='word_1_88' title='bbox 663 1805 870 1860; x_wconf 79' lang='lat' dir='ltr'>omni...</span> <span class='ocrx_word' id='word_1_89' title='bbox 915 1803 1309 1869; x_wconf 64' lang='lat' dir='ltr'>sordidissimae,</span> 
     </span>
     <span class='ocr_line' id='line_1_14' title="bbox 312 1884 1311 1957; baseline -0.001 -20"><span class='ocrx_word' id='word_1_90' title='bbox 312 1902 339 1931; x_wconf 72' lang='grc' dir='ltr'>ιι</span> <span class='ocrx_word' id='word_1_91' title='bbox 358 1884 658 1950; x_wconf 71' lang='lat' dir='ltr'>levissime,</span> <span class='ocrx_word' id='word_1_92' title='bbox 702 1884 990 1938; x_wconf 67' lang='lat' dir='ltr'>vanissimae</span> <span class='ocrx_word' id='word_1_93' title='bbox 1024 1884 1171 1957; x_wconf 73' lang='lat' dir='ltr'>qenti</span> <span class='ocrx_word' id='word_1_94' title='bbox 1184 1921 1201 1948; x_wconf 89' lang='lat'><strong><em>,</em></strong></span> <span class='ocrx_word' id='word_1_95' title='bbox 1248 1902 1311 1936; x_wconf 86' lang='lat' dir='ltr'>ae</span> 
     </span>
     <span class='ocr_line' id='line_1_15' title="bbox 314 1963 1311 2041; baseline -0.001 -25"><span class='ocrx_word' id='word_1_96' title='bbox 314 1988 338 2009; x_wconf 72' lang='lat' dir='ltr'>a</span> <span class='ocrx_word' id='word_1_97' title='bbox 354 1982 519 2037; x_wconf 87' lang='lat' dir='ltr'>prope</span> <span class='ocrx_word' id='word_1_98' title='bbox 543 1965 711 2017; x_wconf 84' lang='lat' dir='ltr'>dicam</span> <span class='ocrx_word' id='word_1_99' title='bbox 737 1963 939 2041; x_wconf 68' lang='lat' dir='ltr'>pellitis</span> <span class='ocrx_word' id='word_1_100' title='bbox 961 1965 1159 2017; x_wconf 76' lang='lat' dir='ltr'>testibus</span> <span class='ocrx_word' id='word_1_101' title='bbox 1185 1982 1311 2015; x_wconf 79' lang='lat' dir='ltr'>con-</span> 
     </span>
     <span class='ocr_line' id='line_1_16' title="bbox 316 2036 1311 2097; baseline -0.002 -2"><span class='ocrx_word' id='word_1_102' title='bbox 316 2065 342 2090; x_wconf 73' lang='lat'><strong>«</strong></span> <span class='ocrx_word' id='word_1_103' title='bbox 360 2036 598 2096; x_wconf 60' lang='lat' dir='ltr'>donetur.</span> <span class='ocrx_word' id='word_1_104' title='bbox 634 2046 714 2097; x_wconf 85' lang='lat' dir='ltr'>De</span> <span class='ocrx_word' id='word_1_105' title='bbox 747 2045 920 2097; x_wconf 81' lang='lat' dir='ltr'>Sardis</span> <span class='ocrx_word' id='word_1_106' title='bbox 950 2062 1075 2095; x_wconf 80' lang='lat' dir='ltr'>vero</span> <span class='ocrx_word' id='word_1_107' title='bbox 1114 2061 1311 2096; x_wconf 83' lang='lat' dir='ltr'>sermo-</span> 
     </span>
     <span class='ocr_line' id='line_1_17' title="bbox 314 2121 1314 2193; baseline 0.004 -24"><span class='ocrx_word' id='word_1_108' title='bbox 314 2144 339 2169; x_wconf 76' lang='lat'><strong>·</strong></span> <span class='ocrx_word' id='word_1_109' title='bbox 361 2141 483 2174; x_wconf 84' lang='lat' dir='ltr'>nem</span> <span class='ocrx_word' id='word_1_110' title='bbox 519 2141 659 2187; x_wconf 80' lang='lat' dir='ltr'>esse,</span> <span class='ocrx_word' id='word_1_111' title='bbox 697 2134 1061 2193; x_wconf 72' lang='lat' dir='ltr'>argumentum</span> <span class='ocrx_word' id='word_1_112' title='bbox 1096 2121 1314 2173; x_wconf 81' lang='lat' dir='ltr'>Asconii</span> 
     </span>
     <span class='ocr_line' id='line_1_18' title="bbox 317 2198 1315 2270; baseline 0 -19"><span class='ocrx_word' id='word_1_113' title='bbox 317 2222 340 2246; x_wconf 75' lang='grc' dir='ltr'>οι</span> <span class='ocrx_word' id='word_1_114' title='bbox 360 2200 487 2251; x_wconf 76' lang='lat' dir='ltr'>satis</span> <span class='ocrx_word' id='word_1_115' title='bbox 508 2198 758 2252; x_wconf 75' lang='lat' dir='ltr'>declarat.</span> <span class='ocrx_word' id='word_1_116' title='bbox 781 2224 805 2260; x_wconf 57' lang='grc' dir='ltr'>ι,</span> <span class='ocrx_word' id='word_1_117' title='bbox 832 2199 996 2269; x_wconf 86' lang='lat' dir='ltr'>(Vide</span> <span class='ocrx_word' id='word_1_118' title='bbox 1035 2201 1088 2265; x_wconf 88' lang='lat' dir='ltr'>l,</span> <span class='ocrx_word' id='word_1_119' title='bbox 1129 2198 1191 2264; x_wconf 85' lang='lat'>5,</span> <span class='ocrx_word' id='word_1_120' title='bbox 1230 2199 1315 2270; x_wconf 82' lang='lat'>8.)</span> 
     </span>
     <span class='ocr_line' id='line_1_19' title="bbox 317 2275 1316 2351; baseline 0.002 -23"><span class='ocrx_word' id='word_1_121' title='bbox 317 2300 340 2324; x_wconf 76' lang='grc' dir='ltr'>ιι</span> <span class='ocrx_word' id='word_1_122' title='bbox 363 2276 699 2351; x_wconf 48' lang='lat' dir='ltr'>Allobro-qum</span> <span class='ocrx_word' id='word_1_123' title='bbox 747 2279 1056 2331; x_wconf 73' lang='lat' dir='ltr'>testimoniis</span> <span class='ocrx_word' id='word_1_124' title='bbox 1102 2275 1316 2330; x_wconf 88' lang='lat' dir='ltr'>credere</span> 
     </span>
     <span class='ocr_line' id='line_1_20' title="bbox 315 2356 1314 2428; baseline -0.002 -21"><span class='ocrx_word' id='word_1_125' title='bbox 315 2376 341 2401; x_wconf 67' lang='grc' dir='ltr'>α</span> <span class='ocrx_word' id='word_1_126' title='bbox 356 2368 498 2407; x_wconf 74' lang='lat' dir='ltr'>vetet</span> <span class='ocrx_word' id='word_1_127' title='bbox 541 2356 748 2428; x_wconf 88' lang='lat' dir='ltr'>judices</span> <span class='ocrx_word' id='word_1_128' title='bbox 793 2373 893 2426; x_wconf 87' lang='lat' dir='ltr'>pro</span> <span class='ocrx_word' id='word_1_129' title='bbox 934 2356 1012 2425; x_wconf 90' lang='lat' dir='ltr'>M.</span> <span class='ocrx_word' id='word_1_130' title='bbox 1056 2356 1278 2407; x_wconf 83' lang='lat' dir='ltr'>Fonteio</span> <span class='ocrx_word' id='word_1_131' title='bbox 1295 2394 1314 2422; x_wconf 86' lang='lat'>‚</span> 
     </span>
     <span class='ocr_line' id='line_1_21' title="bbox 317 2433 1171 2505; baseline 0.002 -21"><span class='ocrx_word' id='word_1_132' title='bbox 317 2454 343 2479; x_wconf 81' lang='grc' dir='ltr'>σι</span> <span class='ocrx_word' id='word_1_133' title='bbox 360 2450 479 2505; x_wconf 78' lang='lat' dir='ltr'>cap.</span> <span class='ocrx_word' id='word_1_134' title='bbox 510 2433 541 2485; x_wconf 83' lang='grc'><strong>8</strong></span> <span class='ocrx_word' id='word_1_135' title='bbox 562 2452 708 2505; x_wconf 82' lang='lat' dir='ltr'>seqq.</span> <span class='ocrx_word' id='word_1_136' title='bbox 732 2457 754 2481; x_wconf 74' lang='grc' dir='ltr'>ι</span> <span class='ocrx_word' id='word_1_137' title='bbox 784 2433 1063 2486; x_wconf 84' lang='lat' dir='ltr'>Gesnerus.</span> <span class='ocrx_word' id='word_1_138' title='bbox 1167 2444 1171 2449; x_wconf 80' lang='grc'>’</span> 
     </span>
     <span class='ocr_line' id='line_1_22' title="bbox 314 2508 1317 2577; baseline -0.003 -14"><span class='ocrx_word' id='word_1_139' title='bbox 314 2532 321 2541; x_wconf 85' lang='lat'><strong>·</strong></span> <span class='ocrx_word' id='word_1_140' title='bbox 393 2527 434 2562; x_wconf 83' lang='lat'>¹.</span> <span class='ocrx_word' id='word_1_141' title='bbox 466 2512 764 2563; x_wconf 67' lang='lat' dir='ltr'>Insectantur.</span> <span class='ocrx_word' id='word_1_142' title='bbox 805 2508 1199 2577; x_wconf 59' lang='lat' dir='ltr'>Turimcnsr„</span> <span class='ocrx_word' id='word_1_143' title='bbox 1228 2508 1317 2559; x_wconf 79' lang='lat' dir='ltr'>in-</span> 
     </span>
     <span class='ocr_line' id='line_1_23' title="bbox 310 2587 1313 2653; baseline -0.004 -9"><span class='ocrx_word' id='word_1_144' title='bbox 310 2600 543 2644; x_wconf 77' lang='lat' dir='ltr'>sectatus.</span> <span class='ocrx_word' id='word_1_145' title='bbox 559 2590 686 2641; x_wconf 85' lang='lat' dir='ltr'>Mox</span> <span class='ocrx_word' id='word_1_146' title='bbox 703 2590 875 2653; x_wconf 77' lang='lat' dir='ltr'>hostis,</span> <span class='ocrx_word' id='word_1_147' title='bbox 890 2589 1029 2641; x_wconf 82' lang='lat' dir='ltr'>Flor.</span> <span class='ocrx_word' id='word_1_148' title='bbox 1045 2587 1313 2641; x_wconf 83' lang='lat' dir='ltr'>Guelferb.</span> 
     </span>
     <span class='ocr_line' id='line_1_24' title="bbox 311 2666 1317 2737; baseline -0.002 -18"><span class='ocrx_word' id='word_1_149' title='bbox 311 2668 475 2719; x_wconf 67' lang='lat' dir='ltr'>Cute.</span> <span class='ocrx_word' id='word_1_150' title='bbox 490 2666 649 2719; x_wconf 81' lang='lat' dir='ltr'>Goth.</span> <span class='ocrx_word' id='word_1_151' title='bbox 670 2669 698 2719; x_wconf 84' lang='lat' dir='ltr'>J</span> <span class='ocrx_word' id='word_1_152' title='bbox 705 2686 813 2719; x_wconf 88' lang='lat' dir='ltr'>eus.</span> <span class='ocrx_word' id='word_1_153' title='bbox 835 2666 857 2737; x_wconf 92' lang='lat'><strong>(</strong></span> <span class='ocrx_word' id='word_1_154' title='bbox 874 2679 974 2718; x_wconf 82' lang='lat' dir='ltr'>tac.</span> <span class='ocrx_word' id='word_1_155' title='bbox 989 2666 1147 2719; x_wconf 87' lang='lat' dir='ltr'>Gesn.</span> <span class='ocrx_word' id='word_1_156' title='bbox 1159 2666 1181 2737; x_wconf 98' lang='lat'>)</span> <span class='ocrx_word' id='word_1_157' title='bbox 1194 2684 1317 2717; x_wconf 88' lang='lat' dir='ltr'>cum</span> 
     </span>
     <span class='ocr_line' id='line_1_25' title="bbox 315 2744 1320 2817; baseline 0.001 -21"><span class='ocrx_word' id='word_1_158' title='bbox 315 2746 471 2798; x_wconf 80' lang='lat' dir='ltr'>Voss.</span> <span class='ocrx_word' id='word_1_159' title='bbox 491 2763 519 2798; x_wconf 65' lang='grc' dir='ltr'>α</span> <span class='ocrx_word' id='word_1_160' title='bbox 533 2783 549 2811; x_wconf 84' lang='grc'><em>,</em></span> <span class='ocrx_word' id='word_1_161' title='bbox 569 2759 622 2798; x_wconf 89' lang='lat' dir='ltr'>et</span> <span class='ocrx_word' id='word_1_162' title='bbox 635 2745 755 2798; x_wconf 85' lang='lat' dir='ltr'>edd.</span> <span class='ocrx_word' id='word_1_163' title='bbox 778 2758 899 2797; x_wconf 79' lang='lat' dir='ltr'>ante</span> <span class='ocrx_word' id='word_1_164' title='bbox 918 2744 1073 2797; x_wconf 77' lang='lat' dir='ltr'>Basil.</span> <span class='ocrx_word' id='word_1_165' title='bbox 1092 2745 1190 2796; x_wconf 88' lang='lat' dir='ltr'>Hic</span> <span class='ocrx_word' id='word_1_166' title='bbox 1205 2747 1320 2817; x_wconf 88' lang='lat' dir='ltr'>qui·</span> 
     </span>
     <span class='ocr_line' id='line_1_26' title="bbox 315 2821 1280 2876; baseline 0 -2"><span class='ocrx_word' id='word_1_167' title='bbox 315 2821 438 2876; x_wconf 80' lang='lat' dir='ltr'>dem</span> <span class='ocrx_word' id='word_1_168' title='bbox 460 2841 581 2874; x_wconf 85' lang='lat' dir='ltr'>cum</span> <span class='ocrx_word' id='word_1_169' title='bbox 606 2835 742 2876; x_wconf 77' lang='lat' dir='ltr'>caett.</span> <span class='ocrx_word' id='word_1_170' title='bbox 767 2836 890 2875; x_wconf 75' lang='lat' dir='ltr'>ante</span> <span class='ocrx_word' id='word_1_171' title='bbox 913 2822 1049 2873; x_wconf 72' lang='lat' dir='ltr'>noll.</span> <span class='ocrx_word' id='word_1_172' title='bbox 1079 2822 1280 2876; x_wconf 69' lang='lat' dir='ltr'>hosteis.</span> 
     </span>
     <span class='ocr_line' id='line_1_27' title="bbox 390 2902 1315 2965; baseline 0 -11"><span class='ocrx_word' id='word_1_173' title='bbox 390 2919 438 2954; x_wconf 78' lang='lat'>2.</span> <span class='ocrx_word' id='word_1_174' title='bbox 463 2902 735 2954; x_wconf 75' lang='lat' dir='ltr'>Remotum</span> <span class='ocrx_word' id='word_1_175' title='bbox 754 2921 877 2954; x_wconf 80' lang='lat' dir='ltr'>cura</span> <span class='ocrx_word' id='word_1_176' title='bbox 892 2925 913 2965; x_wconf 89' lang='lat'>,·</span> <span class='ocrx_word' id='word_1_177' title='bbox 941 2905 1015 2954; x_wconf 84' lang='lat' dir='ltr'>sic</span> <span class='ocrx_word' id='word_1_178' title='bbox 1042 2902 1315 2955; x_wconf 74' lang='lat' dir='ltr'>Tur-icens.</span> 
     </span>
    </p>
   </div>
   <div class='ocr_carea' id='block_1_7' title="bbox 228 2966 1314 3035">
    <p class='ocr_par' dir='ltr' id='par_1_7' title="bbox 228 2966 1314 3035">
     <span class='ocr_line' id='line_1_28' title="bbox 228 2966 1314 3035; baseline -0.001 -1"><span class='ocrx_word' id='word_1_179' title='bbox 228 3024 233 3028; x_wconf 82' lang='lat'>.</span> <span class='ocrx_word' id='word_1_180' title='bbox 314 2976 648 3034; x_wconf 79' lang='lat' dir='ltr'>Flor.Guelf.</span> <span class='ocrx_word' id='word_1_181' title='bbox 663 2966 826 3035; x_wconf 55' lang='lat' dir='ltr'>Cane.</span> <span class='ocrx_word' id='word_1_182' title='bbox 848 3000 969 3034; x_wconf 87' lang='lat' dir='ltr'>cum</span> <span class='ocrx_word' id='word_1_183' title='bbox 985 2980 1145 3034; x_wconf 75' lang='lat' dir='ltr'>Goth.</span> <span class='ocrx_word' id='word_1_184' title='bbox 1164 2987 1314 3033; x_wconf 83' lang='lat' dir='ltr'>Voss.</span> 
     </span>
    </p>
   </div>
   <div class='ocr_carea' id='block_1_8' title="bbox 314 3059 1321 3369">
    <p class='ocr_par' dir='ltr' id='par_1_8' title="bbox 314 3059 1321 3369">
     <span class='ocr_line' id='line_1_29' title="bbox 319 3059 1319 3127; baseline -0.005 -12"><span class='ocrx_word' id='word_1_185' title='bbox 319 3079 382 3127; x_wconf 76' lang='lat'>2,</span> <span class='ocrx_word' id='word_1_186' title='bbox 413 3060 548 3113; x_wconf 79' lang='lat' dir='ltr'>Alm.</span> <span class='ocrx_word' id='word_1_187' title='bbox 572 3062 715 3113; x_wconf 86' lang='lat' dir='ltr'>Jens.</span> <span class='ocrx_word' id='word_1_188' title='bbox 746 3060 899 3112; x_wconf 69' lang='lat' dir='ltr'>Tar-V.</span> <span class='ocrx_word' id='word_1_189' title='bbox 931 3059 1048 3111; x_wconf 82' lang='lat' dir='ltr'>Ald.</span> <span class='ocrx_word' id='word_1_190' title='bbox 1084 3059 1235 3112; x_wconf 79' lang='lat' dir='ltr'>Basil.</span> <span class='ocrx_word' id='word_1_191' title='bbox 1267 3073 1319 3111; x_wconf 83' lang='lat' dir='ltr'>et</span> 
     </span>
     <span class='ocr_line' id='line_1_30' title="bbox 314 3138 1320 3209; baseline -0.002 -19"><span class='ocrx_word' id='word_1_192' title='bbox 314 3138 523 3191; x_wconf 77' lang='lat' dir='ltr'>videtur</span> <span class='ocrx_word' id='word_1_193' title='bbox 543 3138 701 3209; x_wconf 82' lang='lat' dir='ltr'>hujus</span> <span class='ocrx_word' id='word_1_194' title='bbox 722 3141 815 3191; x_wconf 62' lang='lat' dir='ltr'>mvi</span> <span class='ocrx_word' id='word_1_195' title='bbox 833 3139 996 3190; x_wconf 85' lang='lat' dir='ltr'>fuisse</span> <span class='ocrx_word' id='word_1_196' title='bbox 1020 3138 1131 3191; x_wconf 80' lang='lat' dir='ltr'>haec</span> <span class='ocrx_word' id='word_1_197' title='bbox 1149 3151 1320 3189; x_wconf 81' lang='lat' dir='ltr'>struc-</span> 
     </span>
     <span class='ocr_line' id='line_1_31' title="bbox 317 3217 1319 3285; baseline -0.001 -14"><span class='ocrx_word' id='word_1_198' title='bbox 317 3231 452 3272; x_wconf 76' lang='lat' dir='ltr'>tura.</span> <span class='ocrx_word' id='word_1_199' title='bbox 473 3218 605 3271; x_wconf 84' lang='lat' dir='ltr'>Vide</span> <span class='ocrx_word' id='word_1_200' title='bbox 633 3219 846 3272; x_wconf 87' lang='lat' dir='ltr'>Sueton.</span> <span class='ocrx_word' id='word_1_201' title='bbox 866 3217 1041 3270; x_wconf 89' lang='lat' dir='ltr'>Tiber.</span> <span class='ocrx_word' id='word_1_202' title='bbox 1066 3220 1151 3285; x_wconf 71' lang='lat'>42.</span> <span class='ocrx_word' id='word_1_203' title='bbox 1183 3219 1319 3271; x_wconf 83' lang='lat' dir='ltr'>Reii-</span> 
     </span>
     <span class='ocr_line' id='line_1_32' title="bbox 320 3297 1321 3369; baseline -0.001 -20"><span class='ocrx_word' id='word_1_204' title='bbox 320 3299 412 3369; x_wconf 83' lang='lat' dir='ltr'>qui</span> <span class='ocrx_word' id='word_1_205' title='bbox 434 3300 670 3351; x_wconf 85' lang='lat' dir='ltr'>inserunt</span> <span class='ocrx_word' id='word_1_206' title='bbox 691 3318 742 3351; x_wconf 87' lang='lat' dir='ltr'>a.</span> <span class='ocrx_word' id='word_1_207' title='bbox 766 3327 839 3338; x_wconf 93' lang='lat'>-</span> <span class='ocrx_word' id='word_1_208' title='bbox 858 3297 1124 3350; x_wconf 80' lang='lat' dir='ltr'>omittunt</span> <span class='ocrx_word' id='word_1_209' title='bbox 1153 3299 1321 3350; x_wconf 79' lang='lat' dir='ltr'>nostri</span> 
     </span>
    </p>
   </div>
   <div class='ocr_carea' id='block_1_9' title="bbox 268 3375 1330 4239">
    <p class='ocr_par' dir='ltr' id='par_1_9' title="bbox 316 3375 605 3429">
     <span class='ocr_line' id='line_1_33' title="bbox 316 3375 605 3429; baseline -0.007 0"><span class='ocrx_word' id='word_1_210' title='bbox 316 3375 489 3429; x_wconf 86' lang='lat' dir='ltr'>Codd.</span> <span class='ocrx_word' id='word_1_211' title='bbox 514 3377 605 3428; x_wconf 81' lang='lat' dir='ltr'>Eo.</span> 
     </span>
    </p>

    <p class='ocr_par' dir='ltr' id='par_1_10' title="bbox 268 3454 1323 3922">
     <span class='ocr_line' id='line_1_34' title="bbox 388 3454 1320 3511; baseline -0.001 -1"><span class='ocrx_word' id='word_1_212' title='bbox 388 3458 441 3510; x_wconf 82' lang='lat'>3.</span> <span class='ocrx_word' id='word_1_213' title='bbox 483 3456 763 3511; x_wconf 79' lang='lat' dir='ltr'>Verborum</span> <span class='ocrx_word' id='word_1_214' title='bbox 784 3457 1153 3509; x_wconf 75' lang='lat' dir='ltr'>moderatione.</span> <span class='ocrx_word' id='word_1_215' title='bbox 1185 3454 1320 3509; x_wconf 82' lang='lat' dir='ltr'>Vide</span> 
     </span>
     <span class='ocr_line' id='line_1_35' title="bbox 316 3535 1022 3607; baseline -0.003 -18"><span class='ocrx_word' id='word_1_216' title='bbox 316 3536 416 3602; x_wconf 86' lang='lat' dir='ltr'>m,</span> <span class='ocrx_word' id='word_1_217' title='bbox 439 3552 499 3607; x_wconf 88' lang='lat'>7,</span> <span class='ocrx_word' id='word_1_218' title='bbox 528 3536 622 3598; x_wconf 77' lang='lat'>25;</span> <span class='ocrx_word' id='word_1_219' title='bbox 648 3535 873 3603; x_wconf 73' lang='lat' dir='ltr'>V111,4,</span> <span class='ocrx_word' id='word_1_220' title='bbox 904 3554 948 3604; x_wconf 78' lang='grc' dir='ltr'>ι,</span> <span class='ocrx_word' id='word_1_221' title='bbox 975 3552 1022 3587; x_wconf 80' lang='lat'>2.</span> 
     </span>
     <span class='ocr_line' id='line_1_36' title="bbox 268 3613 1322 3685; baseline -0.001 -17"><span class='ocrx_word' id='word_1_222' title='bbox 268 3625 277 3638; x_wconf 79' lang='grc'>·“</span> <span class='ocrx_word' id='word_1_223' title='bbox 388 3616 440 3683; x_wconf 70' lang='grc'>4.</span> <span class='ocrx_word' id='word_1_224' title='bbox 457 3617 831 3668; x_wconf 66' lang='lat' dir='ltr'>Medea-atione.</span> <span class='ocrx_word' id='word_1_225' title='bbox 844 3616 1022 3668; x_wconf 82' lang='lat' dir='ltr'>Turio.</span> <span class='ocrx_word' id='word_1_226' title='bbox 1036 3613 1152 3685; x_wconf 86' lang='lat' dir='ltr'>(sed</span> <span class='ocrx_word' id='word_1_227' title='bbox 1166 3614 1253 3667; x_wconf 85' lang='lat' dir='ltr'>hic</span> <span class='ocrx_word' id='word_1_228' title='bbox 1269 3628 1322 3667; x_wconf 87' lang='lat' dir='ltr'>et</span> 
     </span>
     <span class='ocr_line' id='line_1_37' title="bbox 318 3694 1318 3765; baseline 0 -19"><span class='ocrx_word' id='word_1_229' title='bbox 318 3694 574 3765; x_wconf 61' lang='lat' dir='ltr'>detrahit)</span> <span class='ocrx_word' id='word_1_230' title='bbox 600 3694 740 3746; x_wconf 77' lang='lat' dir='ltr'>Fior.</span> <span class='ocrx_word' id='word_1_231' title='bbox 760 3694 935 3748; x_wconf 79' lang='lat' dir='ltr'>Guelf.</span> <span class='ocrx_word' id='word_1_232' title='bbox 958 3697 1083 3747; x_wconf 86' lang='lat' dir='ltr'>Exc.</span> <span class='ocrx_word' id='word_1_233' title='bbox 1106 3695 1318 3747; x_wconf 80' lang='lat' dir='ltr'>Samen.</span> 
     </span>
     <span class='ocr_line' id='line_1_38' title="bbox 318 3772 1323 3845; baseline 0 -20"><span class='ocrx_word' id='word_1_234' title='bbox 318 3774 482 3825; x_wconf 67' lang='lat' dir='ltr'>Cane.</span> <span class='ocrx_word' id='word_1_235' title='bbox 503 3811 520 3839; x_wconf 89' lang='lat'><strong>‚</strong></span> <span class='ocrx_word' id='word_1_236' title='bbox 565 3772 865 3825; x_wconf 76' lang='lat' dir='ltr'>moderatio.</span> <span class='ocrx_word' id='word_1_237' title='bbox 894 3802 966 3814; x_wconf 90' lang='lat'><em>-</em></span> <span class='ocrx_word' id='word_1_238' title='bbox 987 3774 1073 3826; x_wconf 88' lang='lat' dir='ltr'>Sic</span> <span class='ocrx_word' id='word_1_239' title='bbox 1109 3791 1323 3845; x_wconf 83' lang='lat' dir='ltr'>quoque</span> 
     </span>
     <span class='ocr_line' id='line_1_39' title="bbox 318 3850 1137 3922; baseline -0.004 -18"><span class='ocrx_word' id='word_1_240' title='bbox 318 3850 453 3904; x_wconf 78' lang='lat' dir='ltr'>vau.</span> <span class='ocrx_word' id='word_1_241' title='bbox 478 3850 569 3902; x_wconf 87' lang='lat' dir='ltr'>lib.</span> <span class='ocrx_word' id='word_1_242' title='bbox 596 3852 704 3903; x_wconf 82' lang='lat' dir='ltr'>RR.</span> <span class='ocrx_word' id='word_1_243' title='bbox 731 3867 785 3922; x_wconf 87' lang='lat'>7,</span> <span class='ocrx_word' id='word_1_244' title='bbox 815 3865 904 3916; x_wconf 81' lang='grc' dir='ltr'>ιο,</span> <span class='ocrx_word' id='word_1_245' title='bbox 935 3867 953 3901; x_wconf 85' lang='lat'>1</span> <span class='ocrx_word' id='word_1_246' title='bbox 972 3866 1017 3901; x_wconf 86' lang='grc' dir='ltr'>ι.</span> <span class='ocrx_word' id='word_1_247' title='bbox 1039 3850 1137 3901; x_wconf 82' lang='grc' dir='ltr'>Ευ.</span> 
     </span>
    </p>

    <p class='ocr_par' dir='ltr' id='par_1_11' title="bbox 391 3929 1188 4002">
     <span class='ocr_line' id='line_1_40' title="bbox 391 3929 1188 4002; baseline -0.001 -19"><span class='ocrx_word' id='word_1_248' title='bbox 391 3929 444 3983; x_wconf 81' lang='lat'>⁵.</span> <span class='ocrx_word' id='word_1_249' title='bbox 469 3930 739 4002; x_wconf 75' lang='lat' dir='ltr'>Asperum.</span> <span class='ocrx_word' id='word_1_250' title='bbox 767 3932 976 3998; x_wconf 62' lang='grc' dir='ltr'>Τηνία,</span> <span class='ocrx_word' id='word_1_251' title='bbox 996 3947 1188 4002; x_wconf 79' lang='lat' dir='ltr'>aspere.</span> 
     </span>
    </p>

    <p class='ocr_par' dir='ltr' id='par_1_12' title="bbox 325 4007 1325 4141">
     <span class='ocr_line' id='line_1_41' title="bbox 392 4007 1325 4080; baseline 0.002 -21"><span class='ocrx_word' id='word_1_252' title='bbox 392 4007 447 4060; x_wconf 85' lang='lat'>6.</span> <span class='ocrx_word' id='word_1_253' title='bbox 458 4007 969 4063; x_wconf 77' lang='lat' dir='ltr'>Nimium.Rollinus</span> <span class='ocrx_word' id='word_1_254' title='bbox 987 4008 1134 4061; x_wconf 79' lang='lat' dir='ltr'>malit</span> <span class='ocrx_word' id='word_1_255' title='bbox 1151 4008 1325 4080; x_wconf 72' lang='lat' dir='ltr'>legere</span> 
     </span>
     <span class='ocr_line' id='line_1_42' title="bbox 325 4088 615 4141; baseline -0.007 0"><span class='ocrx_word' id='word_1_256' title='bbox 325 4088 496 4141; x_wconf 67' lang='lat' dir='ltr'>nimis.</span> <span class='ocrx_word' id='word_1_257' title='bbox 521 4090 615 4140; x_wconf 81' lang='lat' dir='ltr'>Eu.</span> 
     </span>
    </p>

    <p class='ocr_par' dir='ltr' id='par_1_13' title="bbox 395 4162 1330 4239">
     <span class='ocr_line' id='line_1_43' title="bbox 395 4162 1330 4239; baseline 0 -23"><span class='ocrx_word' id='word_1_258' title='bbox 395 4180 448 4236; x_wconf 88' lang='lat'>7.</span> <span class='ocrx_word' id='word_1_259' title='bbox 468 4165 785 4239; x_wconf 72' lang='lat' dir='ltr'>Plerumque</span> <span class='ocrx_word' id='word_1_260' title='bbox 797 4162 951 4218; x_wconf 69' lang='lat' dir='ltr'>velut.</span> <span class='ocrx_word' id='word_1_261' title='bbox 966 4163 1165 4217; x_wconf 79' lang='lat' dir='ltr'>Locum</span> <span class='ocrx_word' id='word_1_262' title='bbox 1179 4163 1330 4217; x_wconf 70' lang='lat' dir='ltr'>labo-</span> 
     </span>
    </p>
   </div>
   <div class='ocr_carea' id='block_1_10' title="bbox 1388 1804 2440 2567">
    <p class='ocr_par' dir='ltr' id='par_1_14' title="bbox 1388 1804 2440 2567">
     <span class='ocr_line' id='line_1_44' title="bbox 1389 1804 2440 1881; baseline 0.006 -26"><span class='ocrx_word' id='word_1_263' title='bbox 1389 1823 1504 1881; x_wconf 66' lang='lat' dir='ltr'>rare</span> <span class='ocrx_word' id='word_1_264' title='bbox 1529 1804 1761 1876; x_wconf 78' lang='lat' dir='ltr'>abrupto</span> <span class='ocrx_word' id='word_1_265' title='bbox 1790 1806 1941 1858; x_wconf 87' lang='lat' dir='ltr'>nimis</span> <span class='ocrx_word' id='word_1_266' title='bbox 1966 1825 2064 1858; x_wconf 89' lang='lat' dir='ltr'>nec</span> <span class='ocrx_word' id='word_1_267' title='bbox 2086 1807 2395 1879; x_wconf 82' lang='lat' dir='ltr'>praeceden-</span> <span class='ocrx_word' id='word_1_268' title='bbox 2435 1854 2440 1860; x_wconf 90' lang='lat'>.</span> 
     </span>
     <span class='ocr_line' id='line_1_45' title="bbox 1390 1882 2399 1955; baseline 0.004 -21"><span class='ocrx_word' id='word_1_269' title='bbox 1390 1882 1530 1935; x_wconf 84' lang='lat' dir='ltr'>tibus</span> <span class='ocrx_word' id='word_1_270' title='bbox 1559 1886 1841 1936; x_wconf 81' lang='lat' dir='ltr'>commisso</span> <span class='ocrx_word' id='word_1_271' title='bbox 1866 1883 2075 1936; x_wconf 85' lang='lat' dir='ltr'>dicendi</span> <span class='ocrx_word' id='word_1_272' title='bbox 2094 1904 2315 1955; x_wconf 71' lang='lat' dir='ltr'>genere,</span> <span class='ocrx_word' id='word_1_273' title='bbox 2345 1900 2399 1939; x_wconf 87' lang='lat' dir='ltr'>et</span> 
     </span>
     <span class='ocr_line' id='line_1_46' title="bbox 1390 1962 2394 2035; baseline 0.004 -22"><span class='ocrx_word' id='word_1_274' title='bbox 1390 1965 1503 2035; x_wconf 85' lang='lat' dir='ltr'>ipse</span> <span class='ocrx_word' id='word_1_275' title='bbox 1540 1964 1712 2016; x_wconf 79' lang='lat' dir='ltr'>sentio</span> <span class='ocrx_word' id='word_1_276' title='bbox 1741 1981 1862 2015; x_wconf 86' lang='lat' dir='ltr'>cum</span> <span class='ocrx_word' id='word_1_277' title='bbox 1890 1962 2099 2015; x_wconf 78' lang='lat' dir='ltr'>Roilino</span> <span class='ocrx_word' id='word_1_278' title='bbox 2130 1976 2184 2015; x_wconf 85' lang='lat' dir='ltr'>et</span> <span class='ocrx_word' id='word_1_279' title='bbox 2219 1964 2394 2017; x_wconf 87' lang='lat' dir='ltr'>Burm.</span> 
     </span>
     <span class='ocr_line' id='line_1_47' title="bbox 1388 2040 2398 2109; baseline 0.003 -16"><span class='ocrx_word' id='word_1_280' title='bbox 1388 2042 1566 2109; x_wconf 81' lang='lat' dir='ltr'>Quare</span> <span class='ocrx_word' id='word_1_281' title='bbox 1602 2040 1727 2094; x_wconf 85' lang='lat' dir='ltr'>huic</span> <span class='ocrx_word' id='word_1_282' title='bbox 1760 2045 1981 2094; x_wconf 83' lang='lat' dir='ltr'>maxime</span> <span class='ocrx_word' id='word_1_283' title='bbox 2022 2043 2249 2109; x_wconf 76' lang='lat' dir='ltr'>accedo,</span> <span class='ocrx_word' id='word_1_284' title='bbox 2285 2062 2398 2097; x_wconf 82' lang='lat' dir='ltr'>non</span> 
     </span>
     <span class='ocr_line' id='line_1_48' title="bbox 1393 2122 2399 2193; baseline 0 -20"><span class='ocrx_word' id='word_1_285' title='bbox 1393 2124 1654 2191; x_wconf 77' lang='lat' dir='ltr'>integrum</span> <span class='ocrx_word' id='word_1_286' title='bbox 1673 2123 1990 2192; x_wconf 80' lang='lat' dir='ltr'>suspicanti:</span> <span class='ocrx_word' id='word_1_287' title='bbox 2017 2122 2148 2193; x_wconf 84' lang='lat' dir='ltr'>ipsos</span> <span class='ocrx_word' id='word_1_288' title='bbox 2164 2123 2399 2175; x_wconf 85' lang='lat' dir='ltr'>referen-</span> 
     </span>
     <span class='ocr_line' id='line_1_49' title="bbox 1393 2198 2399 2274; baseline 0 -21"><span class='ocrx_word' id='word_1_289' title='bbox 1393 2199 1521 2253; x_wconf 86' lang='lat' dir='ltr'>dum</span> <span class='ocrx_word' id='word_1_290' title='bbox 1549 2201 1648 2250; x_wconf 87' lang='lat' dir='ltr'>erit</span> <span class='ocrx_word' id='word_1_291' title='bbox 1671 2198 1737 2251; x_wconf 83' lang='lat' dir='ltr'>ad</span> <span class='ocrx_word' id='word_1_292' title='bbox 1764 2217 2001 2271; x_wconf 84' lang='lat' dir='ltr'>asperum</span> <span class='ocrx_word' id='word_1_293' title='bbox 2027 2199 2200 2265; x_wconf 79' lang='lat' dir='ltr'>illum,</span> <span class='ocrx_word' id='word_1_294' title='bbox 2232 2202 2399 2274; x_wconf 81' lang='lat' dir='ltr'>injus-</span> 
     </span>
     <span class='ocr_line' id='line_1_50' title="bbox 1396 2276 2423 2350; baseline 0 -20"><span class='ocrx_word' id='word_1_295' title='bbox 1396 2290 1526 2343; x_wconf 84' lang='lat' dir='ltr'>tum,</span> <span class='ocrx_word' id='word_1_296' title='bbox 1543 2278 1876 2350; x_wconf 79' lang='lat' dir='ltr'>pertinacem.</span> <span class='ocrx_word' id='word_1_297' title='bbox 1897 2277 2039 2346; x_wconf 88' lang='lat' dir='ltr'>Quid</span> <span class='ocrx_word' id='word_1_298' title='bbox 2057 2276 2255 2330; x_wconf 78' lang='lat' dir='ltr'>iacunae</span> <span class='ocrx_word' id='word_1_299' title='bbox 2271 2297 2423 2350; x_wconf 83' lang='lat' dir='ltr'>ope··</span> 
     </span>
     <span class='ocr_line' id='line_1_51' title="bbox 1394 2356 2399 2428; baseline 0 -19"><span class='ocrx_word' id='word_1_300' title='bbox 1394 2356 1585 2409; x_wconf 80' lang='lat' dir='ltr'>rieudae</span> <span class='ocrx_word' id='word_1_301' title='bbox 1600 2357 1932 2428; x_wconf 82' lang='lat' dir='ltr'>potissimum</span> <span class='ocrx_word' id='word_1_302' title='bbox 1952 2359 2196 2408; x_wconf 82' lang='lat' dir='ltr'>inservire</span> <span class='ocrx_word' id='word_1_303' title='bbox 2213 2358 2399 2428; x_wconf 70' lang='lat' dir='ltr'>possit,</span> 
     </span>
     <span class='ocr_line' id='line_1_52' title="bbox 1393 2433 2402 2507; baseline 0.001 -20"><span class='ocrx_word' id='word_1_304' title='bbox 1393 2434 1536 2487; x_wconf 78' lang='lat' dir='ltr'>haud</span> <span class='ocrx_word' id='word_1_305' title='bbox 1553 2433 1706 2486; x_wconf 82' lang='lat' dir='ltr'>facile</span> <span class='ocrx_word' id='word_1_306' title='bbox 1726 2433 1897 2486; x_wconf 86' lang='lat' dir='ltr'>dictu:</span> <span class='ocrx_word' id='word_1_307' title='bbox 1931 2435 2003 2486; x_wconf 87' lang='lat' dir='ltr'>ita</span> <span class='ocrx_word' id='word_1_308' title='bbox 2018 2447 2140 2506; x_wconf 86' lang='lat' dir='ltr'>post</span> <span class='ocrx_word' id='word_1_309' title='bbox 2149 2436 2402 2507; x_wconf 77' lang='lat' dir='ltr'>propositi</span> 
     </span>
     <span class='ocr_line' id='line_1_53' title="bbox 1393 2513 2401 2567; baseline 0.001 -2"><span class='ocrx_word' id='word_1_310' title='bbox 1393 2516 1646 2565; x_wconf 82' lang='lat' dir='ltr'>insertum</span> <span class='ocrx_word' id='word_1_311' title='bbox 1663 2513 1905 2565; x_wconf 81' lang='lat' dir='ltr'>sufficere</span> <span class='ocrx_word' id='word_1_312' title='bbox 1924 2532 2033 2565; x_wconf 89' lang='lat' dir='ltr'>non</span> <span class='ocrx_word' id='word_1_313' title='bbox 2047 2513 2268 2566; x_wconf 76' lang='lat' dir='ltr'>videtur.</span> <span class='ocrx_word' id='word_1_314' title='bbox 2287 2515 2401 2567; x_wconf 81' lang='lat' dir='ltr'>Nec</span> 
     </span>
    </p>
   </div>
   <div class='ocr_carea' id='block_1_11' title="bbox 1396 2595 2400 2725">
    <p class='ocr_par' dir='ltr' id='par_1_15' title="bbox 1396 2595 2400 2725">
     <span class='ocr_line' id='line_1_54' title="bbox 1401 2595 2400 2664; baseline 0.002 -19"><span class='ocrx_word' id='word_1_315' title='bbox 1401 2606 1575 2645; x_wconf 83' lang='lat' dir='ltr'>tamen</span> <span class='ocrx_word' id='word_1_316' title='bbox 1617 2611 1857 2663; x_wconf 75' lang='lat' dir='ltr'>maguam</span> <span class='ocrx_word' id='word_1_317' title='bbox 1901 2595 2162 2664; x_wconf 79' lang='lat' dir='ltr'>jacturam</span> <span class='ocrx_word' id='word_1_318' title='bbox 2204 2595 2400 2647; x_wconf 75' lang='lat' dir='ltr'>factam</span> 
     </span>
     <span class='ocr_line' id='line_1_55' title="bbox 1396 2671 1641 2725; baseline -0.012 0"><span class='ocrx_word' id='word_1_319' title='bbox 1396 2671 1641 2725; x_wconf 75' lang='lat' dir='ltr'>arbitror.</span> 
     </span>
    </p>
   </div>
   <div class='ocr_carea' id='block_1_12' title="bbox 1394 2746 2411 4243">
    <p class='ocr_par' dir='ltr' id='par_1_16' title="bbox 1394 2746 2403 3295">
     <span class='ocr_line' id='line_1_56' title="bbox 1467 2746 2402 2819; baseline 0 -17"><span class='ocrx_word' id='word_1_320' title='bbox 1467 2750 1517 2802; x_wconf 86' lang='lat'>8.</span> <span class='ocrx_word' id='word_1_321' title='bbox 1535 2749 1692 2819; x_wconf 88' lang='lat' dir='ltr'>Ipsos.</span> <span class='ocrx_word' id='word_1_322' title='bbox 1713 2746 1874 2800; x_wconf 86' lang='lat' dir='ltr'>Goth.</span> <span class='ocrx_word' id='word_1_323' title='bbox 1887 2786 1904 2811; x_wconf 86' lang='grc'>,</span> <span class='ocrx_word' id='word_1_324' title='bbox 1921 2748 2044 2819; x_wconf 84' lang='lat' dir='ltr'>ipse,</span> <span class='ocrx_word' id='word_1_325' title='bbox 2060 2747 2221 2801; x_wconf 78' lang='lat' dir='ltr'>solus.</span> <span class='ocrx_word' id='word_1_326' title='bbox 2238 2748 2402 2818; x_wconf 83' lang='lat' dir='ltr'>Quod</span> 
     </span>
     <span class='ocr_line' id='line_1_57' title="bbox 1394 2828 2396 2901; baseline -0.001 -18"><span class='ocrx_word' id='word_1_327' title='bbox 1394 2828 1525 2883; x_wconf 88' lang='lat' dir='ltr'>Obr.</span> <span class='ocrx_word' id='word_1_328' title='bbox 1544 2829 1616 2881; x_wconf 89' lang='lat' dir='ltr'>sic</span> <span class='ocrx_word' id='word_1_329' title='bbox 1636 2845 1868 2898; x_wconf 80' lang='lat' dir='ltr'>asperum</span> <span class='ocrx_word' id='word_1_330' title='bbox 1899 2829 2108 2899; x_wconf 87' lang='lat' dir='ltr'>reponit</span> <span class='ocrx_word' id='word_1_331' title='bbox 2131 2847 2230 2901; x_wconf 89' lang='lat' dir='ltr'>pro</span> <span class='ocrx_word' id='word_1_332' title='bbox 2249 2830 2293 2882; x_wconf 89' lang='lat' dir='ltr'>si</span> <span class='ocrx_word' id='word_1_333' title='bbox 2314 2850 2364 2882; x_wconf 91' lang='lat' dir='ltr'>a.</span> <span class='ocrx_word' id='word_1_334' title='bbox 2378 2868 2396 2896; x_wconf 92' lang='lat'>,</span> 
     </span>
     <span class='ocr_line' id='line_1_58' title="bbox 1396 2907 2400 2977; baseline 0.005 -20"><span class='ocrx_word' id='word_1_335' title='bbox 1396 2924 1505 2958; x_wconf 80' lang='lat' dir='ltr'>non</span> <span class='ocrx_word' id='word_1_336' title='bbox 1531 2924 1666 2977; x_wconf 88' lang='lat' dir='ltr'>opus</span> <span class='ocrx_word' id='word_1_337' title='bbox 1688 2919 1792 2970; x_wconf 85' lang='lat' dir='ltr'>est,</span> <span class='ocrx_word' id='word_1_338' title='bbox 1818 2924 1979 2976; x_wconf 88' lang='lat' dir='ltr'>quum</span> <span class='ocrx_word' id='word_1_339' title='bbox 1998 2907 2041 2959; x_wconf 88' lang='lat' dir='ltr'>si</span> <span class='ocrx_word' id='word_1_340' title='bbox 2061 2909 2317 2960; x_wconf 79' lang='lat' dir='ltr'>referatur</span> <span class='ocrx_word' id='word_1_341' title='bbox 2331 2908 2400 2962; x_wconf 82' lang='lat' dir='ltr'>ad</span> 
     </span>
     <span class='ocr_line' id='line_1_59' title="bbox 1395 2982 2401 3056; baseline 0.001 -20"><span class='ocrx_word' id='word_1_342' title='bbox 1395 2983 1600 3036; x_wconf 78' lang='lat' dir='ltr'>detrahi</span> <span class='ocrx_word' id='word_1_343' title='bbox 1633 2982 1762 3036; x_wconf 82' lang='lat' dir='ltr'>solet</span> <span class='ocrx_word' id='word_1_344' title='bbox 1791 2986 1940 3056; x_wconf 79' lang='lat' dir='ltr'>quasi</span> <span class='ocrx_word' id='word_1_345' title='bbox 1971 2983 2288 3037; x_wconf 82' lang='lat' dir='ltr'>definitionis</span> <span class='ocrx_word' id='word_1_346' title='bbox 2314 2988 2401 3037; x_wconf 85' lang='lat' dir='ltr'>in·</span> 
     </span>
     <span class='ocr_line' id='line_1_60' title="bbox 1397 3061 2400 3133; baseline 0.001 -19"><span class='ocrx_word' id='word_1_347' title='bbox 1397 3061 1525 3129; x_wconf 86' lang='lat' dir='ltr'>dex,</span> <span class='ocrx_word' id='word_1_348' title='bbox 1569 3080 1684 3133; x_wconf 79' lang='lat' dir='ltr'>qnoe</span> <span class='ocrx_word' id='word_1_349' title='bbox 1720 3062 1810 3113; x_wconf 80' lang='lat' dir='ltr'>fiat</span> <span class='ocrx_word' id='word_1_350' title='bbox 1840 3063 1989 3114; x_wconf 86' lang='lat' dir='ltr'>istius</span> <span class='ocrx_word' id='word_1_351' title='bbox 2017 3063 2400 3115; x_wconf 78' lang='lat' dir='ltr'>moderationis.</span> 
     </span>
     <span class='ocr_line' id='line_1_61' title="bbox 1399 3142 2403 3212; baseline 0 -17"><span class='ocrx_word' id='word_1_352' title='bbox 1399 3144 1575 3195; x_wconf 83' lang='lat' dir='ltr'>Turio.</span> <span class='ocrx_word' id='word_1_353' title='bbox 1594 3142 1844 3194; x_wconf 83' lang='lat' dir='ltr'>rationem</span> <span class='ocrx_word' id='word_1_354' title='bbox 1855 3160 1952 3212; x_wconf 87' lang='lat' dir='ltr'>pro</span> <span class='ocrx_word' id='word_1_355' title='bbox 1972 3144 2257 3194; x_wconf 79' lang='lat' dir='ltr'>ratione.-</span> <span class='ocrx_word' id='word_1_356' title='bbox 2267 3146 2403 3195; x_wconf 83' lang='lat' dir='ltr'>Nos-</span> 
     </span>
     <span class='ocr_line' id='line_1_62' title="bbox 1400 3222 2398 3295; baseline 0 -21"><span class='ocrx_word' id='word_1_357' title='bbox 1400 3224 1466 3274; x_wconf 87' lang='lat' dir='ltr'>tri</span> <span class='ocrx_word' id='word_1_358' title='bbox 1476 3224 1626 3293; x_wconf 86' lang='lat' dir='ltr'>ipsos,</span> <span class='ocrx_word' id='word_1_359' title='bbox 1643 3238 1753 3274; x_wconf 81' lang='lat' dir='ltr'>exc.</span> <span class='ocrx_word' id='word_1_360' title='bbox 1765 3222 1825 3272; x_wconf 87' lang='lat' dir='ltr'>R.</span> <span class='ocrx_word' id='word_1_361' title='bbox 1837 3240 1871 3291; x_wconf 89' lang='lat'>9</span> <span class='ocrx_word' id='word_1_362' title='bbox 1883 3259 1899 3287; x_wconf 87' lang='lat'>,</span> <span class='ocrx_word' id='word_1_363' title='bbox 1916 3223 2006 3292; x_wconf 87' lang='lat' dir='ltr'>qui</span> <span class='ocrx_word' id='word_1_364' title='bbox 2021 3222 2163 3274; x_wconf 77' lang='lat' dir='ltr'>solus</span> <span class='ocrx_word' id='word_1_365' title='bbox 2174 3223 2293 3295; x_wconf 84' lang='lat' dir='ltr'>ipse.</span> <span class='ocrx_word' id='word_1_366' title='bbox 2305 3225 2398 3275; x_wconf 85' lang='lat' dir='ltr'>Eu.</span> 
     </span>
    </p>

    <p class='ocr_par' dir='ltr' id='par_1_17' title="bbox 1396 3299 2404 3765">
     <span class='ocr_line' id='line_1_63' title="bbox 1471 3299 2398 3374; baseline 0 -22"><span class='ocrx_word' id='word_1_367' title='bbox 1471 3319 1523 3371; x_wconf 86' lang='lat'>9.</span> <span class='ocrx_word' id='word_1_368' title='bbox 1549 3301 1733 3353; x_wconf 78' lang='lat' dir='ltr'>Omrte.</span> <span class='ocrx_word' id='word_1_369' title='bbox 1754 3299 1952 3374; x_wconf 73' lang='lat' dir='ltr'>Gryph.</span> <span class='ocrx_word' id='word_1_370' title='bbox 1980 3299 2171 3371; x_wconf 75' lang='grc'>(1544)</span> <span class='ocrx_word' id='word_1_371' title='bbox 2191 3304 2398 3369; x_wconf 85' lang='lat' dir='ltr'>omnia,</span> 
     </span>
     <span class='ocr_line' id='line_1_64' title="bbox 1399 3378 2404 3433; baseline 0 -1"><span class='ocrx_word' id='word_1_372' title='bbox 1399 3399 1521 3432; x_wconf 87' lang='lat' dir='ltr'>cum</span> <span class='ocrx_word' id='word_1_373' title='bbox 1538 3378 1658 3431; x_wconf 85' lang='lat' dir='ltr'>edd.</span> <span class='ocrx_word' id='word_1_374' title='bbox 1677 3392 1798 3430; x_wconf 80' lang='lat' dir='ltr'>ante</span> <span class='ocrx_word' id='word_1_375' title='bbox 1810 3379 1942 3432; x_wconf 87' lang='lat' dir='ltr'>Obr.</span> <span class='ocrx_word' id='word_1_376' title='bbox 1957 3378 2060 3431; x_wconf 89' lang='lat' dir='ltr'>Sed</span> <span class='ocrx_word' id='word_1_377' title='bbox 2073 3390 2124 3431; x_wconf 82' lang='lat' dir='ltr'>et</span> <span class='ocrx_word' id='word_1_378' title='bbox 2140 3382 2262 3432; x_wconf 85' lang='lat' dir='ltr'>Exc.</span> <span class='ocrx_word' id='word_1_379' title='bbox 2281 3381 2404 3433; x_wconf 80' lang='lat' dir='ltr'>San-</span> 
     </span>
     <span class='ocr_line' id='line_1_65' title="bbox 1396 3459 2400 3532; baseline 0.001 -19"><span class='ocrx_word' id='word_1_380' title='bbox 1396 3472 1506 3513; x_wconf 88' lang='lat' dir='ltr'>ten.</span> <span class='ocrx_word' id='word_1_381' title='bbox 1534 3472 1791 3512; x_wconf 85' lang='lat' dir='ltr'>nostrum.</span> <span class='ocrx_word' id='word_1_382' title='bbox 1822 3460 1937 3511; x_wconf 82' lang='lat' dir='ltr'>Hoc</span> <span class='ocrx_word' id='word_1_383' title='bbox 1958 3480 2055 3532; x_wconf 90' lang='lat' dir='ltr'>pro</span> <span class='ocrx_word' id='word_1_384' title='bbox 2090 3459 2199 3512; x_wconf 78' lang='lat' dir='ltr'>hoec</span> <span class='ocrx_word' id='word_1_385' title='bbox 2224 3460 2400 3514; x_wconf 80' lang='lat' dir='ltr'>Guelf.</span> 
     </span>
     <span class='ocr_line' id='line_1_66' title="bbox 1399 3538 2397 3612; baseline 0 -21"><span class='ocrx_word' id='word_1_386' title='bbox 1399 3540 1524 3593; x_wconf 69' lang='lat' dir='ltr'>Exc.</span> <span class='ocrx_word' id='word_1_387' title='bbox 1549 3539 1761 3591; x_wconf 64' lang='lat' dir='ltr'>senten.</span> <span class='ocrx_word' id='word_1_388' title='bbox 1786 3538 1945 3590; x_wconf 67' lang='lat' dir='ltr'>Cnn’.</span> <span class='ocrx_word' id='word_1_389' title='bbox 1963 3539 2055 3590; x_wconf 86' lang='lat' dir='ltr'>Est</span> <span class='ocrx_word' id='word_1_390' title='bbox 2072 3538 2210 3589; x_wconf 77' lang='lat' dir='ltr'>Fior.</span> <span class='ocrx_word' id='word_1_391' title='bbox 2237 3538 2297 3610; x_wconf 82' lang='lat' dir='ltr'>(a</span> <span class='ocrx_word' id='word_1_392' title='bbox 2316 3559 2397 3612; x_wconf 85' lang='lat' dir='ltr'>pr.</span> 
     </span>
     <span class='ocr_line' id='line_1_67' title="bbox 1400 3615 2399 3686; baseline -0.001 -18"><span class='ocrx_word' id='word_1_393' title='bbox 1400 3615 1590 3686; x_wconf 82' lang='lat' dir='ltr'>manu)</span> <span class='ocrx_word' id='word_1_394' title='bbox 1607 3618 1816 3667; x_wconf 85' lang='lat' dir='ltr'>omittit.</span> <span class='ocrx_word' id='word_1_395' title='bbox 1831 3616 2093 3667; x_wconf 81' lang='lat' dir='ltr'>——Nostri</span> <span class='ocrx_word' id='word_1_396' title='bbox 2109 3616 2216 3668; x_wconf 81' lang='lat' dir='ltr'>hoec</span> <span class='ocrx_word' id='word_1_397' title='bbox 2229 3634 2399 3683; x_wconf 80' lang='lat' dir='ltr'>omne,</span> 
     </span>
     <span class='ocr_line' id='line_1_68' title="bbox 1401 3694 2401 3765; baseline -0.002 -18"><span class='ocrx_word' id='word_1_398' title='bbox 1401 3714 1513 3748; x_wconf 82' lang='lat' dir='ltr'>exc.</span> <span class='ocrx_word' id='word_1_399' title='bbox 1536 3696 1644 3747; x_wconf 85' lang='lat' dir='ltr'>RR.</span> <span class='ocrx_word' id='word_1_400' title='bbox 1670 3710 1731 3764; x_wconf 77' lang='lat'>7,</span> <span class='ocrx_word' id='word_1_401' title='bbox 1761 3709 1851 3759; x_wconf 81' lang='grc' dir='ltr'>ιο,</span> <span class='ocrx_word' id='word_1_402' title='bbox 1876 3695 1966 3765; x_wconf 87' lang='lat' dir='ltr'>qui</span> <span class='ocrx_word' id='word_1_403' title='bbox 1988 3695 2083 3744; x_wconf 81' lang='grc' dir='ltr'><strong><em>Ιιοσ</em></strong></span> <span class='ocrx_word' id='word_1_404' title='bbox 2105 3711 2275 3745; x_wconf 81' lang='lat' dir='ltr'>omne.</span> <span class='ocrx_word' id='word_1_405' title='bbox 2304 3694 2401 3745; x_wconf 78' lang='lat' dir='ltr'>En.</span> 
     </span>
    </p>

    <p class='ocr_par' dir='ltr' id='par_1_18' title="bbox 1402 3772 2411 4243">
     <span class='ocr_line' id='line_1_69' title="bbox 1480 3772 2402 3826; baseline 0 0"><span class='ocrx_word' id='word_1_406' title='bbox 1480 3791 1558 3826; x_wconf 85' lang='grc' dir='ltr'>ιο.</span> <span class='ocrx_word' id='word_1_407' title='bbox 1590 3774 1760 3825; x_wconf 83' lang='lat' dir='ltr'>Omne</span> <span class='ocrx_word' id='word_1_408' title='bbox 1777 3772 2020 3824; x_wconf 80' lang='lat' dir='ltr'>nimium.</span> <span class='ocrx_word' id='word_1_409' title='bbox 2037 3775 2298 3825; x_wconf 79' lang='lat' dir='ltr'>Pei-texuit</span> <span class='ocrx_word' id='word_1_410' title='bbox 2316 3773 2402 3826; x_wconf 86' lang='lat' dir='ltr'>hic</span> 
     </span>
     <span class='ocr_line' id='line_1_70' title="bbox 1402 3849 2407 3927; baseline 0.002 -23"><span class='ocrx_word' id='word_1_411' title='bbox 1402 3870 1561 3927; x_wconf 83' lang='lat' dir='ltr'>quam</span> <span class='ocrx_word' id='word_1_412' title='bbox 1585 3870 1736 3904; x_wconf 83' lang='lat' dir='ltr'>orsus</span> <span class='ocrx_word' id='word_1_413' title='bbox 1760 3866 1902 3918; x_wconf 83' lang='lat' dir='ltr'>erat,</span> <span class='ocrx_word' id='word_1_414' title='bbox 1940 3849 1987 3924; x_wconf 68' lang='grc' dir='ltr'>ς.</span> <span class='ocrx_word' id='word_1_415' title='bbox 2014 3851 2110 3915; x_wconf 80' lang='lat'>60,</span> <span class='ocrx_word' id='word_1_416' title='bbox 2133 3852 2320 3918; x_wconf 81' lang='lat' dir='ltr'>telam,</span> <span class='ocrx_word' id='word_1_417' title='bbox 2342 3852 2407 3906; x_wconf 81' lang='lat' dir='ltr'>de</span> 
     </span>
     <span class='ocr_line' id='line_1_71' title="bbox 1405 3931 2409 4004; baseline 0.001 -21"><span class='ocrx_word' id='word_1_418' title='bbox 1405 3931 1680 3983; x_wconf 80' lang='lat' dir='ltr'>tractandis</span> <span class='ocrx_word' id='word_1_419' title='bbox 1694 3949 1886 4004; x_wconf 79' lang='lat' dir='ltr'>parum</span> <span class='ocrx_word' id='word_1_420' title='bbox 1904 3931 2162 4003; x_wconf 81' lang='lat' dir='ltr'>speciosis,</span> <span class='ocrx_word' id='word_1_421' title='bbox 2183 3944 2409 4003; x_wconf 81' lang='lat' dir='ltr'>poterat·</span> 
     </span>
     <span class='ocr_line' id='line_1_72' title="bbox 1404 4006 2409 4083; baseline 0.003 -21"><span class='ocrx_word' id='word_1_422' title='bbox 1404 4028 1508 4083; x_wconf 82' lang='lat' dir='ltr'>que</span> <span class='ocrx_word' id='word_1_423' title='bbox 1550 4006 1816 4083; x_wconf 78' lang='lat' dir='ltr'>peregisse</span> <span class='ocrx_word' id='word_1_424' title='bbox 1850 4010 2016 4065; x_wconf 77' lang='lat' dir='ltr'>videri</span> <span class='ocrx_word' id='word_1_425' title='bbox 2062 4010 2207 4082; x_wconf 87' lang='lat' dir='ltr'>quod</span> <span class='ocrx_word' id='word_1_426' title='bbox 2235 4013 2409 4065; x_wconf 79' lang='lat' dir='ltr'>solum</span> 
     </span>
     <span class='ocr_line' id='line_1_73' title="bbox 1404 4087 2408 4161; baseline 0.002 -19"><span class='ocrx_word' id='word_1_427' title='bbox 1404 4087 1480 4142; x_wconf 89' lang='lat' dir='ltr'>ibi</span> <span class='ocrx_word' id='word_1_428' title='bbox 1498 4089 1800 4142; x_wconf 80' lang='lat' dir='ltr'>faciendum</span> <span class='ocrx_word' id='word_1_429' title='bbox 1813 4103 2112 4161; x_wconf 80' lang='lat' dir='ltr'>receperat,</span> <span class='ocrx_word' id='word_1_430' title='bbox 2149 4090 2242 4143; x_wconf 82' lang='lat' dir='ltr'>sed</span> <span class='ocrx_word' id='word_1_431' title='bbox 2261 4091 2408 4145; x_wconf 78' lang='lat' dir='ltr'>addit</span> 
     </span>
     <span class='ocr_line' id='line_1_74' title="bbox 1405 4166 2411 4243; baseline 0.002 -22"><span class='ocrx_word' id='word_1_432' title='bbox 1405 4166 1515 4221; x_wconf 81' lang='lat' dir='ltr'>duo</span> <span class='ocrx_word' id='word_1_433' title='bbox 1536 4167 1603 4220; x_wconf 88' lang='lat' dir='ltr'>de</span> <span class='ocrx_word' id='word_1_434' title='bbox 1626 4178 1745 4240; x_wconf 84' lang='lat' dir='ltr'>apte</span> <span class='ocrx_word' id='word_1_435' title='bbox 1771 4168 1988 4223; x_wconf 77' lang='lat' dir='ltr'>dicendo</span> <span class='ocrx_word' id='word_1_436' title='bbox 2011 4183 2301 4243; x_wconf 65' lang='lat' dir='ltr'>precepta,</span> <span class='ocrx_word' id='word_1_437' title='bbox 2332 4170 2411 4223; x_wconf 74' lang='lat' dir='ltr'>a}-</span> 
     </span>
    </p>
   </div>
  </div>
 </body>
</html>
