3200 5159
750 460 879 544 448

1318 458 1415 522 M.
1455 457 1686 523 FABu
1722 417 2281 541 Qnm‘rmmt

713 589 719 594 “
752 602 1067 673 currant,
1105 580 1214 653 vel
1251 582 1328 653 in
1369 581 1719 655 diversum
1752 582 2210 681 ambiguitate
2242 582 2613 674 ducantur-3
2664 582 2863 656 nulla

752 698 896 771 fere
939 696 1077 769 dici
1120 717 1380 796 potest,
1422 696 1620 797 cujus
1664 722 1809 768 non
1851 695 2086 795 aliqua
2128 698 2204 769 in
2249 718 2443 796 parte
2469 712 2488 744 ¹
2536 717 2861 771 tractatus

759 812 939 911 aequi
964 840 1042 883 ac
1066 812 1236 884 boni
1264 812 1671 910 reperiatur:
1696 810 2057 911 plerasque
2081 838 2242 885 vero
2269 839 2413 886 esse
2437 813 2594 912 quis
2613 813 2862 904 nescit,

753 1020 874 1061 rant
884 1020 936 1060 et
947 1007 1044 1059 vel.
1054 1048 1085 1059 ..
1097 1006 1766 1081 ducanturinterpretando

753 1085 831 1138 illi
870 1085 1187 1160 colligantur
1224 1088 1490 1140 inservire.
1535 1088 1769 1138 Tantum

756 1168 1042 1237 unicuique
1060 1165 1262 1238 liqueat
1285 1185 1502 1220 necesse
1527 1180 1608 1219 est
1629 1189 1642 1217 :
1670 1169 1769 1219 Re-

756 1260 1039 1300 censentnr
1048 1246 1254 1301 diversa
1264 1265 1542 1300 causarum
1556 1265 1769 1318 genera,

756 1340 811 1381 et
834 1327 1051 1399 quidem
1077 1340 1275 1393 status,
1310 1333 1364 1378 ιο
1390 1325 1770 1398 conjecturalis

755 1406 831 1479 (c.
853 1407 1200 1479 quoerantur),
1227 1411 1284 1460 2⁰
1300 1405 1529 1460 finitivus
1544 1405 1624 1479 (f.
1641 1424 1770 1458 eon-

759 1486 1103 1560 eludantur),
1139 1488 1198 1540 3⁰
1229 1486 1412 1558 legalis
1439 1487 1515 1560 (j.
1535 1505 1772 1539 summo-

757 1567 1019 1637 veantur).
1039 1568 1207 1636 Hujus
1224 1565 1586 1637 quidemtertii
1600 1577 1771 1618 status

757 1663 883 1698 mox
928 1645 1144 1714 singulte
1186 1648 1503 1718 quaestiones
1549 1662 1771 1717 compa-

759 1736 903 1774 rent:
937 1726 990 1774 ιο
1012 1723 1343 1796 syllogismus
1357 1723 1501 1794 (alia
1520 1722 1773 1796 colliqan-

718 1853 733 1868 ,
763 1813 876 1870 tur,
903 1801 1022 1855 vide
1056 1803 1147 1855 lib.
1180 1805 1302 1871 vll,
1334 1824 1382 1856 c.
1413 1804 1505 1876 8),
1542 1810 1596 1856 2⁰
1627 1802 1771 1875 leges

759 1884 1035 1934 contrariae
1053 1881 1195 1954 (ipsa
1215 1884 1351 1935 inter
1363 1903 1415 1936 se
1428 1894 1769 1947 concurrant,

760 1959 879 2012 vide
904 1959 995 2011 lib.
1012 1961 1135 2028 vn,
1160 1980 1277 2034 cap.
1302 1961 1393 2032 7),
1415 1962 1474 2014 3·
1497 1961 1774 2035 amphibo-

760 2033 831 2089 lia
850 2036 939 2107 (in
952 2037 1206 2092 diversum
1222 2040 1562 2113 ambiquitate
1578 2039 1776 2092 ducan-

762 2127 874 2181 tur,
900 2116 1019 2169 vide
1040 2117 1130 2169 lib.
1156 2119 1276 2184 Vll,
1301 2137 1421 2190 cap.
1442 2118 1524 2190 9).
1550 2122 1612 2171 In
1638 2118 1773 2185 hoc,

764 2199 857 2268 qui
888 2199 1086 2267 agitur,
1123 2217 1287 2251 censu
1327 2217 1608 2252 causarum
1641 2200 1775 2251 faci-

670 2318 677 2337 „
764 2276 813 2328 le
850 2275 1116 2330 desideres
1158 2282 1211 2330 1⁰
1245 2276 1515 2350 qualitatis
1551 2292 1772 2347 statum,

767 2358 824 2409 2⁰
844 2357 1189 2427 quaestionem
1205 2354 1429 2427 legalem
1443 2356 1619 2428 scripti
1631 2366 1684 2407 et
1695 2373 1779 2407 vo·

764 2434 997 2487 luntatis.
1024 2432 1191 2505 (Vide
1211 2433 1301 2486 lib.
1322 2436 1444 2500 vn,
1464 2453 1581 2506 cap.
1603 2434 1685 2505 6).
1710 2435 1778 2487 Et

763 2513 911 2584 prior
939 2512 1151 2584 quidem
1182 2512 1429 2565 consulto
1454 2526 1533 2566 est
1559 2527 1779 2585 praeter-

763 2592 982 2657 missus,
1024 2610 1148 2643 mox
1178 2591 1531 2663 proferendus
1556 2593 1613 2644 in
1636 2592 1738 2644 illis
1761 2614 1773 2643 ε

764 2668 1101 2741 Plemsque...
1119 2671 1415 2723 consistant.
1431 2671 1620 2743 Neque
1636 2673 1777 2724 enim

765 2746 1022 2800 attinebat
1034 2746 1265 2820 probare
1276 2787 1293 2815 ,
1306 2748 1571 2820 qualitatis
1579 2763 1778 2803 statum

764 2823 996 2897 indigere
1010 2826 1288 2897 praeceptis
1302 2826 1654 2900 philosophiae
1668 2846 1779 2881 mo-

763 2903 914 2971 ralis,
944 2904 1089 2976 quod
1113 2918 1304 2977 sponte
1326 2904 1654 2978 intelligitur.
1696 2910 1777 2961 De

766 2984 857 3056 illa
871 3000 1047 3040 autem
1061 2987 1363 3057 quaestionis
1378 2986 1559 3058 legalis
1571 2986 1781 3060 (scripti

766 3077 817 3118 et
830 3062 1137 3135 voluntatis)
1146 3066 1432 3117 omissione
1441 3104 1459 3132 ,
1469 3065 1570 3118 alia
1585 3083 1668 3120 res
1679 3079 1778 3119 est.

767 3146 844 3198 Ea
858 3144 1103 3217 profecto
1123 3162 1303 3196 carere
1320 3163 1429 3196 non
1443 3159 1654 3217 poterat
1667 3145 1779 3198 haec

770 3224 1126 3289 enumeratio,
1160 3235 1218 3274 ut
1238 3236 1375 3275 esset
1403 3225 1624 3293 integra.
1645 3224 1781 3292 Qui·

770 3302 872 3355 hus
896 3304 969 3354 ita
1006 3314 1278 3367 accurate,
1309 3314 1370 3353 ut
1405 3301 1619 3372 quidem
1652 3301 1782 3353 mihi

768 3383 981 3451 videor,
1008 3384 1312 3455 perpensis,
1342 3400 1405 3434 eo
1430 3381 1698 3449 adducor,
1722 3395 1783 3433 ut

769 3462 950 3534 aliquo
974 3461 1137 3513 modo
1157 3460 1402 3512 obrutam
1426 3465 1665 3534 suspicer
1677 3460 1782 3513 hu-

760 3545 855 3614 jus
876 3544 1041 3614 partis
1061 3540 1413 3604 mentionem,
1436 3557 1552 3610 qua,-
1570 3538 1639 3591 ab
1663 3540 1780 3611 ipso

776 3625 1030 3692 scriptore
1057 3618 1202 3671 baud
1226 3618 1385 3670 dubie
1422 3619 1580 3670 fuerit
1621 3619 1779 3670 facta.

774 3703 911 3754 Nam
921 3698 1080 3750 verba
1096 3695 1178 3748 vel
1192 3696 1574 3767 transferantur
1584 3715 1783 3749 meram

770 3779 1001 3851 glossam
1030 3779 1377 3848 interpretor,
1408 3776 1704 3848 profectam
1721 3775 1786 3827 il-

775 3857 879 3909 lam
902 3857 972 3909 ab
1007 3854 1267 3925 ejusmodi
1294 3854 1505 3906 librario
1518 3893 1534 3920 ,
1573 3855 1784 3928 qualem

776 3939 1089 4008 scriptorem
1139 3932 1525 4001 Quintilianum
1574 3933 1787 4005 Cappe-

776 4015 1053 4066 ronnerius
1068 4009 1306 4063 credidit.
1324 4009 1542 4064 Accedit
1559 4008 1707 4083 qnod
1719 4028 1785 4064 ne

773 4092 973 4166 probat
1003 4089 1215 4162 quidem
1244 4088 1586 4160 muffet-endi
1608 4088 1788 4161 appel-

775 4169 1031 4228 lationem
1048 4171 1243 4223 Noster
1260 4171 1314 4222 in
1329 4168 1429 4222 hac
1444 4189 1518 4223 re.
1540 4168 1676 4223 Vide
1692 4172 1788 4239 111,

1848 1007 1911 1074 6,
1929 1007 2114 1077 68-84.
2148 1008 2253 1063 Sed
2270 1008 2402 1063 illud
2422 1028 2638 1082 quoque
2660 1012 2716 1062 in
2737 1024 2864 1061 nos·

1850 1088 1916 1138 tri
1952 1085 2058 1138 loci
2095 1090 2356 1160 scriptura
2400 1087 2673 1161 displicet,
2716 1086 2863 1161 quod

1848 1163 1959 1217 alia
1983 1168 2315 1237 praemittitur
2339 1168 2503 1221 verbo
2524 1167 2863 1244 colligantur.

1850 1248 2088 1319 Apparet
2111 1248 2281 1314 enim,
2304 1252 2512 1321 quoties
2534 1248 2644 1301 alia
2661 1249 2749 1301 hic
2769 1267 2868 1320 po-

1850 1340 2035 1394 natur,
2074 1337 2275 1399 nomm
2316 1327 2592 1400 significari
2633 1343 2864 1392 statum;

1850 1406 2153 1478 cujusmodi
2178 1406 2311 1460 nihil
2329 1421 2422 1480 ¹est
2449 1410 2506 1462 in
2533 1404 2861 1482 colligendo,

1852 1504 1960 1558 quo
1976 1487 2180 1558 species
2196 1498 2401 1538 tantum
2420 1486 2600 1558 aliqua
2611 1485 2866 1557 legalium

1854 1568 2203 1636 quaestionum
2231 1564 2648 1632 demonstratur,
2670 1564 2726 1617 id
2751 1577 2831 1617 est
2845 1600 2864 1631 ,

1849 1642 2194 1717 sylloyt'smus.
2219 1646 2407 1716 Neque
2428 1642 2534 1695 hoc
2553 1642 2866 1711 attenditis,

1854 1725 1947 1795 qui
1980 1722 2182 1795 alioqui
2211 1725 2335 1777 satis
2362 1723 2501 1776 bene
2522 1735 2759 1776 versatus
2783 1735 2867 1775 est

1852 1804 1907 1853 in
1931 1803 2036 1854 hoc
2064 1801 2216 1869 loco',
2241 1800 2549 1876 Gedoynus.
2592 1800 2697 1856 Sed
2722 1803 2866 1854 visus

1853 1894 1934 1934 est
1957 1881 2057 1935 sibi
2079 1883 2334 1953 majorem
2355 1880 2443 1934 hic
2467 1898 2758 1952 agnoscere
2778 1880 2866 1932 di-

1851 1961 2137 2026 visionem,
2173 1958 2399 2013 reddens
2429 1962 2502 2014 ita
2528 1982 2540 2012 2
2583 1959 2653 2014 les
2694 1972 2868 2013 autres

1852 2035 1997 2111 enfin
2017 2056 2108 2091 sur
2124 2036 2194 2091 les
2217 2037 2340 2103 lois,
2370 2039 2501 2093 dont
2520 2058 2592 2092 on
2605 2039 2721 2112 fait
2755 2040 2872 2091 voit·

1856 2116 1911 2169 la
1936 2115 2124 2169 liaiscm
2159 2135 2283 2170 avec
2320 2117 2370 2170 le
2385 2118 2502 2191 fait
2523 2137 2591 2171 en
2627 2119 2867 2191 question

1851 2214 1956 2268 par
1972 2195 2085 2248 voie
2100 2195 2166 2246 de
2185 2193 2508 2271 sylloqisme5
2532 2197 2764 2270 plurima
2777 2198 2866 2250 ille

1856 2272 1923 2325 de
1936 2292 2036 2326 suo
2050 2273 2253 2327 addens
2267 2274 2337 2326 ad
2353 2278 2627 2348 praecisam
2641 2279 2871 2348 scripto-

1854 2355 1925 2405 ris
1958 2355 2123 2405 nostri
2146 2355 2201 2405 in
2242 2353 2348 2406 hoc
2380 2354 2502 2407 loco
2533 2355 2863 2408 brevitatem.

1855 2431 2061 2483 Censeo
2107 2433 2267 2503 igitur
2295 2471 2313 2499 ,
2375 2432 2496 2486 loco
2556 2434 2696 2489 illius
2754 2435 2868 2487 alia

1855 2508 1944 2563 hic
1974 2528 2188 2582 quoque
2225 2511 2311 2563 vel
2340 2512 2709 2584 reponendum
2731 2532 2865 2568 esse.

1855 2587 2150 2641 Emendare
2166 2604 2345 2643 autem
2357 2589 2468 2643 haec
2487 2603 2596 2643 tam
2615 2605 2871 2665 corrupta

1856 2686 1925 2719 ne
1949 2667 2226 2739 aggredior
2248 2668 2489 2740 quidem,
2531 2671 2757 2742 quibua,
2782 2690 2870 2724 me

1857 2745 2069 2819 quidem
2077 2747 2286 2819 jndice,
2299 2762 2353 2800 et
2363 2749 2662 2822 adiiciendo
2677 2765 2731 2804 et
2743 2750 2873 2804 sub·

1856 2824 2117 2877 trahendo
2155 2830 2437 2879 nocuerint
2478 2828 2695 2883 librarii.
2738 2829 2874 2883 Sen-

1857 2906 2035 2957 tentiae
2047 2906 2266 2959 consule
2272 2919 2357 2958 tur
2369 2905 2563 2961 talibus
2578 2910 2713 2963 fere:
2729 2929 2875 2965 stam-

1858 2997 2196 3051 moveantur,
2238 2997 2301 3038 ut
2322 2987 2406 3039 vel
2435 2988 2586 3041 aliud
2617 2992 2870 3065 scriptum

1859 3063 2160 3117 ostendatur
2173 3064 2312 3134 (sive
2330 3069 2494 3120 mavis
2517 3069 2614 3142 sit)
2632 3069 2876 3124 voluntas

1860 3140 1997 3209 alia,
2024 3141 2108 3194 vel
2119 3141 2305 3216 aliqua
2322 3144 2669 3218 colligantur,
2691 3161 2796 3200 etc.

1938 3237 1956 3271 ι
1969 3260 1980 3271 .
2001 3221 2127 3273 Νοη
2141 3223 2319 3296 aliqua
2344 3226 2399 3276 in
2413 3237 2594 3297 pat-tq
2611 3228 2688 3280 sic
2702 3229 2869 3280 Cam·-

1859 3301 1931 3353 N.
1947 3298 2188 3371 aliquam
2208 3303 2447 3374 inparti,
2461 3305 2638 3357 Turic.
2663 3306 2736 3358 N.
2757 3315 2811 3358 a:
2833 3306 2870 3357 i.

1856 3380 2034 3450 parti,
2070 3376 2210 3431 Flor.
2243 3382 2311 3433 In
2338 3393 2490 3454 parte
2523 3401 2629 3435 non
2651 3382 2869 3456 aliqua,

1860 3456 2020 3510 Goth.
2045 3457 2179 3528 (tac.
2204 3459 2413 3532 Gesn.).
2446 3461 2517 3515 Ν.
2540 3482 2596 3534 p.
2623 3464 2657 3515 ἱ.
2678 3485 2760 3528 a.,
2783 3483 2872 3516 re·

1861 3535 2009 3606 liqui.
2025 3535 2203 3588 Tracti
2211 3539 2544 3610 oequi,Turic.
2562 3540 2838 3595 Τωσεααο.
2848 3580 2868 3608 ,

1861 3615 1999 3667 Flor.
2027 3635 2146 3669 cum
2167 3617 2305 3670 Alm.
2325 3621 2733 3691 Βορρᾶν-ἰαύων,
2755 3624 2872 3675 Tu-

1861 3695 2049 3746 ricem.
2065 3693 2205 3746 Flor.
2220 3695 2581 3769 Reperiamur,
2595 3700 2870 3754 Guelferb.

1863 3790 1985 3824 eum
2007 3775 2152 3826 Jens.
2177 3788 2230 3827 et
2248 3775 2367 3828 edd.
2390 3791 2527 3849 post.
2549 3791 2673 3832 ante
2698 3780 2867 3834 Stoer.

1863 3868 1974 3903 acc.
1990 3850 2137 3905 Gibs.
2155 3853 2286 3906 Obr.
2306 3854 2443 3909 flou.
2467 3860 2695 3930 pessime
2713 3861 2875 3930 igno·

1865 3945 1978 3983 rata
2000 3934 2204 3986 ratione
2223 3939 2439 4006 genitivi
2462 3940 2519 3991 in
2535 3938 2674 4012 oequt'
2696 3958 2758 3991 ac
2779 3941 2873 3993 bo-

1868 4011 1940 4062 ni.
1967 4011 2090 4082 Quis
2111 4016 2328 4085 nesciat,
2342 4019 2503 4071 Cin».
2530 4019 2656 4074 Sola
2676 4023 2874 4077 omittit

1867 4091 2315 4150 Cura—Nostri
2337 4099 2637 4171 reperiatur,
2661 4119 2777 4155 exc.
2805 4102 2869 4158 R.

1876 4187 1964 4238 ιο,
1991 4174 2082 4248 qui
2105 4175 2440 4248 reperiantur.
2467 4177 2555 4236 En.
