3200 5159
785 489 885 557 ,92

1366 470 1461 536 M.
1499 471 1727 537 FABn
1764 471 2320 556 QUIN‘rlLlAm

712 654 721 662 .
805 588 1090 664 abunde
1123 590 1477 690 spiritum,
1509 611 1577 665 et
1607 592 1903 666 audaces
1926 608 1943 637 ¹
1972 595 2342 668 sententias
2372 594 2899 696 'deprehendas

807 706 1023 778 etiam
1052 706 1124 777 in
1151 706 1266 794 iis,
1292 733 1446 803 quae
1474 728 1798 780 manent:
1823 728 1986 780 sunt
2004 728 2074 780 et
2096 706 2251 780 alii3
2273 710 2669 810 scriptores4
2688 709 2898 800 boni;

802 819 924 891 sed
956 846 1083 892 nos
1112 848 1367 919 genera
1401 820 1891 924 degustamuS,
1930 849 2074 894 non
2107 822 2602 898 bibliothecas⁵
2633 825 2899 899 excuti-

663 953 768 1010 105
805 962 985 1007 mus.
1022 937 1346 1010 Oratores
1372 964 1534 1010 vero
1569 939 1679 1010 vel
1719 938 2068 1037 praecipue
2095 940 2387 1012 latinam
2419 940 2898 1042 eloquentiam

800 1077 1038 1150 parem
1065 1051 1332 1124 facerefi
1357 1078 1588 1150 graecae
1617 1053 1925 1152 possiut⁷
1950 1079 1965 1124 :
1995 1081 2161 1146 nam
2194 1056 2589 1128 Ciceronem
2615 1056 2899 1129 cuicun-

797 1195 937 1267 que
963 1166 1249 1240 eorum⁸
1274 1168 1539 1241 fortiter
1561 1195 1826 1267 opposu
1837 1169 2046 1241 erim:
2077 1196 2204 1241 nec
2226 1167 2533 1269 ignor-09,
2560 1191 2899 1269 quantam

793 1282 980 1355 mihi
1015 1282 1354 1356 concitem
1388 1309 1741 1384 pugnam,
1771 1282 2402 1383 quumfpraesertim
2435 1310 2580 1355 non
2622 1283 2785 1355 sit¹⁰
2824 1282 2901 1355 id

799 1490 995 1543 festum
1030 1492 1230 1545 fecerat
1267 1492 1504 1544 vivorum
1541 1491 1809 1543 nerninem

803 1567 904 1619 sihi
918 1570 1131 1637 attingi,
1147 1583 1322 1621 tamen
1339 1587 1444 1620 non
1461 1571 1637 1640 potuit
1648 1608 1665 1635 ‚
1681 1570 1808 1640 quin

805 1648 1043 1699 satiricos
1085 1666 1194 1710 non
1236 1646 1408 1700 solum
1424 1684 1460 1712 „
1484 1646 1577 1699 sed
1619 1646 1809 1718 lyricos

802 1727 960 1792 etiam
980 1727 1062 1777 sui
1078 1728 1358 1796 temporis,
1377 1743 1485 1777 non
1507 1728 1808 1778 nominatos

800 1803 948 1870 illos,
966 1817 1112 1856 tanta
1132 1803 1288 1875 laude
1306 1817 1562 1856 mactaret
1579 1802 1689 1875 (ξς.
1712 1807 1779 1875 94
1792 1843 1809 1872 ,

799 1882 919 1954 96).
953 1883 1072 1950 Qua
1102 1902 1263 1954 quum
1290 1902 1365 1936 me
1396 1902 1562 1936 unum
1596 1883 1809 1955 quidem

799 1961 1018 2031 dignum
1054 1964 1325 2015 nominare
1357 1964 1622 2034 possimus
1639 1999 1656 2028 ‚
1680 1961 1810 2034 quid

802 2043 993 2093 mirum
1013 2040 1057 2092 si
1079 2040 1226 2092 illum
1244 2058 1458 2111 quoque
1473 2042 1808 2110 ignoratum,

802 2139 960 2192 quem
990 2118 1148 2190 longe
1181 2119 1315 2185 elia,
1340 2138 1498 2190 quam
1527 2139 1643 2192 quae
1674 2139 1809 2197 pras:

799 2198 1054 2264 tenditur,
1076 2217 1235 2251 causa
1258 2196 1345 2250 hic
1369 2198 1703 2274 indigitatum
1728 2220 1808 2253 es—

800 2299 888 2344 se,
917 2281 1030 2351 ipsa
1061 2278 1217 2348 elogii
1246 2279 1414 2330 forma
1432 2317 1448 2344 ,
1474 2278 1619 2350 quod
1648 2282 1809 2332 sensit

799 2362 956 2412 etiam
974 2357 1334 2430 Spaldingius‚
1351 2357 1693 2410 demonstrat.
1711 2361 1803 2412 En.

799 2468 873 2478 —
911 2437 1013 2489 Sed
1058 2437 1273 2490 elatum.
1314 2438 1490 2489 Turic.
1533 2437 1674 2489 Flor.
1697 2475 1713 2501 ‚
1755 2457 1808 2490 se

798 2516 983 2569 latum.
1010 2517 1107 2568 Hic
1132 2535 1161 2568 a
1186 2534 1290 2568 sec.
1321 2534 1481 2568 manu
1509 2534 1560 2568 se
1583 2513 1802 2570 elatum.

800 2594 995 2658 Caum,
1017 2594 1105 2647 sed
1125 2593 1312 2646 latum.
1491 2643 1498 2651 ,

877 2690 897 2724 1
910 2713 921 2725 .
943 2675 1015 2726 Et
1030 2674 1262 2726 audaces.
1282 2674 1458 2726 Turic.
1479 2672 1620 2727 Flor.
1636 2712 1655 2740 ,
1672 2685 1733 2727 ut
1752 2694 1801 2727 a.

798 2754 968 2824 Hujus
1010 2753 1226 2823 quidem
1263 2751 1552 2806 secundam
1591 2759 1808 2807 manum

798 2851 907 2885 non
941 2833 1066 2884 satis
1098 2850 1330 2902 agnosco
1350 2867 1369 2897 ‚
1400 2844 1454 2884 et
1484 2832 1707 2886 fortasse
1731 2833 1806 2885 nil

797 2913 901 2965 nisi
920 2924 1153 2983 recepta.
1490 2962 1494 2965 ,

871 3009 901 3045 2
911 3029 922 3041 .
945 2990 1144 3062 Depreh
1151 2991 1323 3044 endas.
1335 2993 1513 3045 Turic.
1533 2992 1675 3045 Flor.
1688 3030 1705 3060 ‚
1721 2994 1806 3047 de-

792 3069 1160 3143 prehendenda
1182 3070 1270 3122 sed
1275 3073 1400 3142 jam
1423 3073 1479 3123 in
1505 3071 1615 3134 his,-
1640 3091 1670 3124 a
1695 3091 1802 3125 sec.

796 3169 869 3202 m.
903 3162 1128 3220 uterque
1162 3148 1630 3220 deprehendendas.
1660 3152 1801 3203 Flor.

797 3229 944 3280 solus
962 3227 1119 3281 etiam
1129 3248 1150 3289 ,·
1165 3226 1296 3279 alter
1313 3226 1386 3279 ibi
1405 3227 1653 3300 relinquit
1666 3231 1805 3301 prio-

797 3327 924 3362 rem.

867 3389 917 3441 3.
942 3387 1082 3440 Sunt
1100 3398 1153 3438 et
1171 3386 1287 3438 alii.
1306 3386 1484 3439 Tui-ic.
1508 3387 1563 3457 (a
1586 3407 1667 3460 pr.
1693 3408 1806 3443 ma-

794 3468 895 3539 nu)
918 3487 1006 3521 sue
1028 3477 1079 3518 et
1101 3465 1224 3519 alie.

866 3545 920 3613 4.
943 3546 1236 3618 Scriptores,
1266 3547 1383 3597 Hoc
1406 3563 1637 3611 nomen,
1665 3547 1804 3599 sicut

794 3624 1074 3692 συγγραφεῖς
1094 3622 1239 3694 apud
1256 3624 1497 3688 Graecos,
1522 3620 1802 3676 historicos

791 3707 1016 3757 maxime
1027 3703 1301 3774 significat.
1313 3702 1706 3755 Vetustissimos
1717 3722 1804 3757 au·

797 3797 903 3836 tem
918 3782 1134 3836 Caelium
1144 3820 1161 3848 ‚
1177 3782 1445 3833 Sisennam
1457 3818 1474 3846 ,
1489 3778 1689 3852 alioqui
1703 3781 1804 3833 sibi

794 3875 1142 3928 memoratos,
1165 3860 1253 3912 bic
1276 3878 1550 3914 recensere
1574 3858 1761 3912 noluit.

869 3942 917 3997 5.
943 3945 1066 3998 Νοη
1101 3940 1447 3994 bibliothecas.
1479 3942 1625 3992 Jens.
1655 3939 1801 4012 (non

795 4021 990 4090 Cam.)
1015 4021 1208 4072 omittit
1229 4037 1330 4069 non
1344 4058 1362 4084 ,
1384 4037 1502 4069 cum
1531 4017 1652 4070 edd.
1678 4033 1800 4072 ante

793 4099 914 4153 Ald.
938 4100 1174 4151 Correxit
1199 4099 1426 4168 Regius;
1451 4097 1569 4149 vide
1597 4098 1705 4164 lx,
1738 4116 1764 4151 a
1782 4137 1800 4164 ‚

802 4178 933 4242 :03⁸3
959 4179 1063 4247 IX,
1097 4179 1161 4244 3,
1198 4195 1276 4231 12.
1312 4176 1476 4231 Iidem
1503 4194 1631 4230 mox
1661 4176 1800 4231 male

1888 1490 2238 1561 interponunt
2256 1503 2382 1563 post
2400 1508 2600 1562 parem.
2626 1521 2695 1529 —
2717 1487 2901 1542 Nostri

1890 1586 2073 1622 omnes
2093 1584 2358 1642 receptam
2374 1589 2405 1622 a
2419 1570 2598 1642 spald.
2616 1570 2899 1623 lectione-

1888 1647 2108 1700 habent.
2137 1651 2231 1701 En.

1960 1725 2010 1778 6.
2031 1727 2221 1778 Parem
2230 1725 2431 1798 facere.
2446 1727 2592 1791 Hoc,
2608 1727 2710 1778 nisi
2724 1724 2898 1791 fallor,

1888 1804 2137 1857 consulto
2162 1807 2448 1875 assumpsit
2470 1823 2499 1856 e
2522 1803 2795 1856 vocabulis
2817 1823 2901 1856 ra-

1890 1885 2095 1936 tionum
2129 1883 2612 1937 subducendarum.
2633 1883 2767 1937 Vide
2797 1902 2900 1936 nos

1890 1960 1956 2013 ad
1979 1961 2072 2014 lib.
2093 1966 2191 2028 VI,
2217 1983 2335 2035 cap.
2363 1965 2425 2028 3,
2451 1961 2497 2033 §.
2522 1963 2610 2032 93.

1960 2055 2010 2109 7.
2035 2041 2243 2094 Possint
2256 2063 2275 2103 ,-
2304 2042 2381 2093 sic
2402 2044 2580 2095 Tur-ic.
2607 2040 2747 2093 Flor.
2778 2039 2900 2112 (hie

1888 2133 1919 2169 a
1940 2138 2021 2190 pr.
2048 2120 2231 2192 mann)
2256 2139 2377 2174 cum
2397 2121 2534 2173 Alm.
2558 2121 2767 2194 Reliqui
2788 2140 2901 2192 pos-

1884 2207 2020 2248 sunt.
2049 2227 2124 2238 ——
2156 2199 2240 2252 Sic
2272 2201 2471 2264 nostri,
2505 2213 2712 2272 except.
2745 2201 2808 2252 R.
2844 2216 2898 2269 7,

1888 2277 1981 2346 qui
2001 2276 2145 2329 solus
2168 2276 2378 2348 possint.
2404 2279 2498 2330 En.

1958 2355 2009 2407 8.
2030 2356 2247 2407 Eorum.
2266 2357 2543 2409 Turicens.
2562 2355 2703 2408 Flor.
2726 2354 2847 2428 (hic
2866 2375 2905 2409 ι

1887 2452 1966 2505 pr.
1983 2433 2276 2505 m.)forum
2288 2475 2306 2502 ,
2327 2455 2451 2488 cum
2469 2435 2606 2487 Alm.
2628 2434 2723 2487 llle
2741 2455 2771 2488 a
2792 2454 2898 2489 sec.

1886 2529 2048 2564 manu
2077 2513 2223 2584 foro.
2257 2544 2331 2553 —
2361 2516 2560 2568 Omnes
2600 2516 2769 2566 nostri
2808 2533 2901 2566 eo·-

1886 2609 2021 2642 rum.
2046 2595 2140 2645 En.
2155 2595 2459 2646 —Eormm
2485 2595 2659 2646 Facile
2679 2592 2787 2646 hoc
2806 2613 2903 2665 pes

1887 2672 2096 2742 synesin
2128 2674 2393 2743 promitur
2426 2693 2489 2726 ex
2521 2692 2587 2725 eo
2613 2672 2761 2746 qnod
2788 2687 2902 2726 erat

1892 2772 1915 2795 α
1936 2749 2151 2804 latinam
2166 2751 2233 2804 el.
2251 2770 2433 2824 parem
2448 2754 2625 2805 facere
2639 2770 2852 2826 grecae,
2872 2778 2896 2804 n

1885 2841 1946 2879 ut
1961 2847 2070 2884 non
2082 2849 2223 2902 opus
2238 2833 2306 2883 sit
2319 2833 2579 2902 corrigere
2598 2849 2723 2884 cum
2742 2834 2900 2885 Fran-

1884 2910 1971 2962 cio
1998 2911 2295 2963 Groecorum
2315 2910 2455 2981 (vide
2474 2904 2658 2978 1X‚,2‘,
2683 2911 2792 2982 79)—
2819 2913 2900 2966 De

1871 2987 2106 3058 sortiter,
2126 2989 2243 3041 vide
2267 2992 2315 3055 1,
2341 2989 2401 3057 5,
2428 3009 2515 3060 7²·

1954 3084 2007 3137 9.
2031 3070 2146 3122 Nec
2163 3070 2361 3144 iqnoro.
2387 3069 2446 3122 Id
2465 3082 2749 3143 propterea
2769 3068 2903 3123 dicit

1882 3147 2010 3202 Fab.
2032 3147 2314 3218 (referente
2326 3150 2516 3221 Turn.)
2531 3152 2654 3220 quia
2673 3151 2900 3202 Demos-

1884 3225 2057 3278 thenis
2082 3227 2384 3299 eloquentia
2409 3228 2586 3281 multis
2603 3232 2717 3301 jam
2746 3246 2899 3281 secu·

1884 3304 1948 3358 lis
1972 3319 2084 3358 erat
2106 3306 2366 3379 probata3
2398 3321 2451 3360 at
2477 3307 2627 3360 Fabii
2653 3321 2899 3380 tempore

1883 3384 2029 3457 apud
2048 3385 2307 3458 quosdam
2328 3387 2463 3441 male
2483 3386 2736 3439 audiebat
2747 3389 2900 3441 Cice·

1880 3483 1972 3532 ro,
1996 3479 2057 3518 ut
2078 3480 2298 3538 apparet
2326 3487 2389 3519 ex
2414 3466 2639 3538 Dialoffo
2664 3467 2733 3520 de
2756 3470 2896 3522 Ora-

1882 3544 2087 3597 toribus
2119 3544 2303 3615 (hunc
2331 3544 2640 3599 adscribunt
2668 3545 2759 3597 alii
2785 3547 2894 3598 Ta-

1882 3626 1989 3676 cito
2005 3661 2023 3690 ,
2047 3623 2137 3676 alii
2164 3623 2544 3695 Quintiliano).
2570 3623 2723 3677 Adde
2747 3624 2893 3697 quod

1881 3702 2194 3757 Plutarchus
2226 3707 2282 3756 in
2314 3705 2712 3776 comparatione
2743 3706 2892 3758 Cice-

1882 3783 2027 3837 ronis
2070 3796 2122 3835 et
2162 3782 2535 3836 Demosthenis
2570 3784 2890 3837 Demosthe-

1882 3881 2007 3914 nem
2053 3864 2311 3916 Cicerone
2358 3862 2518 3935 longe
2565 3865 2889 3936 superiorem

1881 3942 2026 3995 facit.
2054 3942 2147 3994 En.
2880 3999 2891 4004 ,

1959 4037 2040 4074 10.
2064 4023 2189 4074 Non
2212 4021 2278 4075 sit
2300 4021 2370 4073 id.
2393 4023 2509 4074 Hoc
2530 4021 2716 4075 ordine
2745 4022 2884 4074 Flor.

1879 4101 1952 4154 N.
1975 4101 2010 4152 i.
2031 4120 2067 4153 s.
2081 4138 2100 4167 ,
2120 4099 2295 4152 Gnelf.
2311 4101 2475 4153 Cur.
2491 4099 2650 4153 Goth.
2667 4103 2886 4155 Jenson.

1881 4181 2122 4252 (tacente
2142 4180 2410 4251 Gesner-o)
2434 4182 2587 4234 Tarv-
2616 4179 2826 4253 Reliqui
2850 4180 2883 4232 i.
