3200 5159
643 477 1303 549 INSTITUTIONJS
1338 478 1598 545 ORAT.
1640 481 1804 546 LIB.
1841 481 2001 562 ΧΠ,
2047 507 2146 550 10.

2325 487 2450 575 527

343 599 529 676 sior?
553 603 751 696 Quid
780 603 1088 703 denique
1121 601 1646 676 Demosthenes?
1679 631 1821 676 non
1855 626 2142 679 cunctos
2174 606 2331 681 illos
2362 629 2455 682 te·

342 742 521 790 nues
549 739 619 792 et
644 719 1214 817 circumspectos,
1244 718 1343 807 vi,
1378 718 1836 809 sublimitate,
1871 720 2175 820 impetu,
2224 723 2415 796 cultu
2434 782 2454 816 ‚

341 832 847 933 compositione
865 833 1249 934 superavit?
1276 860 1421 906 non
1446 833 1747 933 insurgit
1765 834 1931 908 locis
1950 836 2017 907 ¹?
2044 863 2187 911 non
2217 838 2460 938 figuris

343 948 655 1047 gaudet?
694 977 840 1023 non
884 950 1459 1025 translationibus
1504 950 1724 1024 nitet?
1759 979 1905 1025 non
1944 955 2256 1027 oratione
2299 956 2463 1027 ficta

343 1064 502 1140 dat²
551 1066 939 1141 tacentibus
988 1067 1277 1141 vocem?
1321 1093 1464 1141 non
1516 1069 1695 1141 illud
1734 1069 2289 1172 jusjurandum³
2336 1098 2463 1173 per
2499 1090 2568 1157 24

343 1206 554 1254 caesos
583 1181 658 1254 in
686 1182 1098 1256 Marathone
1139 1211 1219 1257 ac
1262 1184 1621 1257 Salamine
1655 1208 2203 1286 propugnatores
2233 1188 2468 1288 reipu-

344 1294 579 1388 hlicae,
616 1297 778 1371 satis
811 1296 1181 1372 manifesto
1226 1300 1467 1391 docet,
1505 1324 2003 1401 praeceptorem
2039 1303 2189 1405 ejus
2226 1304 2465 1378 Plato-

344 1439 505 1486 nem
526 1414 779 1488 fuisse?
802 1443 1017 1513 quem
1034 1415 1065 1473 4
1085 1417 1318 1517 ipsum
1358 1444 1538 1490 num
1564 1405 1884 1493 asianum
1920 1420 2466 1522 appellabimus,

345 1592 603 1647 Obrechti
616 1599 760 1668 conj.
778 1597 1016 1668 reposuit
1026 1595 1146 1649 loeto
1158 1636 1175 1663 ,
1188 1597 1362 1669 probo

343 1671 403 1725 id
426 1673 668 1747 quidem,
692 1678 831 1728 sicut
849 1674 1092 1728 eamdem
1112 1679 1362 1729 mutatio-

345 1770 471 1805 nem
486 1773 516 1806 e
535 1752 705 1807 Codd.
730 1754 1036 1808 admisimus
1056 1773 1218 1827 supra
1233 1756 1328 1808 ΧΠ
1344 1793 1362 1822 ,

346 1848 412 1902 9,
429 1849 479 1900 2,
495 1832 589 1886 sed
604 1851 778 1906 neque
793 1832 882 1886 hio
895 1836 1229 1907 propositam
1245 1854 1363 1887 eam

348 1913 405 1962 in
429 1910 638 1965 schedis
672 1930 702 1965 a
733 1915 847 1965 viro
886 1914 1092 1986 optimo
1114 1932 1365 1966 necessa-

348 1991 480 2043 riam
495 2005 630 2063 puto
641 2029 659 2057 ‚
682 2010 860 2064 neque
878 1993 934 2044 in
949 1991 1081 2045 locis
1096 1993 1367 2045 Ciceronis

350 2083 407 2123 et
426 2072 623 2136 Taciti,
648 2089 786 2143 quos
809 2073 1009 2123 Nostro
1038 2074 1094 2125 iu
1122 2085 1250 2125 nota
1276 2072 1368 2125 illa

354 2148 510 2215 adv,
542 2150 632 2218 14,
649 2150 746 2217 33,
764 2149 1032 2222 adjunxit,
1055 2149 1123 2202 de
1145 2150 1236 2202 tali
1255 2167 1370 2203 cor·

351 2232 588 2282 rectione
611 2233 848 2302 cogitare
868 2232 1049 2303 potuit
1071 2233 1204 2302 ipse.
1235 2231 1369 2284 Sane

351 2312 408 2362 in
423 2309 548 2363 loco
563 2325 720 2383 quem
736 2310 825 2363 hic
844 2312 900 2364 in
913 2313 1149 2382 margine
1168 2313 1372 2364 notavit

354 2391 533 2465 Spald.
562 2411 595 2444 e
625 2389 851 2463 Dialogo
891 2391 959 2443 de
983 2409 1121 2444 corr.
1154 2390 1294 2463 eloq.
1321 2408 1370 2442 c.

360 2472 453 2540 14,
489 2475 831 2543 conjungitur
866 2470 986 2524 loeta
1019 2480 1072 2524 et
1095 2471 1377 2524 audentior

357 2551 522 2603 oratio
557 2573 572 2602 .·
616 2551 710 2604 sed
737 2570 845 2604 non
879 2552 1054 2602 minus
1087 2549 1371 2603 commode

358 2629 519 2682 latior
528 2639 581 2682 et
592 2629 871 2683 audentior
881 2629 968 2682 hic
983 2649 998 2690 ς
1015 2647 1180 2702 quum
1196 2629 1373 2686 laetum

359 2721 666 2784 opponatur
679 2708 828 2762 arido
842 2748 861 2776 ,
886 2708 1052 2761 latum
1075 2722 1314 2785 angusto.

438 2804 483 2840 t.
526 2789 690 2841 Locis.
734 2790 874 2842 Cave
911 2787 1057 2841 hunc
1087 2788 1377 2841 ablativum

360 2866 552 2921 eodem
575 2867 738 2921 modo
760 2886 869 2940 quo
895 2881 1208 2939 sequentes,
1222 2865 1378 2942 ,ἦρα-

362 2948 463 3012 ris,
498 2946 949 3012 translationibus,
979 2949 1211 3019 accipias
1236 2962 1289 3001 et
1311 2945 1381 2999 de

363 3026 495 3080 locis
533 3028 776 3079 oratoriis
813 3024 1077 3096 intelligas
1094 3063 1109 3092 ‚
1149 3028 1227 3078 uti
1253 3027 1382 3078 fecit

363 3105 668 3180 Gedoynus.
699 3106 783 3159 Sic
807 3107 947 3157 enim
964 3104 1124 3178 plane
1148 3123 1260 3156 non
1285 3123 1383 3177 ap-

364 3199 544 3258 paret,
564 3204 661 3238 cur
674 3186 936 3258 insurqere
953 3184 1289 3256 potissimum
1309 3182 1383 3235 lo-

365 3264 660 3318 cisdicatur
683 3276 878 3316 orator.
906 3264 1055 3316 Locis
1077 3263 1279 3315 dictum
1294 3260 1383 3314 hic

366 3344 543 3410 mlx,
565 3343 626 3412 4,
652 3343 720 3397 83
746 3342 813 3395 de
838 3343 1258 3414 opportunitate.
1276 3342 1385 3394 De·

369 3422 702 3491 mosthenes‚
724 3437 905 3477 orator
925 3422 1054 3475 alias
1070 3424 1284 3474 minime
1304 3435 1387 3474 tu·

368 3501 545 3556 midus
560 3541 577 3570 ,
625 3517 803 3556 tamen
818 3541 836 3570 ‚
883 3502 977 3554 ubi
1019 3516 1386 3574 opportunum

370 3595 480 3649 cst,
503 3595 556 3635 et
576 3601 660 3634 res
686 3583 890 3654 poscit,
916 3583 1155 3652 insurgit.
1195 3582 1389 3634 Fateor

373 3663 645 3735 aliquanto
701 3662 1051 3734 negligentius
1103 3662 1389 3732 Quintilia-

369 3763 502 3797 num
515 3742 660 3795 hunc
679 3742 966 3795 ablativum
989 3745 1190 3796 ceteris
1214 3742 1389 3796 diver-

372 3823 591 3878 sissimis
620 3822 910 3875 miscuisse.
954 3821 1057 3875 Sed
1088 3822 1245 3875 talem
1278 3823 1388 3894 jam

373 3905 618 3957 novimus
657 3901 914 3954 Nostrum
942 3923 953 3952 ε
994 3914 1047 3954 et
1087 3900 1176 3954 hic
1214 3916 1391 3953 tamen

374 3983 585 4056 positus
624 3979 936 4048 verborum,
975 3993 1159 4033 tenore
1196 3983 1393 4051 juvan-

374 4061 506 4129 dus,
530 4061 925 4133 ambiguitatem
941 4061 1096 4114 tollit.
1131 4085 1153 4109 κ
1170 4063 1292 4114 Non
1310 4061 1395 4113 in-

383 4164 408 4189 «
424 4141 588 4215 suryit
600 4140 764 4193 locis?
784 4161 896 4194 non
905 4138 1098 4214 figuris
1118 4140 1351 4213 gaudet?
1364 4165 1387 4190 n

453 4220 629 4271 atDat
650 4220 928 4273 tacentibus
951 4237 1126 4272 vocem
1138 4241 1158 4281 ‚·
1184 4221 1258 4272 sic
1282 4220 1394 4271 Tu-

1443 1600 1633 1652 ricens.
1654 1599 1795 1652 Flor.
1817 1601 1981 1653 Cam».
1998 1620 2118 1653 cum
2134 1600 2298 1654 Goth.
2315 1601 2464 1655 Bodl.

1440 1679 1587 1731 Jens.
1634 1693 1688 1731 et
1727 1677 1850 1730 edd.
1890 1692 2014 1732 ante
2046 1681 2267 1733 Vascos.
2305 1679 2468 1748 1542,

1443 1770 1579 1810 teste
1612 1759 1879 1826 Gesnem,
1918 1778 2031 1811 acc.
2063 1758 2265 1832 Gryph.
2302 1760 2470 1828 1544,

1442 1836 1593 1891 Gibs.
1622 1838 1752 1892 Obr.
1773 1837 1912 1890 Roll.
1936 1838 2113 1890 Datur
2132 1836 2260 1907 (sed
2288 1858 2353 1890 ur
2371 1859 2470 1912 per

1446 1915 1769 1989 compend.)
1801 1917 2130 1986 Dicentibus,
2160 1917 2336 1970 Guelf.
2362 1919 2474 1971 Dat

1446 1997 1770 2061 carentibus,
1807 1995 2015 2067 reliqui.
2056 1995 2160 2050 Sed
2186 1998 2471 2052 tacentibus

1449 2093 1564 2127 esse
1590 2077 1752 2128 etiam
1790 2078 1844 2128 in
1870 2078 2015 2129 MSS.
2043 2078 2360 2144 Burmanni,
2407 2096 2471 2129 ex

1451 2170 1517 2203 eo
1542 2165 1718 2223 patet,
1764 2152 1910 2224 quod
1948 2166 2055 2205 tam
2087 2155 2275 2207 misere
2299 2155 2471 2209 editos

1450 2230 1539 2283 ille
1569 2234 1958 2303 circumspicit,
1981 2235 2071 2304 qui
2099 2232 2230 2286 dent
2252 2238 2477 2289 carenti-

1453 2311 1571 2372 ὀνκ
1613 2324 1870 2384 patetque
1899 2311 2083 2379 simul,
2132 2331 2290 2384 quam
2330 2314 2478 2368 nulla

1453 2407 1681 2460 usquam
1719 2393 1787 2443 sit
1829 2392 2041 2444 silentio
2082 2393 2198 2462 ejus
2235 2391 2302 2445 de
2330 2394 2472 2448 MSS.

1452 2467 1601 2521 fides.
1638 2471 1762 2521 Non
1783 2474 2019 2542 negarim
2044 2483 2222 2524 tamen
2248 2475 2476 2527 carenti·

1452 2548 1545 2600 bus
1574 2549 1630 2600 in
1667 2550 1775 2602 MS.
1819 2549 2085 2621 quodam,
2131 2569 2162 2602 a
2190 2552 2475 2605 Gallandio

1453 2627 1680 2680 fortasse
1726 2629 2015 2682 inventum.
2064 2629 2168 2683 Sed
2213 2633 2475 2685 immerito

1456 2704 1725 2778 praelatam
1748 2705 1889 2760 hanc
1914 2709 2231 2780 scripturam
2252 2724 2481 2762 conten-

1457 2784 1548 2838 do.
1574 2787 1839 2838 Nimirum
1871 2788 2016 2857 capti
2043 2801 2167 2838 sunt
2193 2788 2289 2838 viri
2330 2785 2477 2839 docti

1459 2866 1721 2936 elegantia
1760 2864 2022 2938 quadam,
2066 2885 2182 2937 quae
2209 2866 2311 2918 illis
2336 2866 2483 2919 vide-

1459 2945 1999 3016 batui-,grammatica
2012 2983 2029 3011 ‚
2046 2963 2151 3017 qua
2167 2945 2386 2997 verbum
2401 2963 2485 2997 ca-

1462 3025 1688 3077 rentibus
1724 3027 1839 3078 sine
1873 3043 2002 3076 casu
2027 3042 2127 3077 suo
2169 3038 2292 3078 ante
2321 3044 2484 3078 accu-

1463 3105 1688 3156 sativum
1708 3105 1964 3155 insertum
1984 3116 2094 3155 est:
2121 3123 2284 3176 quum
2305 3118 2481 3158 tamen

1464 3183 1654 3252 majori
1678 3184 1836 3234 etiam
1856 3182 2114 3253 elegantia
2146 3185 2354 3236 tacendi
2372 3204 2486 3237 ver·

1463 3260 1592 3313 bum
1618 3261 1685 3314 de
1708 3281 1840 3315 voce
1867 3263 2170 3317 carentibus
2199 3284 2487 3338 usurpare-

1467 3356 1570 3394 tur.
1597 3340 1702 3395 Sed
1725 3342 1854 3413 quid
1870 3356 1947 3395 est
1969 3362 2064 3395 cur
2078 3346 2354 3417 proprium
2371 3365 2485 3399 sen-

1467 3440 1586 3474 sum
1610 3421 1736 3473 hinc
1757 3421 2133 3475 excludamus?
2156 3427 2309 3478 Certe
2330 3426 2487 3478 silen-

1468 3503 1544 3554 tio
1587 3499 1866 3553 homiuum
1897 3501 2340 3571 infacundorum‚
2394 3508 2484 3579 qui

1468 3581 1642 3632 moesti
1689 3593 1863 3632 astant
1883 3618 1900 3647 ‚
1948 3579 2156 3633 silentio
2202 3581 2486 3654 indignan-

1469 3663 1601 3713 tium
1614 3697 1631 3725 ‚
1647 3661 1948 3712 mirantium
1959 3658 2183 3713 callidus
2195 3674 2375 3713 orator
2388 3664 2488 3714 uti-

1471 3752 1557 3792 tur
1588 3752 1858 3809 tamquam
1887 3737 2219 3809 loquentium
2239 3759 2390 3793 voce.
2414 3770 2484 3781 -

1469 3820 1653 3876 Nostri
1681 3817 1906 3871 Codices
1934 3819 2238 3872 tacentibus.
2263 3822 2358 3872 En.

1544 3900 1594 3952 3.
1630 3897 2024 3969 Jusjurandum.
2051 3896 2184 3951 Vide
2215 3896 2283 3950 ad
2302 3896 2401 3965 lx,
2428 3916 2488 3966 2,

1470 3977 1559 4031 62.
1603 3979 1664 4028 lu
1708 3976 2068 4029 enthusiasmo
2106 3989 2282 4029 autem
2327 3976 2487 4050 hujus

1471 4056 1853 4113 Demosthenei
1871 4056 2002 4125 loci,
2014 4055 2292 4110 Platonem
2305 4077 2490 4131 agnos·

1475 4140 1547 4191 cit
1577 4138 1763 4205 Quint.

1547 4217 1599 4284 4.
1631 4218 1855 4288 Quem...
1877 4234 2005 4266 num
2021 4253 2037 4282 ,
2078 4217 2273 4270 omisso
2292 4215 2488 4289 ipsum,
