3200 5159
792 451 922 532 430

1368 451 1460 514 M.
1500 448 1728 514 FABII
1764 447 2323 530 QUINTILIANI

789 573 1056 673 ingenii
1089 594 1335 653 natura
1370 591 1841 671 praestantem,
1875 591 2032 643 tum
2060 597 2218 643 vero
2257 592 2356 643 tot
2391 570 2897 670 pulcherrimas

670 783 676 790 .
792 712 968 763 artes
997 690 1274 790 penitus
1309 708 1543 761 mente
1577 685 2059 786 complexum,
2099 687 2347 760 datum
2374 687 2663 760 tandem
2693 688 2904 761 rebus

795 807 1165 896 humanis,
1194 804 1476 905 qualem
1503 802 1707 877 nulla
1729 823 1935 876 antea
1965 823 2258 876 vetustas
2291 805 2721 903 cognoverit,
2755 806 2906 877 sin-

797 920 1148 1021 gularem,
1191 920 1723 1020 perfectumque
1759 917 2115 1016 undique,
2148 917 2413 1017 optima
2443 919 2856 991 sentientem
2880 974 2902 1006 ,

692 1052 760 1105 26
799 1037 1203 1137 optimeque
1248 1035 1625 1107 dicentem.
1675 1035 1760 1106 In
1801 1033 1974 1107 hoc¹
2022 1055 2236 1133 quota
2265 1048 2467 1133 pars²
2509 1035 2668 1125 erit,
2709 1032 2908 1133 quod

797 1172 916 1223 aut
948 1150 1355 1222 innocentes
1386 1148 1736 1237 tuebitur,
1776 1169 1896 1221 aut
1924 1148 2411 1249 improborum
2441 1148 2695 1222 scelera
2723 1176 2909 1222 com·

795 1288 1064 1367 pescet,
1111 1286 1233 1338 aut
1269 1265 1343 1336 in
1383 1263 1799 1365 pecuniariis
1826 1263 2326 1364 quaestionibus
2361 1264 2623 1338 veritati
2668 1284 2911 1336 contra

796 1383 1231 1456 calumniam
1258 1381 1526 1474 aderit?
1552 1382 1890 1455 Summus
1915 1380 2038 1455 ille
2062 1382 2353 1480 quidem
2377 1381 2452 1454 in
2477 1381 2584 1455 his
2621 1405 2907 1481 quoque

796 1502 1126 1602 operibus
1148 1500 1360 1573 fuerit
1378 1557 1399 1592 ,
1434 1499 1555 1572 sed
1579 1498 2010 1600 majoribus³
2039 1498 2294 1572 clarius
2319 1499 2646 1587 elucebit,
2677 1524 2907 1599 quum

798 1617 1101 1716 regenda
1138 1637 1414 1689 senatus
1443 1616 1731 1688 consilia
1749 1673 1769 1707 ,
1804 1636 1873 1688 et
1898 1615 2254 1716 popularis
2286 1644 2474 1689 error
2503 1617 2591 1689 ad
2617 1615 2913 1688 meliora

690 1760 756 1815 ²7
800 1730 1183 1804 ducendus.
1238 1732 1354 1801 An
1394 1756 1539 1801 non
1588 1729 1802 1802 talem
1845 1728 2284 1830 quemdam4
2317 1730 2592 1803 videtur
2629 1728 2910 1801 finxisse

799 1847 1173 1947 Virgilius,
1212 1870 1430 1946 quem
1460 1846 1536 1918 in
1572 1845 1912 1919 seditione
1954 1846 2190 1946 vulgi,
2238 1845 2392 1947 jam
2424 1848 2607 1920 faces
2639 1866 2708 1918 et
2748 1871 2913 1919 saxa

783 1963 1189 2064 jaculantis,
1226 1963 1734 2035 moderatorem
1770 1962 2058 2036 dedit5?

957 2113 1119 2172 Tum
1140 2113 1371 2194 pietate
1391 2132 1646 2194 gravem
1666 2133 1737 2172 ac
1755 2114 1993 2173 meritis
2009 2114 2063 2173 si
2083 2112 2251 2173 forte
2267 2115 2475 2173 virum
2495 2132 2685 2195 quem

961 2209 1382 2293 Conspexere,
1403 2208 1621 2287 silent,
1643 2212 2021 2293 arrectisque
2038 2211 2295 2273 auribus
2315 2225 2526 2272 astant
2535 2207 2582 2271 6.

802 2350 1167 2423 Habemus
1213 2350 1428 2451 igitur
1464 2372 1629 2424 ante
1678 2351 1921 2424 omnia
1957 2358 2182 2425 virum
2231 2351 2526 2441 bonum,
2566 2372 2723 2452 post
2760 2352 2914 2424 haec

805 2466 1082 2569 adjiciet
1100 2482 1128 2528 7
1179 2468 1454 2540 dicendi
1475 2473 1776 2568 peritum
1799 2526 1819 2558 ,

806 2664 969 2730 Flor.‚
981 2675 1273 2734 proestante.
1290 2665 1472 2718 Turio.
1486 2667 1649 2720 Cum
1669 2668 1823 2719 omit-

807 2756 928 2795 tunt
970 2752 1058 2794 tot.
1111 2742 1305 2795 Placet.
1348 2746 1477 2797 Mox
1515 2747 1819 2820 agnoverit,

805 2821 970 2875 Cane.
1002 2822 1212 2893 Optime
1231 2832 1374 2887 sent,
1405 2820 1569 2876 Goth.
1598 2823 1762 2876 solus.

883 2918 929 2954 1.
953 2901 1023 2954 In
1048 2900 1202 2954 hoc...
1228 2902 1342 2955 erit.
1371 2901 1586 2956 Habent
1615 2903 1694 2957 his
1721 2902 1820 2955 hoc

806 2981 949 3054 quod
984 2999 1130 3052 apen
1163 2981 1263 3032 erit
1296 2981 1475 3033 Turic.
1516 2980 1655 3033 Flor.
1695 2980 1817 3053 (hic

805 3058 1120 3132 aspersa-it).
1152 3059 1430 3126 Tuebatur,
1460 3061 1639 3112 Turio.
1674 3060 1814 3112 Flor.

803 3140 987 3192 Aderit
1018 3140 1270 3192 omittunt
1303 3141 1480 3191 Turic.
1518 3137 1663 3191 Flor.
1693 3159 1817 3192 cum

806 3216 994 3269 Almel.
1017 3217 1297 3269 Summum
1313 3255 1331 3283 ,
1352 3218 1531 3269 Turio.
1557 3217 1813 3284 Summis,

803 3299 947 3351 Jens.
978 3294 1111 3366 (tac.
1148 3294 1333 3367 Gesn.)
1365 3298 1522 3349 Tarv.
1567 3299 1820 3369 Operibus

807 3377 1060 3427 omittunt
1077 3376 1221 3426 Jens.
1243 3374 1478 3444 (tacente
1495 3374 1682 3449 Gesn.)
1694 3395 1817 3429 cuin

806 3454 928 3508 edd.
954 3468 1178 3527 postet-r.
1206 3467 1331 3507 ante
1352 3453 1475 3507 Ald.

882 3553 931 3586 2.
961 3534 1134 3603 Quota
1161 3550 1340 3604 pars...
1368 3533 1525 3606 quod.
1562 3535 1818 3587 Imminu-

806 3615 1007 3665 tionem
1052 3613 1224 3663 inesse
1274 3610 1367 3663 tali
1416 3613 1818 3683 interrogationi

805 3690 1048 3762 exempla
1073 3690 1339 3762 probant3
1376 3708 1476 3742 nec
1514 3704 1630 3742 erat
1671 3691 1816 3764 quod

806 3776 1136 3825 Burmannus
1156 3787 1274 3844 quoe
1294 3783 1505 3841 optaret
1524 3789 1632 3842 prae
1655 3772 1813 3850 quod.

805 3850 941 3905 Illud
965 3849 1277 3902 insolentius
1292 3887 1310 3915 ‚
1331 3848 1478 3921 quod
1501 3867 1610 3901 non
1635 3850 1815 3922 adjici-

808 3942 896 3981 tur
910 3929 1192 3998 genitivus,
1202 3925 1346 3980 velut
1361 3926 1549 3994 laudis,
1568 3942 1660 3981 aut
1678 3931 1818 3981 simi-

808 4007 905 4068 lis;
931 4025 1054 4058 nam
1088 4008 1163 4058 sic
1185 4006 1296 4058 fere
1321 4008 1556 4073 struitur,
1584 4022 1648 4061 ut
1676 4009 1818 4081 apud

803 4085 1113 4138 Juvenalem
1136 4086 1270 4154 (111,
1293 4085 1419 4157 61):
1451 4097 1614 4162 quota
1643 4090 1816 4160 portio

795 4166 952 4239 foeeis
986 4165 1221 4231 Achoeoe,
1265 4164 1320 4217 id
1356 4178 1471 4235 est,
1510 4167 1817 4222 Graecorum

1901 2666 2120 2739 quidem
2164 2669 2458 2721 minimum.
2500 2669 2689 2740 Neque
2729 2679 2914 2720 tamen

1898 2746 2023 2798 ideo
2064 2765 2324 2818 reponere
2358 2746 2516 2800 velim
2545 2768 2558 2798 ε
2596 2747 2774 2819 Hujus
2814 2746 2917 2797 hoc

1899 2836 2060 2899 quota
2074 2844 2200 2897 pars
2222 2828 2347 2892 erit,
2371 2825 2531 2899 quod.

1971 2902 2024 2954 3.
2058 2904 2159 2956 Sed
2187 2906 2497 2976 majoribus,-
2536 2906 2610 2957 sic
2631 2903 2911 2956 Turicens.

1897 2982 2081 3036 Ambr.
2109 3000 2173 3050 a,
2205 2984 2381 3037 Guelf.
2414 2986 2577 3037 Qun».
2607 3001 2731 3036 eum
2750 2984 2911 3036 Voss.

1905 3077 1952 3126 ι,
1970 3062 2025 3114 3.
2058 3062 2128 3113 In
2153 3064 2395 3116 inserunt
2417 3062 2622 3135 reliqui.
2647 3061 2727 3115 Ac
2741 3079 2876 3134 pop.
2891 3099 2911 3127 ,

1896 3141 2063 3193 Cim.

1969 3218 2020 3284 4.
2047 3218 2229 3284 Talem
2248 3218 2549 3292 quemdam.
2569 3219 2781 3286 Turic.,
2803 3216 2912 3272 tale

1896 3297 2154 3371 quoedam.
2175 3300 2350 3350 Turio.
2365 3336 2383 3364 ,
2410 3297 2532 3350 iude
2555 3296 2702 3350 sedit.

1969 3377 2022 3430 5.
2046 3378 2221 3431 Dedit.
2251 3378 2413 3432 Goth.
2439 3380 2583 3431 Jens.
2612 3396 2736 3430 cum
2751 3380 2909 3430 Voss.

1901 3472 1929 3507 2
1948 3493 1966 3520 ‚
1992 3471 2045 3508 et
2068 3457 2190 3510 edd.
2209 3473 2441 3529 poster-r.
2464 3472 2587 3510 ante
2605 3456 2764 3510 Basil.
2786 3456 2917 3529 adji-

1898 3538 2045 3588 ciunt
2067 3538 2252 3589 animi.
2283 3537 2474 3607 Quod,
2497 3536 2740 3590 relietum
2768 3537 2915 3590 dun-

1897 3628 2038 3668 taxat
2057 3618 2112 3667 in
2126 3618 2347 3682 animis,
2367 3620 2723 3671 necessarium
2741 3631 2914 3669 struc-

1895 3708 2023 3747 turae
2037 3715 2231 3749 censeo
2243 3735 2260 3763 ,
2277 3716 2394 3770 quae
2410 3700 2466 3750 in
2480 3696 2573 3749 illo
2592 3697 2737 3749 dedit
2748 3698 2913 3750 finem

1897 3792 2006 3826 non
2030 3774 2213 3828 habet.

1968 3852 2021 3905 6.
2064 3853 2270 3907 Astant.
2319 3856 2435 3907 Hoc
2451 3893 2469 3921 ,
2512 3874 2622 3908 non
2666 3856 2876 3909 ademtae
2891 3895 2911 3922 ‚

1899 3931 2026 3985 dare
2048 3936 2227 3986 Turio.
2257 3935 2419 3988 Catu».
2444 3935 2639 3988 diserte
2667 3954 2910 3988 moneor.

1971 4029 2022 4081 7.
2044 4012 2299 4085 Acijiciet3
2320 4017 2395 4067 sie
2414 4017 2688 4068 Tui-icens.
2703 4015 2914 4087 (quam-

1899 4109 2061 4162 quam
2084 4092 2305 4163 adiciet)
2332 4094 2505 4146 Guelf.
2533 4112 2655 4147 eum
2669 4095 2828 4147 Voss.
2857 4095 2910 4147 3.

1899 4169 2107 4241 Adfecit
2123 4171 2329 4244 reliqui.
2345 4173 2514 4227 Dictis
2529 4173 2743 4239 amieos,
2766 4173 2909 4227 Flor.
