3200 5159
862 472 989 558 494
1068 469 1073 474 ’

1423 470 1517 534 Μ.
1561 472 1792 536 FAssu
1828 474 2390 556 QUINTILIANI

856 590 1035 662 tueri
1068 616 1477 663 concessum
1512 590 1638 662 sit:
1675 590 1795 664 sed
1829 593 2039 666 etiam
2064 609 2082 640 ¹
2120 598 2179 668 si
2213 624 2414 672 nosse
2452 602 2625 699 quid
2656 607 2935 706 quisque

849 705 1138 778 senserit
1163 703 1371 796 volet,
1397 704 1713 776 lectionis
1740 732 1915 806 opus
1939 729 2038 780 est
2053 740 2072 799 3
2103 737 2244 807 qua
2268 712 2444 786 nihil
2471 737 2571 789 est
2600 718 2675 790 in
2698 722 2936 796 studiis

791 844 826 898 9
853 821 1087 893 minus
1119 819 1798 912 laboriosum:Quod
1830 822 1887 893 si
1920 823 2256 923 plerique,
2293 827 2688 931 desperata²
2721 836 2934 910 facul-

849 958 985 1009 tate
1027 935 1310 1035 agendi,
1345 935 1434 1007 ad
1475 934 1942 1008 discendum³
1965 939 2087 1040 jus
2130 940 2684 1040 declinaverunt;
2725 978 2933 1050 quam

850 1053 923 1126 id
950 1055 1117 1127 scire
1138 1053 1335 1125 facile
1359 1074 1461 1126 est
1487 1054 1775 1145 oratori,
1812 1056 2003 1152 quod
2029 1057 2336 1152 discunt,
2368 1067 2490 1163 qui
2518 1093 2643 1139 sua
2667 1095 2934 1170 quoque

850 1169 1284 1242 confessione
1303 1189 1601 1241 oratores
1622 1195 1766 1241 esse
1783 1196 1927 1242 non
1946 1175 2271 1271 possunt?
2288 1179 2556 1252 Verum
2575 1204 2642 1255 et
2655 1185 2756 1256 M.
2776 1187 2935 1267 Cato

851 1312 1077 1384 quum
1112 1284 1187 1356 in
1222 1284 1516 1356 dicendo
1546 1285 2175 1383 praesmntissinms,
2213 1311 2367 1363 tum
2391 1292 2573 1395 juris
2601 1296 2792 1370 idem
2814 1300 2936 1372 fuit

848 1399 1349 1501 peritissimus3
1395 1419 1461 1470 et
1499 1400 1809 1472 Scaevolae
1860 1403 2231 1504 Servioque
2274 1406 2579 1508 Sulpicio
2621 1438 2936 1487 concessa

756 1549 820 1585 ιο
850 1536 946 1588 est
986 1516 1198 1587 etiam
1241 1513 1584 1586 facundiae
1631 1513 1874 1605 virtus;
1910 1537 1981 1588 et
2023 1517 2128 1590 M,
2171 1520 2493 1595 Tullius4
2533 1551 2680 1598 non
2727 1527 2933 1601 modo

849 1631 1027 1714 inter
1055 1628 1457 1729 agendum⁵
1483 1655 1852 1728 nunqnam
1885 1650 1988 1702 est
2020 1630 2388 1709 destitutus
2421 1638 2707 1713 scientia
2724 1643 2930 1742 juris,

849 1747 969 1820 sed
1004 1747 1215 1818 etiam
1255 1771 1670 1844 componere
1704 1744 1936 1845 aliqua
1969 1746 2056 1819 de
2098 1775 2180 1821 eo
2218 1775 2544 1852 coeperat;
2593 1777 2674 1829 ut
2718 1784 2932 1858 appa-

848 1882 1020 1951 reat,
1057 1887 1253 1960 posse
1287 1881 1628 1933 oratorem
1663 1887 1807 1932 non
1837 1860 2168 1937 discendo
2207 1887 2475 1941 tantum
2502 1869 2645 1972 juri
2679 1900 2933 1964 vacare,

754 2007 809 2043 ιι
847 1976 969 2050 sed
998 1977 1207 2049 etiam
1239 1976 1573 2050 docendo.
1613 1979 1882 2048 Verum
1923 2005 2033 2069 ea,
2067 2006 2222 2076 quae
2255 1982 2341 2055 de
2379 1987 2691 2060 moribus
2729 2016 2931 2063 exco-
2989 2055 2996 2066 .

846 2092 1069 2166 lendis
1099 2092 1467 2192 studioque
1501 2091 1685 2195 juris
1721 2091 2162 2193 praecipimus
2176 2094 2231 2188 ⁶,
2268 2124 2358 2170 ne
2395 2100 2552 2199 qui‘s
2594 2128 2676 2176 eo
2709 2104 2935 2177 credat

922 2308 966 2341 1.
989 2291 1223 2342 Etiam...
1238 2290 1459 2344 senserit.
1482 2289 1676 2353 Caum,
1691 2287 1851 2338 etiam
1931 2290 2137 2343 omissis
2152 2292 2223 2345 ob
2237 2292 2634 2348 homoeoteleut.
2648 2315 2799 2372 seqq.
2810 2299 2928 2353 Et...

844 2388 986 2422 nosse
998 2368 1043 2420 si
1064 2371 1181 2440 quis
1197 2385 1313 2441 quoe
1324 2386 1450 2421 sens.
1466 2366 1643 2421 Gueif.
1657 2403 1673 2430 ‚
1691 2364 1848 2418 nolle.

840 2450 1015 2500 Turio.
1030 2486 1048 2515 ,
1070 2464 1213 2500 nosse
1229 2446 1372 2519 quod
1392 2448 1626 2520 quisque.
1656 2443 1847 2510 Goth„

839 2548 981 2582 nosse
1000 2529 1231 2602 quisque.
1248 2526 1385 2579 Alm.
1404 2526 1537 2578 vau.
1561 2525 1685 2577 Bad.
1700 2563 1717 2591 ,
1742 2523 1847 2576 lec·

841 2609 1006 2674 tione,
1032 2625 1153 2659 cum
1177 2605 1296 2658 edd.
1314 2604 1516 2677 aliquot
1537 2617 1675 2675 post.
1696 2604 1845 2673 geni-

838 2689 1002 2737 tivum
1041 2683 1341 2736 vindicante
1378 2684 1441 2735 G.
1480 2682 1529 2732 J.
1563 2682 1751 2734 Vossio
1789 2683 1844 2733 in

835 2763 1139 2818 Aristarcho
1161 2763 1283 2828 vn,
1308 2763 1357 2814 8.
1379 2762 1505 2813 Mox
1524 2759 1652 2833 quia
1675 2759 1841 2825 nihil,

778 2889 781 2898 ,
834 2848 1011 2899 Turio.
1035 2843 1178 2896 Flor.
1204 2842 1367 2894 Cnn’.
1735 2871 1742 2876 -

862 2915 868 2920 ⁹
911 2942 957 2976 2.
1011 2923 1307 2995 Desperata.
1329 2960 1339 2971 .
1363 2960 1375 2971 .
1430 2917 1839 2971 declinaverunt.

843 3028 865 3052 α
886 3005 1071 3058 Cicero
1095 3019 1194 3075 pro
1219 3002 1468 3067 Murena,
1493 3015 1609 3070 cap.
1644 2997 1736 3049 13:
1760 2999 1842 3049 vi-

843 3105 865 3128 «
884 3080 1077 3133 dentur
1100 3079 1338 3152 plerique
1356 3075 1722 3149 jurisconsulti
1742 3078 1841 3127 ini·

840 3182 862 3207 ιι
886 3161 959 3212 tio
979 3159 1146 3211 multo
1166 3157 1271 3209 hoc
1291 3157 1537 3209 maluisse
1558 3152 1643 3222 (ut
1666 3167 1840 3206 orato-

841 3265 863 3289 ι
883 3259 966 3294 res
986 3238 1207 3310 fierent).
1227 3241 1353 3289 Post
1370 3254 1533 3308 quum
1555 3234 1610 3286 id
1628 3237 1839 3305 assequi

841 3344 863 3366 ι
883 3338 993 3372 non
1012 3318 1335 3390 potuissent,
1355 3316 1491 3366 istuc
1507 3315 1836 3384 potissimum

841 3423 863 3446 ιι
885 3412 1006 3452 sunt
1028 3396 1262 3467 delapsi,
1300 3407 1359 3446 ut
1395 3395 1541 3445 aiunt
1574 3395 1627 3444 in
1654 3393 1834 3463 graecis

839 3502 859 3523 n
881 3475 1194 3540 artificibus,
1217 3497 1239 3520 n
1269 3485 1368 3524 etc.
1403 3469 1632 3543 [Caetera
1665 3488 1836 3543 quiere

830 3555 974 3629 apud
996 3553 1438 3619 Nostrum,VIII‚
1459 3552 1518 3616 3,
1540 3548 1648 3623 79.]
1673 3550 1832 3602 Geso.

901 3637 953 3688 3.
973 3633 1059 3686 Ad
1076 3632 1391 3684 discendum.
1415 3629 1614 3694 Guelf.‚
1666 3628 1717 3680 cl
1733 3628 1836 3680 dis-

828 3712 1068 3765 cendum.
1089 3709 1270 3761 Ambr.
1294 3725 1320 3759 2
1332 3748 1350 3775 ‚
1371 3727 1463 3760 sua
1480 3725 1595 3780 quae
1668 3725 1711 3757 e.
1733 3709 1832 3758 Pro

827 3791 906 3842 M.
926 3793 1052 3843 Cato
1067 3788 1158 3840 dat
1172 3797 1409 3838 mencato
1423 3786 1562 3839 Flor.
1578 3788 1833 3839 Proestan·

822 3871 1057 3935 tissimus,
1070 3868 1250 3919 Turic.
1271 3866 1463 3919 Tum...
1476 3866 1744 3937 peritIsst'm
1754 3884 1829 3931 us,

826 3950 1075 4001 omittunt
1090 3950 1267 4000 Turio.
1290 3945 1520 3998 Florem.
1542 3963 1667 3997 cum
1688 3946 1824 3999 Alm.

824 4029 948 4080 Fuit
978 4028 1112 4079 idem
1128 4066 1147 4094 ,
1175 4024 1336 4077 Goth.
1360 4026 1503 4077 Jens.
1530 4042 1653 4076 enm
1677 4024 1821 4078 editt.

822 4120 1049 4179 posterr.
1067 4117 1189 4180 ante
1206 4105 1372 4160 Stoer.
1389 4104 1660 4175 Seruique,
1684 4103 1821 4157 Flor.

820 4185 1002 4239 Iustus
1030 4203 1129 4256 pro
1164 4185 1327 4237 virtus
1343 4183 1618 4236 Turicens.
1654 4182 1826 4252 Pion,

1928 2367 2206 2425 destitutus.

2004 2452 2054 2519 4.
2071 2452 2150 2504 Μ.
2174 2453 2437 2507 Tullius...
2453 2469 2690 2529 coeperat.
2709 2457 2932 2512 Constat

1927 2551 1957 2584 e
1983 2532 2153 2586 Genio
2181 2531 2272 2600 (1,
2300 2536 2397 2605 υ)
2434 2532 2623 2586 librum
2659 2539 2929 2608 scripsisse

1923 2613 2231 2665 Ciceronem
2270 2614 2362 2683 qui
2397 2614 2682 2685 inscriptus
2717 2630 2836 2668 erat
2869 2615 2928 2667 de

1916 2693 2035 2762 jure
2048 2688 2193 2741 civili
2207 2690 2262 2741 in
2277 2701 2441 2743 artem
2459 2691 2929 2766 redigendo.Quem

1924 2786 2090 2840 quom
2118 2766 2420 2821 absolutum
2455 2789 2729 2843 nunqnam
2772 2776 2931 2826 fnisse

1923 2865 1987 2899 ex
2017 2844 2123 2898 hoc
2144 2845 2293 2898 Fabii
2325 2845 2446 2898 loco
2471 2851 2774 2921 suspicatus
2797 2865 2929 2905 esset

1921 2924 2439 2998 Bynckershoeekius
2457 2965 2476 2993 .,
2527 2943 2650 2998 apte
2701 2929 2927 2984 Baebius

1919 3004 2085 3077 (fflst.
2114 3004 2414 3078 Jurisprud.
2443 3009 2597 3059 Rom.
2618 3008 2696 3072 11,
2727 3027 2757 3062 2
2775 3046 2793 3076 ‚
2824 3010 2922 3082 43)

1920 3087 2189 3156 reposuit,
2230 3085 2285 3138 id
2321 3085 2425 3137 hoe
2457 3085 2579 3139 loco
2607 3088 2788 3142 valere
2812 3110 2927 3143 ver-

1918 3162 2046 3214 bum
2075 3164 2308 3234 caepisse,
2335 3165 2480 3235 quod
2507 3165 2612 3218 hoc
2641 3185 2755 3220 uno
2789 3168 2922 3221 libro

1918 3241 2060 3295 edito
2081 3244 2286 3294 initium
2305 3244 2491 3296 Cicero
2506 3246 2690 3298 feeerit
2709 3266 2922 3316 eorum,

1918 3340 2032 3394 quae
2060 3321 2127 3374 de
2149 3324 2269 3392 jure
2293 3324 2430 3377 civili
2455 3324 2686 3379 scribere
2717 3329 2777 3380 in
2809 3332 2921 3381 ani-

1915 3420 2003 3452 mo
2025 3401 2260 3454 haberet.
2284 3403 2539 3457 Ceterum
2570 3409 2661 3479 qui
2687 3406 2759 3460 de
2779 3411 2922 3462 Cice-

1915 3482 2059 3531 ronis
2080 3480 2500 3551 Jurisprudentia
2520 3485 2829 3556 scripserint
2851 3489 2923 3539 in·

1914 3555 2107 3609 dicavit
2137 3559 2402 3613 Harlesius
2437 3563 2491 3612 in
2523 3564 2691 3615 Notit.
2728 3563 2917 3638 Script.

1913 3633 2083 3686 Latin.
2111 3637 2184 3703 11,
2210 3655 2328 3707 pag.
2360 3639 2472 3709 ¹49·
2871 3682 2880 3692 .

1984 3712 2034 3766 5.
2073 3716 2220 3767 Inter
2238 3718 2512 3789 agendum.
2543 3719 2829 3791 Ambros.,
2865 3723 2920 3775 in

1911 3793 2201 3867 agendum,
2226 3810 2279 3847 et
2301 3798 2377 3849 sic
2399 3798 2573 3851 Guelf.
2603 3800 2668 3852 In
2694 3804 2920 3875 ayendo,

1911 3874 2072 3925 Cane.
2098 3874 2400 3948 Nusquam,
2428 3877 2560 3932 Obr.
2584 3880 2708 3933 Non
2738 3882 2918 3934 dicen·

1907 3951 2006 4018 do,
2042 3950 2204 4024 Goth.
2234 3955 2381 4007 Voss.
2416 3972 2481 4021 2,
2513 3957 2706 4011 Joann.
2746 3958 2913 4012 Cann-

1912 4029 2072 4083 Ταυτὶ
2091 4034 2238 4103 juri,
2275 4033 2545 4088 Guelferb.
2581 4037 2743 4090 Tanti
2781 4038 2915 4105 vin',

1906 4108 2088 4161 Ambr.
2119 4128 2166 4162 2.
2197 4113 2372 4163 Etiam
2398 4115 2644 4181 dicendo,
2674 4115 2824 4169 Flor-

1976 4186 2028 4240 6.
2059 4190 2415 4263 Proecipimus.
2440 4193 2630 4266 Neque
2656 4196 2712 4247 in
2735 4196 2916 4264 λιιι,
