3200 5159
671 507 1328 582 ms'rrru'moms
1364 508 1621 576 ORAT.
1661 509 1822 576 Lm.
1859 510 1947 590 x,
1998 535 2054 576 t.
2324 493 2411 596 69

310 626 605 703 (litatem
638 629 1147 723 inaffectatam,
1182 631 1304 704 sed
1337 658 1554 732 quam
1581 632 1779 705 nulla
1807 631 2172 732 consequi¹
2213 632 2411 704 affec-

308 743 476 817 tatio
504 745 749 844 possit?
772 768 853 819 ut
884 747 1047 845 ipsae
1070 773 1471 819 sermonem
1490 759 1516 791 ²
1549 747 1822 819 finxisse
1849 746 2105 820 Gratiae
2131 746 2411 818 videan-

307 878 445 948 tur,
468 878 564 949 et,
583 860 772 958 quod
795 859 880 932 de
899 858 1204 932 Pericle³
1229 861 1469 933 veteris
1503 859 1903 933 comoediae⁴
1930 860 2411 934 testimonium

308 991 447 1061 est,
481 972 555 1044 in
587 973 780 1046 hunc
812 975 1161 1048 transferri
1185 974 1565 1076 justissime
1592 976 1838 1075 possit,
1871 976 1941 1048 in
1975 975 2231 1049 labris⁵
2262 975 2411 1077 ejus

310 1087 568 1161 sedisse
592 1090 978 1185 quamdam
1004 1090 1725 1189 persuadendi-deam.
1748 1090 1946 1183 Quid
1973 1090 2417 1188 reliquorum
2449 1107 2517 1165 83

305 1204 819 1277 Socraticorum
875 1204 1394 1304 elegantiamfi?
1451 1206 1624 1304 quid
1675 1206 2152 1282 Aristotelem?
2196 1233 2411 1303 quem

307 1315 556 1389 dubito
593 1318 895 1391 scientia‘
937 1346 1205 1409 rerum,
1255 1347 1348 1392 an
1392 1320 1806 1419 scriptorum
1854 1320 2095 1420 copia,
2143 1348 2232 1393 an
2272 1320 2415 1393 elo-

307 1431 578 1529 quendi
607 1433 940 1506 suavitate
956 1448 1011 1524 7,
1043 1461 1134 1506 an
1164 1434 1649 1507 inventionum
1678 1435 2008 1508 acumine
2027 1492 2047 1526 ‚
2081 1462 2173 1508 an
2200 1435 2409 1508 varie·

303 1568 443 1620 tate
485 1575 813 1647 operum,
854 1550 1217 1623 clariorem
1262 1571 1542 1649 putem:
1580 1577 1747 1622 nam
1790 1551 1867 1624 in
1910 1549 2407 1652 Theophrasw,

305 1684 452 1736 tam
492 1686 594 1738 est
626 1665 963 1765 loquendi
1005 1664 1235 1740 nitor⁸
1280 1664 1397 1738 ille
1442 1665 1757 1757 divinus,
1790 1688 1871 1739 ut
1906 1694 1987 1740 ex
2027 1695 2115 1740 eo
2142 1695 2407 1756 nomen

303 1842 468 1895 Cum
499 1860 622 1895 cum
649 1841 769 1896 edd.
800 1856 923 1897 ante
943 1842 1143 1918 Gryph.
1173 1844 1317 1898 Reli·
1395 1843 1593 1897 liastes.
1638 1847 1885 1899 Ciceroni
1925 1858 2408 1902 commemorarunt

303 1924 402 1994 qui
407 1923 800 1995 jucunditatem
826 1920 995 1974 illam.

383 2015 429 2052 t.
457 2002 715 2073 consequi
734 1999 1012 2073 affectatio
1030 2001 1191 2073 possit
1199 2023 1218 2063 ‚-
1240 2002 1316 2053 sic

301 2080 484 2132 Turio.
513 2079 651 2131 Flor.
682 2079 935 2152 (uterque
965 2094 1144 2133 tamen
1171 2078 1318 2152 adf.)

302 2158 468 2211 Cntr.
488 2157 654 2212 Possit
663 2155 939 2229 affectatio
953 2157 1097 2231 sequi
1105 2197 1123 2224 ,
1138 2156 1313 2210 Guelf.

300 2255 429 2289 cum
451 2241 607 2291 Voss.
637 2251 683 2303 ι’,
707 2238 755 2289 3.
787 2236 852 2288 A.
879 2253 1016 2292 cons.
1040 2255 1094 2305 p.
1113 2274 1130 2300 ,
1154 2235 1317 2289 Goth.

302 2318 447 2370 Jens.
478 2335 601 2369 cum
628 2314 748 2369 edd.
780 2328 901 2369 ante
926 2316 1080 2370 Basil.
1111 2315 1317 2388 Reliqui

346 2435 360 2448 .
384 2416 435 2448 a.
461 2414 511 2448 c.

301 2415 342 2468 p
379 2475 744 2529 2.Sermonem
755 2471 973 2548 finxisse
995 2474 1220 2534 Gratim
1243 2478 1317 2527 sic

301 2556 482 2618 Turio.
506 2554 649 2607 Flor.
680 2555 735 2608 S.
756 2574 811 2628 q.
835 2554 923 2627 f.,
958 2553 1120 2607 Goth.
1154 2556 1316 2609 CAur.

304 2632 429 2686 Ald.
449 2633 575 2686 Bad.
597 2631 823 2687 Fluxisse
838 2653 877 2686 s.
894 2653 948 2706 q.
968 2671 983 2698 ,
1005 2634 1180 2687 Guelf.
1203 2635 1320 2706 Ipse

301 2730 342 2763 s.
353 2711 534 2783 qroecis
540 2710 594 2783 f
613 2710 870 2778 videatur,
884 2713 1030 2763 Jens.
1053 2730 1175 2763 cnm
1196 2712 1314 2765 edd.

303 2801 428 2841 ante
450 2788 572 2840 Ald.
599 2787 745 2860 quod
767 2802 911 2842 recte
937 2790 1204 2864 improbat
1226 2793 1320 2844 Ba-

305 2867 461 2933 dius,
496 2870 588 2940 qui
623 2882 677 2920 et
712 2868 811 2941 ipsi
848 2888 956 2921 non
989 2870 1125 2922 male
1160 2870 1319 2923 scribi

302 2965 463 3022 posse
494 2959 694 2999 monet.
728 2947 1052 3018 singularem
1084 2949 1323 3003 videatur

302 3041 360 3081 et
380 3029 558 3079 Turio.
583 3025 635 3097 (a
657 3045 763 3079 sec.
785 3028 970 3099 manu)
995 3041 1049 3080 et
1071 3028 1232 3081 Goth.
1247 3059 1321 3069 —-

300 3108 485 3160 Nostri
526 3117 587 3159 ue
627 3105 749 3178 ipsoe
793 3125 1079 3160 sennonem
1125 3109 1320 3160 Gratia·

290 3184 515 3260 finxisse
529 3224 545 3248 ,
561 3187 659 3238 nisi
673 3186 818 3259 quod
833 3189 947 3239 Put.
967 3189 1100 3239 Prat.
1119 3189 1221 3240 BR.
1236 3190 1318 3256 14,

307 3263 372 3317 15
407 3259 464 3316 ori
487 3261 706 3335 finxisse
735 3275 948 3338 ponunt
976 3278 1099 3318 ante
1125 3285 1316 3321 sermo-

297 3363 444 3397 nem.
467 3345 563 3396 En.
1315 3339 1328 3356 ¹

373 3426 429 3479 3.
468 3424 549 3476 De
586 3423 801 3476 Pericie.
823 3462 836 3475 .
856 3460 869 3474 .
888 3460 903 3475 .
940 3423 1310 3477 testimonium.

301 3503 512 3569 Guelf.‚
530 3503 593 3554 de
616 3502 771 3554 veteri
787 3501 966 3575 peride
989 3514 1023 3555 t.
1040 3525 1058 3564 ‚-
1079 3504 1204 3554 item
1225 3520 1312 3554 co·

299 3581 539 3648 moedioe,
570 3583 845 3635 omittente
866 3585 1019 3635 Voss.
1053 3599 1109 3645 13
1135 3582 1314 3654 per-ide

302 3676 481 3716 sutem
506 3660 665 3712 dante
689 3663 842 3712 Voss.
868 3660 921 3712 3.

370 3739 422 3806 4.
445 3737 644 3792 Veteris
660 3739 923 3792 comoedioe
940 3738 1313 3792 testimonium.

300 3820 476 3872 Locus
507 3831 588 3870 est
618 3818 922 3870 notissimus
949 3817 1225 3888 Eupolidis
1257 3823 1315 3871 in

303 3893 469 3963 Δι’μοις
502 3896 779 3949 comoedia.
799 3897 933 3950 Vide.
967 3898 1098 3950 Plin.
1130 3899 1226 3970 Ep.
1257 3900 1312 3965 1,

301 3992 402 4038 uo,
435 3973 617 4046 ibique
652 3973 809 4027 Gesn.
846 3974 980 4027 vide
1017 3989 1071 4027 et
1108 3994 1207 4028 nos
1244 3974 1312 4027 nd

300 4053 482 4120 Quint.
508 4053 582 4116 ΙΙ,
605 4052 692 4116 16,
717 4053 915 4123 19‚ubi
929 4055 1146 4126 ponitur
1161 4053 1314 4106 locus

307 4130 725 4202 Aristophaneus
737 4169 753 4195 .,
769 4132 838 4184 ad
851 4151 1008 4203 quom
1029 4134 1173 4204 ipsos
1189 4133 1319 4184 bos-

303 4227 367 4261 σε
396 4208 673 4284 Eupolidis
703 4229 888 4265 versus
916 4212 1121 4286 profert
1154 4211 1317 4265 scho-

1396 1925 1451 1977 in
1476 1927 1668 1992 Bruto,
1693 1944 1740 1978 c.
1765 1942 1827 1995 9,
1855 1926 1935 1977 15.

1469 2003 1518 2057 5.
1544 2005 1738 2057 Labris.
1758 2006 1936 2057 Turio.
1959 2003 2098 2056 Flor.
2124 2003 2248 2072 (hic
2271 2023 2301 2056 a
2323 2024 2404 2076 pr.

1395 2083 1581 2153 manu)
1599 2082 1876 2150 laboribus,
1897 2102 2019 2134 cum
2040 2081 2176 2133 Alm.
2194 2085 2237 2135 E
2251 2087 2406 2135 Voss.

1401 2178 1465 2227 2,
1499 2159 1720 2223 laboris‚·
1751 2162 1827 2214 nil
1861 2161 1963 2214 tale
1989 2159 2222 2214 Gothan.
2256 2159 2408 2231 (vide

1398 2241 1446 2308 S.
1467 2238 1563 2309 743
1588 2241 1713 2291 item
1739 2240 1855 2312 86).

1468 2319 1520 2371 6.
1546 2318 1899 2394 Elegantiam.
1915 2320 2094 2371 Turic.
2116 2317 2255 2370 Flor.
2268 2356 2286 2383 ‚
2304 2317 2417 2370 ele-‘

1392 2398 1653 2470 gentium.
1687 2396 1780 2450 Ille
1809 2416 1837 2449 a
1867 2416 1974 2450 sec.
2003 2416 2163 2450 manu
2194 2396 2409 2470 elegan-

1395 2476 1565 2537 tium5
1592 2475 1676 2528 hic
1700 2487 1957 2528 nostrum.

1471 2573 1516 2625 7.
1537 2553 1840 2626 Eloquendi
1848 2575 1939 2608 sua
1947 2556 2116 2607 vitate.
2133 2556 2405 2606 anicens.

1396 2633 1535 2685 Flor.
1561 2633 1694 2704 (hic
1726 2653 1757 2686 a
1787 2654 1868 2705 pr.
1904 2633 2097 2705 manu)
2124 2653 2170 2686 e.
2195 2652 2311 2686 usus
2336 2653 2409 2700 s.,

1400 2730 1521 2765 cum
1543 2713 1705 2766 Goth.
1725 2715 1881 2766 Voss.
1906 2732 1957 2768 2.
1982 2714 2047 2765 E.
2074 2714 2148 2767 vis
2168 2732 2206 2766 s.
2226 2752 2244 2780 ,
2268 2712 2405 2764 Alm.

1397 2794 1464 2846 E.
1490 2813 1585 2847 usu
1614 2812 1651 2847 s.
1666 2833 1684 2861 ,
1706 2793 1979 2848 Guelferb.
2010 2813 2134 2847 cum
2159 2798 2313 2846 Voss,
2346 2793 2407 2861 3,

1397 2872 1541 2924 Jens.
1560 2871 1715 2923 Tarv.

1471 2951 1521 3004 8.
1547 2950 1819 3022 Loquendi
1842 2950 2011 3013 nitor3
2035 2951 2109 3003 sic
2132 2952 2407 3005 Turicens.
2442 2977 2460 2993 ·

1400 3029 1541 3081 Flor.
1575 3027 1700 3098 (hic
1730 3047 1759 3079 a
1787 3047 1870 3099 pr.
1900 3028 2092 3098 manu)
2118 3047 2241 3079 cum
2270 3027 2406 3082 Alm.

1400 3109 1611 3160 Omittit
1646 3117 1719 3159 est
1752 3106 1928 3158 Guelf.
1961 3106 2093 3158 dans
2130 3106 2264 3178 eloq.
2309 3106 2412 3159 sed

1399 3185 1651 3259 loquendi
1688 3200 1856 3238 totum
1896 3185 2155 3240 desiderat
2186 3187 2406 3238 Veneta.

1395 3265 1606 3336 Reliqui
1642 3263 1919 3338 eloquendi
1953 3284 2007 3316 n.
2041 3294 2114 3304 —
2138 3264 2410 3336 Loquendi

1397 3345 1551 3395 nitor.
1590 3344 1770 3411 Quum
1804 3342 2039 3394 variandi
2070 3361 2264 3408 causa,
2294 3356 2407 3394 tum

1396 3426 1521 3494 quia
1539 3425 1703 3493 ungis
1725 3439 1969 3474 sermone
1985 3422 2228 3475 familiari
2245 3440 2407 3494 quam

1394 3502 1603 3572 scriptis
1628 3502 1880 3552 meruisse
1906 3500 2010 3552 hoc
2039 3519 2235 3553 nomen
2255 3500 2413 3553 vide.-

1395 3594 1481 3633 tur
1500 3579 1905 3651 Theophrastus
1921 3618 1938 3647 ,
1952 3577 2221 3653 ,loquendi
2247 3598 2406 3650 quam

1391 3657 1671 3732 eloquendi
1726 3658 1970 3712 maluisse
2019 3657 2405 3728 Quintilianum

1395 3739 1655 3811 suspicor.
1678 3738 1814 3791 Vide
1845 3738 1954 3805 lx,
1987 3733 2051 3807 κί’,
2090 3739 2203 3809 147.
2243 3738 2405 3790 Miras

1393 3815 1652 3889 loquendi
1697 3816 1913 3870 delicias
1960 3831 2221 3872 sectatum
2260 3817 2407 3871 vides

1397 3896 1542 3970 apud
1573 3900 1826 3949 Nostrum
1859 3899 2007 3964 vul,
2044 3915 2097 3963 ι,
2133 3914 2193 3958 23
2229 3896 2323 3949 sed
2355 3910 2408 3950 et

1392 3978 1612 4028 vestitus
1633 3975 1914 4046 cultusque
1936 3975 2081 4048 apud
2094 3975 2407 4028 Athenaeum

1395 4057 1446 4120 I,
1465 4075 1517 4127 p.
1539 4073 1565 4106 2
1579 4072 1596 4106 ι
1608 4093 1625 4118 .,
1641 4075 1688 4107 a.
1704 4093 1720 4120 ‚
1740 4055 2007 4108 iudicante
2024 4055 2404 4108 Almelovenit).

1397 4137 1476 4187 De
1493 4137 1707 4187 nomine
1719 4174 1735 4201 ‚
1753 4154 1859 4206 quo
1878 4152 2032 4186 suum
2046 4138 2277 4208 Tyrta-mi
2292 4154 2410 4188 ¹inu-

1397 4216 1558 4284 (avit,
1583 4213 1701 4266 vide
1736 4216 1889 4286 Diog.
1922 4215 2093 4267 Lacrt.
2123 4216 2185 4276 V,
2219 4216 2304 4269 38.
2336 4240 2405 4258 -··
