3200 5159
682 491 1333 563 INSTITUTIONIS
1370 490 1628 557 ORAT.
1667 488 2027 567 LIB.·x11,
2068 486 2130 554 6.

2331 482 2458 571 473

365 619 759 719 gravissima
819 619 1086 722 judicia
1149 615 1574 716 susceperint
1607 630 1623 659 ¹
1651 646 1668 704 ;
1718 633 2133 714 praetextatos
2160 624 2184 656 ²
2244 608 2458 707 egisse

365 735 704 834 quosdam
739 734 824 807 sit
853 734 1215 823 traditum3
1253 733 1480 804 Coesar
1504 727 1896 829 Augustus³
1933 725 2304 800 duodecim
2343 749 2461 795 na-

366 869 478 921 tus
501 877 721 922 annos
745 850 966 922 aviam
992 875 1117 947 pro
1148 846 1373 919 rostris
1399 844 1804 917 laudaverit.
1831 840 2132 916 Modus‘*
2158 839 2334 913 mihi
2363 838 2459 910 vi·
2532 869 2561 903 2

366 964 568 1037 detur
591 965 882 1065 quidam
904 966 1248 1038 tenendus
1263 1019 1282 1052 ,
1305 983 1379 1034 ut
1394 989 1625 1059 neque
1642 986 2072 1060 praepropere
2088 956 2465 1054 destringa-

365 1081 479 1153 tur
494 1080 533 1182 ⁵·
552 1082 926 1154 immatura
954 1082 1178 1170 frona,
1215 1099 1281 1150 et
1316 1077 1652 1177 quicquid
1684 1097 1784 1149 est
1815 1076 1990 1148 illud
2023 1075 2252 1170 adhuc
2282 1098 2468 1144 acer-

369 1240 562 1307 Cm.
593 1240 788 1295 Pollio.
818 1243 1037 1294 Matius.
1071 1252 1219 1306 ante,
1252 1260 1374 1292 cum

368 1319 520 1373 Ald.
506 1339 561 1373 m
575 1320 680 1373 hoc
695 1334 837 1374 certe
852 1336 1059 1375 errante
1074 1325 1250 1374 Burm.
1237 1358 1271 1386 .,
1284 1323 1375 1393 qui

370 1398 536 1450 Andr.
562 1411 616 1450 et
636 1398 758 1451 Ald.
789 1398 967 1451 Pollio
999 1398 1200 1451 Matius
1231 1396 1375 1448 mul-

372 1487 483 1529 tum
512 1487 635 1529 ante
662 1477 790 1530 dare
817 1491 1026 1544 narrat,
1053 1479 1379 1547 nimiumque

372 1555 571 1609 lueret*
556 1576 612 1608 m
634 1556 929 1628 sphalmate
954 1578 967 1608 ε
999 1558 1086 1609 cul
1109 1553 1380 1627 Spalding.

374 1637 532 1688 etiam
554 1653 621 1686 ne
645 1635 908 1687 tantulum
933 1631 1145 1706 quidem
1164 1633 1381 1686 tribuis-

375 1725 455 1766 set
467 1751 484 1780 ,
501 1727 757 1783 qnantum
772 1713 898 1765 fecit
915 1715 970 1764 in
985 1724 1110 1764 nota
1135 1710 1201 1763 ad
1215 1713 1283 1763 111
1295 1748 1313 1777 ‚
1335 1728 1352 1762 ι
1363 1748 1381 1777 ,

385 1791 476 1856 18,
496 1791 540 1841 si
560 1803 670 1842 tum
690 1793 739 1842 ei
758 1792 1064 1861 contigisset
1084 1793 1246 1858 scire,
1264 1789 1384 1842 nul-

378 1866 487 1920 lum
516 1888 739 1940 usquam
763 1871 819 1922 in
840 1872 1048 1943 scriptis
1072 1868 1243 1921 Codd.
1268 1872 1382 1941 ejus

381 1950 605 2000 nominis
652 1966 767 2001 esse
803 1952 1097 2018 vestigium.
1141 1950 1385 2020 Suscepe-

378 2028 824 2092 runt‚'1’uricens.
851 2026 990 2079 Flor.
1015 2046 1137 2079 cum
1159 2028 1305 2079 Jens.
1332 2037 1385 2077 et

381 2105 501 2158 edd.
518 2119 747 2177 posterr.
767 2120 890 2159 ante
907 2106 1027 2160 Ald.
1046 2106 1265 2159 Eosdem
1285 2108 1383 2178 pro

379 2184 661 2259 quosdam,
702 2185 855 2238 Basil.
895 2185 1061 2238 altero
1104 2188 1157 2237 in
1195 2188 1388 2257 margi-

379 2283 503 2316 nem
537 2267 735 2336 rejecto
762 2262 923 2336 (turb.
960 2266 1178 2335 Burm.).
1216 2263 1389 2316 Natus

383 2346 634 2396 omittunt
655 2347 836 2397 Turio.
865 2363 986 2396 cum
1010 2344 1146 2397 Alm.
1172 2343 1388 2396 Lauda-

388 2425 487 2490 vit‚
510 2424 673 2476 Cim».
699 2443 820 2476 cum
843 2422 1004 2475 Goth.

462 2521 507 2554 1.
531 2500 746 2554 Iudicia
767 2505 1091 2574 susceperint.
1116 2500 1242 2554 Non
1265 2499 1390 2555 sub·

352 2603 359 2612 ·
388 2581 545 2634 tilite'r
563 2596 729 2652 agunt
742 2620 759 2648 ,
780 2586 871 2653 qui
876 2581 1087 2655 Judicia
1107 2601 1282 2634 causas
1300 2581 1389 2634 hic

386 2663 796 2732 interpretantur
818 2661 1117 2732 Capperon.
1152 2673 1207 2713 et
1232 2659 1393 2712 Index

385 2733 764 2812 Gesnerianus;
787 2739 1025 2810 quamvis
1043 2740 1115 2791 ita
1136 2740 1293 2792 etiam
1314 2738 1392 2790 lo-

389 2820 480 2889 qui
502 2820 764 2891 potuieset
785 2821 994 2871 Noster.
1030 2821 1167 2872 Nam
1199 2821 1243 2871 si
1276 2820 1394 2890 quis

389 2899 446 2949 in
454 2896 722 2970 judicium
749 2896 1030 2950 adducitur
1051 2899 1289 2972 subitque
1304 2901 1395 2969 juo

389 2977 606 3041 dicium,
620 2990 879 3048 patronus
889 2978 1139 3050 suscipere
1150 2976 1279 3030 illud
1293 2995 1392 3048 pro

392 3077 457 3110 eo
485 3057 591 3109 dici
618 3071 826 3129 potest;
866 3058 1002 3109 sicut
1032 3057 1226 3128 accipit
1246 3055 1395 3126 judi-

391 3138 530 3188 cium
552 3148 603 3187 et
623 3155 743 3188 reus
765 3150 817 3187 et
839 3149 1116 3207 patronus,
1132 3134 1265 3186 Vide
1285 3125 1394 3186 Cic.

391 3216 575 3284 Quint.
598 3231 665 3266 20
682 3213 770 3285 (62
798 3226 850 3265 et
868 3213 991 3286 63);
1018 3216 1166 3266 Verr.
1190 3214 1283 3266 lib.
1298 3216 1398 3282 111,

392 3313 512 3366 cap.
540 3310 603 3345 aa
630 3291 764 3365 (55).
826 3301 843 3316 ·

454 3393 502 3427 a.
520 3375 865 3426 Proetextatos.
885 3374 1038 3426 Anno
1054 3374 1220 3425 anatis
1234 3372 1399 3440 XVII,

393 3453 617 3506 Romani
640 3467 943 3524 praetextam
965 3468 1140 3525 togam
1161 3452 1398 3525 depone-

393 3533 520 3585 bant
536 3572 554 3601 ,
578 3548 629 3586 et
652 3532 787 3585 virili
810 3533 1182 3586 induebantur.
1210 3534 1306 3586 En.

464 3613 516 3665 3.
546 3617 715 3667 Coesar
733 3613 1012 3686 Augustus.
1045 3612 1260 3666 Sueton.
1287 3616 1397 3666 Oc-

397 3707 498 3745 tav.
525 3693 575 3745 8.
600 3691 857 3745 Laudatio
888 3694 989 3745 fuit
1012 3692 1266 3745 funebris.

469 3773 520 3839 4.
544 3771 732 3824 Modus
749 3770 898 3823 mihi.
921 3773 1129 3825 Omittit
1149 3770 1288 3823 Flor.
1311 3789 1399 3822 va-

396 3871 499 3905 cuo
535 3867 709 3905 tamen
743 3848 914 3925 spatio
943 3851 1161 3917 relicto,
1190 3865 1250 3925 ‘et
1278 3870 1400 3902 mox

331 3977 339 3986 .
396 3935 573 4005 posito
593 3934 829 3985 tenenda.
846 3932 1023 3986 Verba
1048 3931 1181 3983 mihi
1204 3933 1409 3983 videtur

397 4015 693 4084 transponit
708 4015 869 4065 Csur.
883 4013 994 4066 Nec
1002 4030 1240 4085 propere,
1251 4011 1406 4064 Guel—

398 4090 532 4144 ferb.
564 4093 750 4163 Neque
781 4110 1024 4165 propere,
1058 4092 1221 4144 Goth.
1256 4094 1399 4146 Jens.

399 4191 520 4225 vum
545 4173 666 4225 edd.
694 4188 916 4246 posterr.
942 4173 1065 4228 ante
1086 4173 1205 4226 Ald.

1530 1236 1580 1290 5.
1612 1238 2001 1309 Destringatur;
2035 1239 2107 1289 sic
2131 1234 2374 1287 Ambros.
2414 1251 2463 1284 2.

1458 1319 1873 1390 Destringuntur,
1887 1315 2029 1369 Flor.
2049 1315 2351 1388 Distriugan
2360 1326 2463 1377 tur,

1458 1399 1638 1450 Turio.
1655 1396 2226 1469 Distringuatur,Voss.
2245 1410 2295 1458 2,
2310 1393 2463 1443 Tar-v.

1461 1490 1514 1530 et
1538 1475 1659 1528 edd.
1691 1489 1917 1548 posterr.
1954 1487 2075 1527 ante
2107 1472 2226 1525 Ald.
2257 1469 2469 1541 Reliqui

1460 1557 1831 1627 Distn'ngatur.
1851 1556 2042 1606 Veram
2066 1554 2377 1623 scripturam
2401 1549 2469 1602 si-

1460 1653 1528 1686 ne
1570 1632 1717 1685 libris
1756 1635 1869 1703 jam
1913 1630 2302 1684 commendavit
2338 1631 2469 1681 Bur-

1461 1729 1686 1764 mannus
1704 1728 1987 1782 persuasus
2011 1712 2073 1762 iis
2097 1727 2209 1779 quae
2229 1708 2470 1778 Cuperus

1462 1796 1517 1845 in
1535 1793 1692 1846 Obss.
1719 1791 1780 1857 4,
1806 1789 1866 1856 5,
1891 1790 1958 1842 de
1982 1788 2065 1842 his
2087 1788 2261 1841 verbis
2285 1787 2471 1839 obser-

1464 1885 1641 1934 varat;
1683 1872 1890 1922 tametsi
1931 1887 2060 1921 usus
2097 1870 2152 1920 in
2175 1867 2362 1939 fronte
2396 1864 2470 1917 ibi

1465 1969 1575 2002 non
1618 1951 1866 2019 tangitur.
1911 1947 2013 2000 Sed
2057 1946 2213 1999 facile
2251 1957 2474 2017 apparet

1464 2025 1734 2101 particulae
1769 2028 1845 2079 dis
1878 2027 2186 2079 translatum
2216 2023 2324 2076 hnc
2348 2032 2472 2076 sen-³

1467 2126 1584 2160 sum
1622 2124 1736 2159 esse
1771 2124 1930 2177 posse
1970 2104 2191 2156 nullum.
2229 2105 2324 2155 Est
2358 2102 2472 2154 ubi·

1467 2204 1714 2258 cumque,
1728 2185 1905 2235 Turic.
1927 2185 2090 2236 Cmr.
2116 2201 2237 2234 cum
2253 2180 2390 2233 Alm.
2404 2210 2476 2220 -

1466 2267 1614 2316 Avic.
1659 2265 1720 2315 R.
1764 2262 1797 2315 5
1814 2300 1829 2323 ,
1873 2261 2237 2334 destringatur.
2286 2259 2436 2312 Poul.
2456 2297 2474 2326 ,

1466 2346 1793 2418 distingutur.
1813 2341 1947 2394 vall.
1969 2341 2084 2404 lib..
2102 2340 2475 2413 distinguatur.

1467 2423 1582 2476 Bell
1591 2461 1624 2488 .‚
1635 2422 2164 2495 distringatur.En.—-
2173 2420 2242 2472 Ut
2253 2438 2452 2492 neque..
2463 2458 2477 2471 .

1466 2503 1872 2576 destringatur...
1898 2513 2024 2554 et....
2043 2500 2356 2573 proferatur.
2378 2489 2480 2551 'Mi-
2527 2533 2534 2540 -

1468 2603 1558 2636 ror
1577 2585 1841 2635 neminem
1861 2579 2036 2633 adhuc
2059 2583 2342 2652 quicquam
2368 2597 2482 2630 mo-

1472 2666 1648 2716 nuisse
1681 2663 1749 2715 de
1771 2660 1906 2728 hoc,
1946 2662 2036 2731 qui
2061 2679 2091 2712 a
2120 2658 2364 2712 sollemni
2388 2657 2481 2710 illo

1473 2745 1915 2816 conjunctionum
1935 2758 2156 2813 vaeque...
2177 2750 2227 2791 et
2246 2758 2348 2791 usu
2365 2738 2484 2810 pla-

1472 2842 1540 2876 ne
1564 2823 1846 2885 abhorret;
1881 2839 2045 2894 quum
2074 2820 2340 2891 posterior
2360 2836 2485 2891 pars

1473 2921 1582 2954 non
1618 2901 1954 2963 affirmative,
1986 2900 2063 2951 uti
2090 2917 2190 2970 par
2217 2910 2359 2961 erat,
2390 2894 2485 2948 sed

1474 2981 1713 3049 negative
1728 2978 1855 3030 velit
1867 2976 2106 3046 intelligi.
2123 2978 2359 3028 Fuerunt
2376 2974 2486 3044 qui-

1475 3057 1596 3109 dem
1639 3059 1730 3128 qui
1766 3055 1971 3125 singula
2008 3056 2222 3106 nomina
2259 3072 2357 3126 per
2391 3072 2485 3106 ne-

1475 3156 1634 3210 que...
1661 3149 1710 3189 et
1734 3134 1975 3206 copulari
1999 3153 2157 3205 posse
2182 3133 2485 3198 crederent;

1479 3234 1704 3287 quarum
1727 3213 2023 3266 doctrinam
2058 3213 2303 3285 tangifet
2323 3231 2489 3285 repu-
2536 3247 2546 3254 ·

1479 3289 1588 3347 di‘at
1601 3292 1883 3347 Ruhnken.
1902 3293 1969 3346 ad
1986 3292 2118 3347 vell.
2131 3295 2200 3360 11,
2217 3293 2304 3360 45.
2323 3291 2488 3362 (Vide

1481 3373 1647 3426 Bentl.
1683 3373 1749 3425 ad
1784 3375 1910 3425 Hor.
1942 3374 2045 3426 Sat.
2071 3375 2124 3442 1,
2147 3375 2210 3438 6,
2232 3371 2344 3444 68.)
2384 3371 2490 3426 Sed

1477 3453 1588 3506 duo
1623 3456 1826 3524 integra
1861 3455 2115 3507 orationis
2141 3453 2379 3506 membra
2415 3455 2490 3506 ita

1479 3537 1764 3606 conjuncta
1788 3551 1975 3598 nem0‚
2001 3531 2147 3603 quod
2170 3534 2361 3597 sciam,
2389 3532 2491 3584 sibi

1478 3614 1620 3665 visus
1645 3625 1726 3664 est
1748 3613 2001 3664 invenire.
2027 3614 2164 3664 Nam
2186 3612 2316 3664 Livii
2340 3611 2491 3665 locus

1479 3691 1605 3763 (lib.
1622 3694 1711 3759 1V,
1736 3709 1783 3743 c.
1814 3694 1909 3760 29)
1934 3713 1945 3742 ι
1973 3692 2085 3744 Nec
2109 3689 2238 3744 libet
2258 3690 2488 3756 credere,

1480 3784 1531 3825 et
1546 3770 1693 3838 licet,
1716 3771 1772 3823 in
1793 3771 1947 3823 variis
1965 3769 2319 3844 opinionibus,
2339 3771 2492 3841 cujus

1483 3872 1566 3905 me
1596 3852 1872 3904 admonuit
1900 3853 2243 3903 amicissimus
2267 3849 2493 3903 Carolus

1485 3930 1800 3998 Schneider,
1844 3929 1938 3982 sed
1978 3932 2051 3981 ita
2066 3968 2084 3996 ,
2125 3943 2186 3981 ut
2225 3928 2491 3982 diversum

1485 4030 1599 4065 esse
1621 4013 1734 4082 ipse
1750 4007 2064 4079 intelligeret
2076 4046 2091 4068 .
2107 4008 2212 4060 huc
2229 4007 2366 4060 irahi
2381 4027 2490 4061 non

1483 4104 1679 4164 potest.
1699 4089 1950 4156 Quamvis
1972 4088 2109 4139 enim
2129 4089 2182 4138 in
2207 4088 2494 4158 posteriori

1485 4172 1557 4224 ibi
1598 4169 1834 4222 membro
1878 4181 2053 4221 mente
2092 4165 2378 4238 repetenda
2421 4167 2494 4223 sit
