3200 5159
845 488 967 569 146

1401 484 1496 547 M.
1536 483 1764 546 FAssn
1803 480 2365 565 QUINTILIANI

834 640 1052 721 quam
1080 610 1501 684 altissimum
1535 607 1894 680 silentium
1924 606 2391 680 scribentibus
2430 607 2736 681 maxime
2772 635 2938 681 con·

833 730 1067 803 venire
1092 754 1306 807 nemo
1327 725 1777 798 dubitaverit:
1798 751 1942 796 non
1960 745 2196 796 tamen
2222 725 2547 823 protinus
2571 725 2936 814 audiendi,

836 848 958 945 qui
985 846 1279 920 credunt
1301 843 1661 944 aptissima
1680 858 1697 888 ¹
1740 842 1813 914 iu
1846 842 1979 914 hoc
2004 868 2298 914 nemora
2322 839 2667 941 silvasque
2685 900 2704 933 ,
2747 842 2937 941 quod

835 964 958 1037 illa
986 962 1134 1036 caeli
1154 977 1179 1008 ²
1201 962 1482 1034 libertas
1501 1017 1520 1049 ‚
1537 957 1860 1032 locorum
1879 956 1907 1005 ³
1937 958 2333 1049 amoenitas,
2362 958 2746 1032 sublimem
2780 959 2938 1030 ani-

734 1099 802 1152 23
838 1105 1074 1167 mum,
1116 1097 1185 1149 et
1225 1075 1611 1147 beatiorem
1655 1071 1980 1173 spiritum
2021 1072 2333 1172 parent4.
2371 1072 2552 1144 Mihi
2595 1095 2784 1148 certe
2820 1074 2939 1174 ju-

835 1193 1111 1265 cundus
1133 1190 1157 1236 ⁵
1190 1190 1305 1263 hic
1341 1188 1601 1288 magis,
1630 1214 1848 1287 quam
1884 1189 2280 1261 studiorum
2307 1188 2644 1279 hortator,
2669 1187 2939 1260 videtur

837 1335 978 1381 esse
1016 1332 1353 1392 secessus3
1394 1330 1705 1402 namque
1738 1301 1895 1391 illa,
1929 1329 2085 1402 quae
2125 1300 2322 1403 ipsa⁶
2360 1303 2777 1392 delectantv,
2810 1331 2938 1376 ne-

835 1451 1019 1497 cesse
1048 1442 1148 1494 est
1175 1417 1499 1492 avocent⁸
1519 1420 1610 1492 ab
1638 1419 2028 1493 intentione
2055 1420 2286 1519 operis
2310 1419 2636 1492 destinati
2660 1450 2679 1509 ;
2708 1446 2938 1518 neque

832 1672 976 1725 Libri
999 1673 1140 1723 enim
1164 1687 1349 1721 omnes
1372 1678 1557 1741 atque,
1585 1668 1737 1720 multi
1762 1682 1844 1720 ta-

833 1767 956 1801 men
982 1760 1106 1818 post
1129 1748 1409 1797 maximam
1429 1746 1843 1798 distinctionem.

830 1856 902 1867 —-
946 1827 1127 1878 Nostri
1176 1842 1391 1895 quoque
1438 1843 1625 1877 omues
1668 1837 1841 1897 atque.

831 1905 1028 1971 Andr„
1047 1906 1361 1977 pariterque.
1388 1906 1479 1955 fin.

909 2004 952 2037 ι.
975 1983 1314 2055 Aptissima...
1339 2000 1550 2036 nemora
1568 1983 1841 2055 silvasque.

828 2066 1062 2130 Locum,
1088 2066 1143 2115 in
1172 2065 1284 2134 ipsa
1312 2060 1502 2113 harum
1535 2059 1844 2112 deliciarum
1888 2115 1893 2121 ,

829 2143 1274 2233 reprehensione,
1311 2139 1528 2192 mirifice
1565 2152 1842 2211 comptum

827 2222 1188 2294 nitidumque,
1202 2223 1287 2272 vix
1293 2219 1448 2301 ‘legas
1471 2220 1583 2270 sine
1603 2215 1845 2269 recorda-

829 2305 974 2355 tione
1018 2319 1201 2354 eorum
1245 2318 1360 2370 quae
1399 2298 1625 2362 Plinius,
1662 2298 1843 2349 Nostri

826 2380 1142 2452 discipulus,
1157 2381 1211 2431 in
1224 2378 1484 2429 diversam
1500 2377 1841 2434 sententiam;

741 2510 754 2523 .
828 2475 881 2515 et
904 2459 1147 2513 adhibuit
1168 2457 1461 2519 GesneruS,
1485 2457 1674 2526 Epistt.
1699 2456 1749 2520 1,
1773 2455 1839 2515 6;

828 2543 934 2607 lx,
963 2541 1065 2605 36,
1091 2539 1157 2600 6;
1190 2537 1286 2591 sed
1317 2549 1370 2588 et
1402 2535 1620 2587 alterius
1636 2571 1653 2599 ‚
1684 2552 1842 2605 quem

829 2639 927 2690 ego
945 2620 1190 2670 Tacitum
1209 2633 1324 2667 esse
1345 2613 1521 2666 adhuc
1531 2626 1729 2678 .,teueo
1751 2614 1842 2683 qui

827 2704 883 2752 in
903 2698 1040 2752 Dial.
1061 2696 1127 2749 de
1148 2698 1840 2764 Orattqc.9extr.,et12,

826 2777 1190 2830 suavissimam
1202 2774 1365 2826 habet
1379 2772 1652 2825 studendi
1638 2791 1692 2823 m
1704 2774 1840 2842 agris

827 2854 1360 2910 commendationem.
1388 2852 1465 2904 Eo
1496 2854 1756 2924 respexit,
1778 2865 1842 2903 ut

829 2939 1089 2989 monitum
1115 2947 1222 3000 est,
1244 2933 1439 2985 Plinius
1460 2934 1601 3004 ipse,
1623 2932 1723 2997 lx,
1752 2949 1841 2998 ιο,

833 3033 881 3066 2.
902 3017 973 3067 Ut
995 3013 1103 3065 illic
1129 3031 1338 3064 nemora
1359 3023 1410 3066 et
1432 3011 1567 3077 luci,
1588 3013 1663 3063 ita
1683 3025 1735 3063 et
1754 3010 1841 3063 hic

831 3112 940 3145 uno
981 3093 1181 3143 variato
1223 3089 1507 3142 vocabulo.
1549 3090 1841 3142 Beatt’orem

830 3186 1008 3225 autem
1032 3171 1302 3243 spiritum,
1331 3189 1430 3241 pro
1457 3188 1564 3241 quo
1591 3167 1841 3223 loetz'orem

831 3268 1090 3320 reponere
1105 3267 1266 3300 ausus
1281 3261 1360 3299 est
1374 3247 1676 3300 Obrechtus
1688 3284 1706 3313 ,
1722 3266 1842 3300 rec-

829 3332 1026 3384 tissime
1055 3327 1293 3381 defendit
1320 3330 1680 3393 Burmannus‚
1709 3327 1840 3380 alle-

827 3428 958 3480 gans
983 3409 1160 3461 locum
1185 3409 1393 3471 Nostri,
1413 3409 1488 3474 X,
1515 3424 1561 3474 1,
1589 3424 1707 3477 109.
1726 3409 1839 3461 Nec

826 3489 972 3543 aliud
995 3489 1133 3540 dives
1159 3506 1290 3540 vena
1313 3488 1534 3538 Horatii.

902 3588 948 3622 2.
981 3568 1106 3621 coeli
1142 3566 1357 3619 libertas.
1394 3565 1535 3619 Flor.
1570 3564 1639 3637 (a
1671 3568 1841 3639 prima

826 3649 1019 3718 manu)
1042 3647 1202 3699 cicilis
1225 3646 1467 3699 liberatis.

900 3728 951 3780 3.
983 3727 1236 3778 locorum
1253 3746 1272 3785 ,-
1300 3728 1376 3777 sic
1402 3726 1580 3777 Turic.
1606 3724 1837 3778 Florent.

826 3807 1036 3879 Reliqui
1060 3805 1410 3875 locorumque.
1475 3820 1482 3827 ·

900 3887 951 3953 4.
980 3888 1189 3938 Parent.
1212 3883 1372 3937 Goth.
1387 3922 1405 3949 ,
1424 3894 1645 3955 pamm,-
1670 3883 1764 3936 sed
1787 3898 1840 3936 et

1924 1682 2107 1723 tuente
2122 1671 2298 1722 Burm.
2311 1671 2439 1741 ,qui
2456 1670 2611 1741 ponit
2627 1667 2747 1721 loca
2763 1668 2937 1723 ovidii

1924 1750 2034 1799 Art.
2057 1751 2105 1812 1,
2134 1749 2262 1818 237·
2288 1747 2535 1812 Remed„
2561 1744 2682 1799 805.
2706 1776 2778 1785 —
2801 1748 2934 1800 Nos·

1924 1829 1992 1879 tri
2021 1826 2193 1880 codd.
2210 1837 2478 1898 ,pat-em,
2512 1844 2626 1877 exc.
2654 1826 2716 1879 R.
2747 1844 2814 1897 9,
2836 1828 2934 1897 qui

1919 1915 2131 1976 parant.
2158 1907 2248 1957 Eu.

1997 1982 2046 2035 5.
2086 1984 2228 2035 Certe
2256 1981 2536 2054 jucundus.
2572 1981 2714 2034 Flor.
2755 1982 2935 2035 inserit

1924 2060 2026 2110 vim
2054 2060 2267 2112 demoni
2276 2083 2294 2121 ,·
2315 2060 2447 2112 Alm.
2464 2099 2481 2127 ,
2503 2059 2781 2113 videmoni.
2804 2061 2932 2114 Vide

1922 2137 1973 2206 S.
2018 2137 2096 2190 ι6.
2138 2141 2279 2191 Bene
2315 2158 2524 2191 mecum
2558 2142 2759 2213 agitur,
2793 2140 2935 2211 quod

1922 2217 2054 2270 nihil
2084 2217 2347 2287 ejusmodi
2373 2218 2540 2273 habet
2564 2222 2743 2273 Turio.
2770 2240 2931 2275 meus.

1922 2296 2027 2351 Sed
2047 2298 2129 2349 vel
2158 2318 2302 2353 nunc
2329 2302 2599 2369 aegerrimo
2626 2304 2805 2354 animo
2835 2302 2933 2354 bo-

1922 2394 2046 2428 nam
2071 2382 2280 2449 copiam
2305 2376 2393 2430 hic
2417 2381 2584 2448 ejuro.

1996 2457 2047 2510 6.
2079 2456 2204 2527 Quoe
2228 2457 2337 2528 ipsa
2353 2479 2373 2519 ‚·
2398 2459 2473 2510 sic
2495 2457 2672 2510 Turio.
2698 2457 2931 2513 Floreat.

1922 2536 2099 2589 Guelf.
2124 2538 2331 2589 Omittit
2353 2536 2461 2609 ipsa
2481 2536 2644 2589 Cant.
2669 2538 2879 2610 Reliqui
2898 2541 2932 2592 i.

1921 2634 1973 2687 q.
2012 2614 2285 2667 Blanditur
2316 2634 2442 2669 sane
2475 2616 2607 2669 alter
2640 2616 2808 2684 ordo,
2842 2618 2933 2672 sed

1920 2707 2104 2747 noster
2146 2711 2311 2765 quum
2359 2692 2628 2746 difficilior
2667 2693 2933 2763 videatur,

1920 2773 2164 2827 deserere
2197 2793 2320 2827 eum
2351 2792 2461 2826 non
2489 2793 2608 2827 sum
2639 2793 2816 2829 ausus.
2850 2779 2936 2829 In—

1923 2866 2212 2926 terpretor:
2236 2876 2259 2900 ⁸
2278 2854 2390 2907 haec
2410 2873 2576 2925 quum
2594 2873 2692 2926 per
2708 2874 2793 2922 se,
2816 2857 2934 2909 nul-

1925 2955 1952 2979 ·
1971 2932 2034 2985 lis
2058 2932 2350 2984 litterarum
2373 2932 2677 3000 lenociniis,
2696 2933 2937 3007 volupta-

1927 3033 1952 3058 α
1974 3024 2078 3064 tem
2115 3013 2330 3065 faciant.
2353 3036 2377 3059 ο
2418 3012 2646 3083 Vulgata
2679 3014 2929 3084 jejunior.

1920 3119 1995 3130 —-
2014 3090 2215 3143 Eadem
2238 3092 2422 3143 nostri.
2452 3092 2542 3142 En.

1996 3186 2047 3239 7.
2071 3168 2363 3222 Delectant.
2393 3170 2536 3223 Jens.
2570 3169 2705 3241 (tac.
2739 3171 2933 3243 Gesn.)

1921 3250 2076 3302 Tarv.
2094 3288 2112 3317 ,
2138 3249 2424 3315 delectent,
2456 3269 2581 3302 cum
2604 3249 2728 3302 Ald-
2754 3251 2927 3305 Male:

1922 3342 1981 3382 ut
2001 3343 2054 3381 et
2072 3328 2327 3383 advocent
2341 3328 2482 3400 (vide
2500 3344 2685 3382 notam
2704 3350 2932 3403 sequen-

1920 3409 2064 3480 tem)
2095 3427 2219 3462 cum
2250 3408 2370 3462 edd.
2405 3423 2628 3481 posterr.
2658 3424 2783 3463 ante
2810 3412 2929 3465 ΔΜ.

1919 3487 2023 3542 Sed
2045 3491 2199 3540 Voss.
2228 3505 2247 3539 1
2280 3486 2345 3558 (a
2372 3507 2533 3541 manu
2557 3489 2758 3561 prima)
2785 3510 2933 3544 amo-

1920 3577 2057 3619 vent.
2088 3596 2160 3607 —-
2187 3569 2372 3621 Nostri
2399 3587 2584 3622 omnes
2610 3569 2781 3623 codd.
2798 3609 2817 3639 ,
2846 3574 2932 3625 de-

1920 3644 2132 3699 lectant.
2159 3646 2252 3698 En.

1995 3726 2045 3778 8.
2071 3724 2324 3782 Avocent.
2340 3730 2619 3787 Vomanus
2636 3729 2693 3780 in
2711 3727 2928 3782 Anthol.

1914 3807 2094 3858 Burm.
2125 3806 2228 3870 111,
2258 3804 2320 3858 51
2344 3827 2358 3857 ε
2390 3828 2413 3854 ⁸
2437 3806 2686 3861 Oblectet
2709 3806 2928 3874 hortus,

1925 3898 2189 3950 «avocat,
2236 3888 2446 3958 pascit.
2489 3898 2718 3951 teneu-
2771 3907 2927 3961 quam

826 3965 990 4018 modo
1028 3964 1158 4038 quid
1197 3975 1290 4033 pro
1330 3963 1472 4034 quod
1503 3962 1634 4032 (ubi
1673 3964 1836 4015 Cant.
1911 3968 2233 4037 scripturam
2255 3967 2329 4019 ibi
2352 3969 2681 4020 Burmannus
2704 3967 2925 4025 e.Codd.

826 4047 951 4119 qui)
974 4066 1096 4098 cum
1117 4045 1530 4113 interrogatione
1552 4045 1607 4095 in
1631 4042 1836 4095 clausu·

826 4124 896 4176 la.
913 4124 1152 4177 Schelius
1168 4123 1234 4174 ad
1251 4121 1384 4175 Dial.
1403 4120 1469 4173 de
1483 4124 1676 4189 Oratt.,
1688 4141 1736 4174 c.
1755 4141 1774 4174 ι
1786 4141 1836 4189 2,

826 4205 1044 4276 conjicit
1093 4201 1310 4274 pariant
1326 4240 1346 4268 ,
1397 4213 1641 4254 nostrum
1693 4215 1836 4255 recte

1916 4048 2158 4116 reposuit
2183 4060 2235 4099 et
2258 4064 2443 4101 nostro
2469 4066 2684 4119 quoque
2707 4047 2829 4101 loco
2854 4049 2930 4101 fir·

1916 4127 2105 4187 mavit3·
2125 4143 2253 4178 nam
2272 4128 2493 4182 advocat
2507 4127 2617 4181 illic
2636 4129 2795 4181 etiam
2813 4129 2927 4182 vul·

1914 4217 2097 4275 flatum
2121 4217 2250 4259 erat.
