3200 5159
752 498 882 579 420

1321 494 1415 558 M.
1455 495 1682 560 FABll
1721 494 2280 578 QUINTILIANI

748 616 1124 692 familiaris
1153 617 1522 716 diligentia
1539 674 1560 708 ‚
1585 637 1656 691 et
1682 616 1985 691 venandi
2007 616 2326 717 voluptas
2343 673 2363 707 ‚
2399 640 2468 691 et
2496 617 2635 690 dati
2664 644 2856 719 spec·

749 733 997 807 taculis
1030 733 1212 822 dice,
1258 732 1563 805 multum
1603 731 1852 805 studiis
1893 733 2223 806 auferunt
2262 732 2474 831 (huic
2511 734 2705 806 enim
2755 734 2857 807 rei

744 848 927 949 perit
946 869 1256 948 tempus„
1287 847 1762 947 quodcunque
1786 845 1986 919 alteri
2013 846 2285 944 datur);
2321 846 2493 947 quid
2522 868 2856 946 putamus

740 965 1042 1037 facturas
1087 961 1620 1061 cupiditatem¹,
1668 959 2069 1052 avaritiam,
2117 959 2504 1033 invidiam?
2547 988 2855 1059 quarum

745 1075 1343 1177 impotentissimae
1376 1074 1832 1174 cogitationes
1865 1101 2150 1148 somnos
2188 1076 2446 1149 etiam²
2475 1095 2542 1148 et
2574 1074 2694 1147 illa
2725 1102 2853 1176 per

742 1194 1055 1295 quietem
1084 1192 1230 1265 visa
1267 1191 1699 1293 perturbant.
1736 1189 1936 1266 Nihil
1971 1189 2114 1264 est-⁹⁹
2149 1192 2341 1265 enirn
2376 1213 2522 1264 tam
2554 1218 2854 1293 occupa-

737 1332 890 1383 tum
909 1367 929 1400 ,
964 1330 1108 1381 tam
1145 1306 1580 1380 multiforme
1599 1364 1619 1398 ,
1653 1327 1756 1379 tot
1786 1331 1865 1379 ac
1893 1326 2039 1378 tam
2062 1307 2270 1382 variis
2294 1308 2661 1381 affectibus
2686 1335 2851 1382 con-

738 1424 1015 1498 cisum4
1062 1444 1270 1523 atque
1312 1423 1729 1512 laceratum,
1778 1448 1994 1521 quam
2042 1422 2234 1496 mala
2273 1449 2515 1495 mens:
2569 1449 2739 1495 nam
2782 1445 2852 1496 et

734 1565 961 1639 quum
1011 1537 1426 1628 insidiatur,
1474 1564 1640 1637 spe,
1695 1536 1929 1627 curis‘,
1978 1536 2217 1609 labore
2262 1536 2697 1636 distringitur
2712 1568 2732 1628 ;
2783 1561 2852 1611 et

726 1652 911 1755 jam,
953 1679 1179 1752 quum
1215 1652 1492 1726 sceleris
1527 1649 1859 1752 compos5
1906 1652 2048 1724 fuit
2065 1650 2121 1744 ⁶,
2152 1651 2660 1743 sollicitudine,
2697 1680 2849 1753 poe-

733 1770 1069 1860 nitentia,
1121 1795 1488 1868 poenarum
1534 1769 1865 1842 omnium
1914 1770 2420 1868 exspectatione
2466 1790 2846 1868 torquetur.

733 1884 917 1978 Quis
951 1884 1135 1957 inter
1167 1884 1313 1959 haec
1342 1884 1629 1979 litteris,
1665 1904 1789 1957 aut
1825 1882 1955 1957 ulli
1990 1885 2234 1958 bonae?
2267 1884 2399 1959 arti
2433 1884 2670 1958 locus?
2697 1912 2843 1958 non

809 2082 851 2117 ι.
882 2063 1400 2137 Cupiditatem.vide
1414 2067 1481 2132 V,
1507 2065 1750 2134 12,6‚et

732 2164 855 2197 mox
892 2147 939 2213 S.
983 2143 1082 2212 24,
1124 2141 1386 2216 cupiditas
1435 2153 1747 2215 corrumpat.

734 2226 862 2276 Mox
897 2222 997 2294 1·th
1025 2241 1124 2295 per
1145 2222 1371 2295 quietem
1400 2224 1535 2288 visa,
1562 2222 1617 2275 id
1639 2236 1748 2289 est,

676 2357 687 2384 Ι
732 2306 939 2357 somnia
961 2321 1120 2355 nemo
1147 2321 1256 2354 uon
1275 2305 1637 2355 accusativum
1661 2321 1753 2354 ac-

730 2384 957 2455 ceperit,
990 2398 1091 2433 nec
1122 2379 1411 2453 quidquam
1436 2379 1561 2432 hinc
1589 2378 1751 2432 alieni

727 2460 921 2527 habet,
966 2462 1022 2512 in
1060 2477 1168 2531 quo
1207 2473 1386 2512 tamen
1422 2458 1585 2512 heret
1621 2461 1750 2512 Bur·

652 2581 657 2586 .
730 2558 954 2592 mannus
971 2577 988 2604 ,
1037 2537 1183 2609 quod
1229 2539 1537 2609 impotentes
1571 2537 1749 2610 affec-

732 2630 881 2670 tuum
914 2615 1251 2689 coyitationes
1270 2615 1580 2687 perturbant
1609 2633 1749 2668 som-

732 2696 854 2761 nia,
888 2693 944 2747 id
972 2705 1078 2759 est,
1117 2705 1316 2745 terrore
1354 2710 1415 2743 ea
1454 2692 1744 2763 complent.

735 2778 789 2829 V
786 2776 859 2828 isa
880 2774 1262 2825 nominativum
1282 2773 1579 2823 existimare
1594 2773 1748 2824 susti·

732 2859 847 2908 nuit
873 2855 1099 2925 Capper.

806 2954 854 2988 2.
885 2934 1066 2986 Etiam
1092 2940 1171 2991 et,-
1204 2931 1280 2982 sic
1303 2931 1575 2982 Turicens.
1600 2929 1740 2983 Flor.

730 3017 894 3069 Cnn».
911 3031 1034 3064 curn
1055 3008 1194 3061 Alm.
1217 3009 1459 3061 luserunt
1483 3009 1616 3079 ipsos
1634 3009 1749 3062 reli·

733 3095 843 3166 qui.
856 3087 1135 3144 Perturben
1142 3097 1163 3136 t
1168 3125 1188 3154 ‚
1200 3086 1379 3138 Ambr.
1401 3103 1429 3137 α
1442 3123 1459 3151 ,
1471 3085 1743 3140 Guelferb.

731 3190 856 3226 cum
887 3171 1033 3221 Jens.
1057 3168 1209 3219 Tar-v.
1240 3193 1313 3205 --
1336 3165 1521 3217 Nostri
1542 3162 1746 3232 codd„

728 3250 1048 3327 permrbent.
1077 3248 1171 3298 Eu.

803 3331 855 3384 3.
895 3324 1052 3380 Nihil
1082 3337 1155 3378 est
1178 3321 1343 3375 enim.
1381 3323 1575 3389 Caua,
1609 3320 1749 3374 nihil

731 3410 872 3463 enim
892 3419 981 3460 est.
1000 3406 1211 3459 Omittit
1234 3415 1344 3456 tam
1357 3401 1519 3455 Goth.
1545 3401 1747 3456 celera-

735 3504 876 3554 tum,
906 3488 1183 3539 Tur-icens.
1214 3483 1355 3535 Flor.
1390 3484 1544 3536 Mens
1567 3482 1745 3551 mala,

730 3568 910 3626 Floril.
936 3569 1081 3620 Sunt.
1119 3583 1231 3617 non
1253 3562 1512 3635 displicet.
1549 3563 1747 3635 Specu-

732 3651 847 3715 rt‘t's,
870 3647 1048 3698 Turic.
1083 3645 1205 3695 Proe
1229 3642 1390 3708 curis,
1421 3641 1596 3696 Guelf.
1622 3659 1747 3693 cum

732 3727 896 3785 Goth.
924 3727 1078 3776 Voss.
1107 3739 1135 3773 2
1154 3759 1171 3789 ,
1192 3724 1338 3774 Jens.
1363 3721 1517 3773 Tarv.
1551 3720 1746 3773 Labore

734 3808 930 3863 omittit
950 3805 1227 3857 Tur-icens.
1250 3801 1392 3855 Flor.
1408 3820 1533 3854 cum
1553 3801 1744 3854 Almel.

732 3889 911 3942 Etiam
927 3902 1048 3937 cum
1064 3922 1082 3951 ,
1101 3881 1282 3934 Ambr.
1303 3898 1332 3933 2
1345 3919 1362 3947 ,
1380 3879 1556 3933 Guelf.
1577 3880 1741 3935 Goth.

732 3972 880 4025 Jens.
904 3965 1039 4037 (tac.
1060 3960 1254 4033 Gesn.)
1275 3962 1438 4014 Cnn».
1465 3980 1586 4013 cum
1608 3961 1742 4013 vau.

704 4064 786 4104 ·et
807 4047 954 4102 editt.
985 4057 1106 4096 ante
1127 4042 1250 4094 Ald.
1288 4042 1361 4094 Et
1391 4041 1550 4093 etiam
1587 4060 1740 4109 cum,

734 4132 888 4182 Voss.
906 4124 955 4177 3.
970 4123 1170 4174 Etcum
1182 4159 1200 4188 ,
1213 4118 1331 4173 Διά.
1349 4117 1418 4172 de
1433 4120 1582 4191 Regii
1595 4123 1740 4193 conj.

733 4204 830 4261 ned
852 4207 925 4257 xic
949 4215 1003 4253 et
1023 4197 1202 4253 Floril.
1225 4198 1370 4252 Sant.

1900 2065 1953 2133 4.
1976 2066 2250 2122 concisum
2265 2078 2423 2139 atque
2439 2065 2744 2120 lac-emtum.
2760 2066 2845 2116 An

1829 2142 2097 2212 dicemus,
2142 2145 2482 2197 obversatum
2518 2163 2633 2198 esse
2665 2143 2847 2196 locum

1830 2221 2191 2290 Platonicum,
2236 2242 2345 2295 quo
2380 2226 2599 2296 respicit
2627 2225 2845 2276 Tacitus

1828 2301 2021 2353 Annal.
2031 2304 2104 2354 vl
2114 2340 2131 2369 ,
2145 2302 2200 2355 6.
2212 2304 2237 2354 ἲ
2249 2302 2383 2355 Vide
2392 2301 2583 2354 Heind.
2602 2300 2669 2354 ad
2683 2301 2844 2373 Gorg.

1830 2379 1959 2433 Plat.
1981 2379 2025 2452 ς,
2051 2398 2179 2452 170,
2194 2401 2250 2454 p.
2276 2382 2396 2452 269.
2419 2381 2513 2434 Est
2528 2383 2668 2434 enim
2688 2381 2847 2451 longe

1830 2462 2233 2513 convenientior
2261 2462 2433 2514 Taciti
2462 2460 2636 2514 verbis
2666 2460 2758 2514 ille
2782 2479 2849 2513 ex

1823 2537 2026 2609 Gorgia
2035 2538 2276 2611 prolatus
2290 2557 2474 2592 sensus
2485 2578 2503 2605 ‚
2514 2559 2671 2613 quam
2685 2559 2843 2611 quem

1829 2615 2031 2670 indicat
2052 2619 2262 2692 Lipsius
2281 2617 2604 2690 Reipublicae
2623 2618 2758 2670 Plat.

1901 2693 1950 2747 5.
1968 2697 2187 2769 Compos
2189 2695 2326 2768 fuit.
2338 2696 2548 2749 Dictum
2558 2716 2658 2768 pro
2671 2695 2841 2750 hisce:

1826 2790 2038 2846 compos
2055 2773 2236 2844 factm
2268 2786 2356 2827 est.
2391 2773 2546 2848 [Nisi
2567 2777 2706 2829 forte
2732 2795 2849 2830 me·

1826 2852 1929 2905 lius
1942 2855 2015 2905 ita
2029 2853 2430 2924 explicandum:
2451 2856 2683 2928 patravit
2704 2856 2849 2930 quod

1828 2931 2013 2986 voluit.
2040 2931 2277 3006 Βοττι]

1898 3012 1949 3065 6.
1981 3012 2359 3084 θυωροοριίτς
2384 3015 2459 3066 sic
2484 3013 2646 3067 Cnn’.
2685 3017 2844 3068 Com-

1822 3092 1978 3164 posui
1982 3093 2298 3156 t‚Turicens.
2313 3092 2455 3144 Flor.
2467 3092 2844 3166 Composuerit,

1827 3170 1965 3222 Alm.
1987 3171 2205 3242 Compos
2215 3170 2407 3242 fuerit,
2423 3172 2629 3244 reliqui.
2646 3175 2841 3230 Poenit.

1825 3261 1878 3301 et
1886 3268 2026 3319 poen.
2039 3290 2058 3318 ,
2068 3250 2246 3303 Floril.
2264 3251 2406 3304 Sunt.
2417 3252 2843 3309 Sollicitudinem

1826 3329 2094 3397 omnium,
2114 3329 2310 3394 Turic.,
2329 3333 2514 3403 poenit.
2524 3350 2667 3403 poen.
2685 3336 2844 3388 omis·

1827 3408 1915 3459 sis.
1935 3405 2215 3461 Articulos.
2239 3410 2400 3474 Non,
2422 3409 2561 3462 Flor.
2584 3412 2765 3465 Ambr.
2792 3430 2840 3466 2.

1824 3483 1946 3536 Aru·
1982 3484 2167 3539 cultus.
2206 3486 2277 3539 N.
2292 3528 2310 3555 ,
2346 3489 2491 3540 Jens.
2530 3508 2654 3542 cum
2688 3491 2839 3545 editt.

1825 3577 1968 3635 post.
1995 3580 2116 3618 ante
2140 3566 2261 3619 Ald.
2290 3586 2402 3621 acc.
2431 3568 2555 3620 Bad.
2581 3569 2839 3638 Hercule,

1825 3642 1999 3697 Guelf.
2035 3643 2181 3699 solus
2208 3646 2297 3700 hic
2321 3647 2566 3719 quidem3
2595 3649 2714 3704 vide
2738 3653 2844 3722 xl,

1827 3723 1889 3790 3,
1913 3740 1965 3794 9.
1992 3725 2227 3792 Interea,
2248 3729 2394 3780 Jem.
2416 3746 2658 3782 meorum
2673 3730 2840 3786 solus.

1901 3819 1948 3873 7.
1974 3803 2088 3855 Aut
2111 3804 2215 3858 ulli
2243 3807 2389 3859 bonae
2414 3807 2534 3858 arti.
2564 3809 2842 3880 Apparere

1824 3895 1989 3953 puto,
2025 3894 2189 3935 artem
2215 3883 2304 3938 hic
2327 3889 2618 3956 generatim
2642 3888 2749 3942 dici
2771 3889 2844 3944 de

1828 3962 1975 4013 omni
2021 3965 2412 4034 occupatione,
2462 3963 2840 4033 armenam.

1825 4040 2091 4110 moribus,
2128 4061 2237 4094 non
2260 4044 2475 4115 proprie
2499 4043 2566 4096 de
2588 4045 2844 4099 eruditio-

1822 4138 1920 4187 ne,
1935 4124 2171 4192 quaejam
2190 4138 2298 4175 erat
2318 4125 2373 4175 in
2393 4122 2588 4177 litteris.
2609 4125 2860 4179 Pleu-uma

1823 4216 1928 4278 que
1965 4202 2106 4253 enim
2144 4200 2291 4255 bone
2324 4210 2460 4256 artes
2502 4216 2623 4256 cunt
2658 4202 2840 4258 honi-

2295 4431 2330 4456 s.
