3200 5159
769 451 897 517 250

1329 455 1424 519 M.
1462 452 1693 520 FABII
1724 454 2280 538 QUINTILIANI

767 572 901 645 hoc
947 593 1195 647 natura
1237 576 1383 675 ipsa
1424 576 1523 648 rei
1566 603 1712 649 non
1752 575 2082 649 indecens
2124 576 2460 665 faciant¹5
2511 596 2587 646 ut
2625 600 2849 671 quum

767 708 959 787 pater
975 702 999 733 ²
1026 717 1105 760 ex
1128 690 1484 764 meretrice
1507 712 1784 781 natum,
1802 691 1991 790 quod
2016 690 2285 763 duxerit
2307 689 2745 762 meretricem
2775 688 2850 759 in

766 803 1334 895 matrimonium,
1368 805 1668 878 abdicat:
1690 805 2099 879 scholastica
2124 807 2414 878 materia
2434 861 2452 893 ‚
2483 802 2603 877 sed
2633 800 2854 891 ³non,

766 995 924 1048 ciant.
949 998 1055 1066 Qui
1078 997 1179 1051 hac
1203 1002 1462 1073 scriptura
1489 1004 1769 1073 acquieve-

765 1089 888 1128 runt
910 1075 1031 1147 (nec
1052 1097 1365 1152 quemquam
1382 1081 1532 1133 video
1555 1083 1645 1152 qui
1666 1081 1768 1134 bae·

768 1157 945 1227 serit),
978 1156 1032 1208 id
1055 1172 1394 1228 spectarunt,
1424 1159 1568 1232 quod
1596 1163 1770 1212 conti-

765 1252 875 1285 nuo
919 1235 1185 1287 inducitur
1223 1251 1373 1308 pater
1415 1237 1601 1307 aliquis
1619 1275 1637 1303 ,
1678 1240 1769 1309 qui

765 1312 881 1383 ipae
908 1311 1046 1364 banc
1071 1316 1151 1365 sui
1176 1314 1399 1386 exempli
1422 1314 1770 1385 improbatio-

765 1410 889 1444 nem
911 1394 1084 1444 minus
1108 1394 1325 1445 invisam
1351 1394 1527 1444 faeiat.
1548 1393 1651 1447 sed
1679 1392 1770 1445 ad-

767 1471 952 1523 moniti
992 1473 1221 1523 sentient
1239 1510 1255 1536 ‚
1300 1485 1434 1542 puto
1450 1509 1467 1538 ,
1512 1469 1619 1524 hoe
1660 1490 1768 1524 non

765 1549 880 1600 fieri
908 1549 975 1601 ab
998 1548 1226 1602 hominis
1246 1550 1548 1616 voluntate,
1578 1550 1670 1603 sed
1700 1550 1767 1603 ab

767 1629 882 1696 ejus
902 1627 1234 1691 conditione5
1260 1646 1422 1699 quare
1446 1647 1542 1699 pro
1566 1647 1772 1682 mascu-

767 1704 877 1758 lino
900 1705 986 1758 hic
1010 1706 1168 1775 longe
1191 1709 1364 1779 aptius
1389 1726 1502 1761 esse
1523 1722 1768 1760 neutrum

765 1803 960 1854 genus,
980 1799 1037 1836 ut
1057 1786 1317 1837 scribatur
1332 1785 1571 1858 quaedam
1587 1824 1602 1849 ,
1631 1803 1768 1857 quoe,

768 1861 1036 1914 leuissima
1072 1866 1381 1915 mutatione.
1417 1863 1774 1915 Commenda-

767 1953 856 1994 tur
880 1939 993 1993 haec
1020 1944 1225 2011 generis
1256 1944 1477 1995 mutatio
1510 1942 1668 1994 etiam
1705 1961 1771 1994 eo

769 2019 915 2092 quod
948 2033 1028 2072 est
1067 2021 1115 2090 5.
1142 2020 1240 2073 83:
1272 2043 1296 2068 ι
1314 2019 1425 2073 alia
1452 2033 1722 2092 praetereo.
1742 2044 1765 2067 ι

766 2099 955 2170 Neque
980 2101 1121 2151 enim
1151 2101 1398 2152 convenit
1433 2113 1771 2170 argumenta·

768 2179 933 2244 tioni,
984 2178 1079 2230 sed
1097 2216 1113 2242 ,
1158 2197 1391 2249 quocum
1440 2179 1594 2229 toties
1639 2174 1774 2228 illud

765 2269 1113 2328 permutatur,
1132 2257 1291 2309 etiam
1313 2256 1453 2328 (vide
1468 2259 1542 2323 11,
1565 2258 1647 2321 13,
1669 2272 1687 2307 ι
1706 2259 1770 2326 ι).

764 2337 845 2388 lta
877 2349 1017 2388 recte
1048 2335 1228 2387 locum
1260 2338 1513 2388 constitui
1544 2353 1773 2406 appare·

766 2412 873 2480 bit,
902 2415 946 2465 si
969 2413 1284 2479 contuleris,
1316 2415 1406 2478 w,
1433 2432 1491 2479 2,
1518 2416 1614 2482 59,
1644 2413 1773 2464 Hoec

771 2502 897 2545 sunt
912 2508 1087 2565 quoe...
1102 2491 1337 2561 faciant;
1358 2493 1448 2559 lv,
1466 2493 1521 2558 3,
1542 2493 1635 2558 16,
1654 2491 1778 2563 plu-

766 2571 903 2622 rima
923 2581 1046 2623 sunt
1069 2587 1240 2644 quoe...
1270 2571 1585 2633 inser-uatum
1600 2575 1667 2637 V,
1693 2571 1774 2635 13,

767 2667 830 2722 9,
866 2650 1109 2723 quoedam
1149 2662 1276 2704 sunt
1310 2669 1502 2725 quoe...
1541 2661 1772 2723 possunt.

768 2731 1035 2786 Sententia
1050 2732 1124 2782 sic
1143 2730 1456 2801 explicatur:
1481 2754 1502 2776 ιι
1518 2729 1776 2798 Quaedam

773 2828 797 2855 a
816 2809 1065 2861 accidunt
1095 2806 1390 2880 (eufanem)
1420 2808 1612 2862 talibus
1646 2827 1777 2861 cau-

774 2907 798 2934 ·
819 2888 916 2955 sis,
946 2905 1062 2957 qua:
1099 2887 1361 2953 efficiant,
1393 2901 1454 2939 ut
1478 2906 1545 2939 ne
1571 2904 1669 2958 per
1693 2888 1778 2957 ip-

775 2987 799 3013 oe
820 2986 932 3019 sam
954 2965 1166 3038 quidem
1191 2969 1267 3019 rei
1292 2981 1531 3020 naturam
1554 2965 1670 3019 haec
1693 2986 1778 3018 re-

776 3065 799 3093 «
818 3045 1101 3117 prehensio
1130 3050 1273 3118 ejus,
1306 3045 1453 3117 quod
1484 3048 1600 3117 ipse
1627 3047 1774 3097 fece-

777 3144 800 3170 ·
821 3126 916 3191 ris,
938 3126 1004 3175 sit
1025 3122 1293 3178 indecens,
1310 3147 1335 3174 ιι
1356 3125 1473 3178 Alia
1495 3125 1657 3189 ratio,
1679 3121 1771 3176 lib.

771 3202 878 3268 Xl,
907 3221 1025 3274 cap.
1044 3219 1078 3252 :a
1099 3239 1116 3266 ‚
1146 3200 1191 3273 ς.
1223 3203 1312 3256 3ο.

848 3296 892 3331 ι.
910 3278 1137 3332 Faciant
1146 3301 1164 3341 ,-
1189 3283 1264 3334 sie
1283 3282 1459 3332 Turio.
1479 3282 1518 3332 F
1522 3279 1619 3332 lor.
1641 3280 1777 3333 Reli-

769 3359 858 3428 qui
872 3357 1102 3429 faciunt.
1123 3358 1295 3411 Codd.
1317 3359 1775 3431 obtemperamus,

768 3436 887 3490 vide
904 3438 982 3502 X,
1013 3454 1057 3501 1,
1083 3437 1169 3504 44.

843 3532 893 3567 a.
917 3515 1130 3568 Pater...
1158 3516 1214 3567 in
1239 3515 1654 3568 matrimonium.
1670 3516 1775 3569 Tu-

769 3594 863 3646 rie.
876 3629 895 3660 ,
916 3603 1068 3667 patre
1088 3612 1151 3646 ex
1172 3584 1489 3645 meretricem
1513 3593 1773 3645 immatrt'-

768 3675 970 3726 mom'u.
997 3675 1166 3740 Flor.,
1189 3685 1339 3747 patre
1368 3691 1431 3725 ex
1452 3673 1773 3727 meretricem

767 3752 824 3805 in
846 3752 1240 3806 matrimonium
1253 3791 1270 3817 ‚
1292 3771 1413 3803 cum
1431 3751 1701 3805 Guelferb.
1719 3766 1773 3806 et

770 3831 907 3883 Alm.
932 3832 1034 3884 nisi
1057 3831 1203 3903 quod
1221 3830 1413 3883 horum
1433 3830 1563 3883 alter
1581 3831 1772 3900 habet,

771 3910 905 3964 alter
926 3909 1119 3964 dicitur
1139 3910 1335 3965 babere
1354 3922 1508 3983 pater
1530 3925 1582 3964 et
1611 3929 1773 3966 mere-

769 3991 911 4042 trice.
935 3989 1097 4043 Goth.
1127 3989 1252 4061 (err.
1281 3990 1466 4060 Genu.)
1493 4004 1648 4061 pater
1670 4010 1771 4043 na·-

770 4081 884 4122 tum
920 4068 1069 4141 quod
1104 4080 1247 4122 amet
1271 4066 1619 4135 meretricem,
1648 4088 1771 4121 cum

768 4151 921 4203 Voss.
948 4165 976 4203 2
1003 4150 1142 4217 (vide
1167 4149 1272 4221 79).
1298 4152 1422 4205 Mox
1441 4147 1610 4216 vait,
1624 4160 1776 4222 pater

1850 1013 2033 1052 natum
2058 1018 2123 1052 ex
2145 1000 2404 1052 meretrice
2428 996 2572 1072 quod
2590 1007 2731 1051 amet
2751 1016 2857 1048 me-

1849 1082 2078 1132 retricem
2094 1083 2146 1131 in
2165 1079 2579 1139 matrimonium5
2595 1076 2689 1129 sed
2702 1075 2856 1129 valde

1848 1162 2094 1231 eus‘picoi·
2115 1154 2202 1211 hic
2228 1158 2454 1229 aliquam
2473 1175 2585 1209 esse
2599 1168 2855 1207 versatam

1847 1239 2267 1312 emendationem
2312 1236 2532 1310 (quales
2577 1255 2686 1286 non
2733 1252 2853 1286 raro

1850 1318 2088 1388 agnoscit
2116 1318 2172 1368 in
2205 1336 2270 1369 eo
2292 1316 2424 1370 Cod.
2451 1313 2642 1368 Badius
2660 1352 2677 1379 ‚
2711 1313 2855 1365 velut

1848 1396 1918 1448 ad
1957 1394 2004 1466 §.
2035 1397 2158 1467 72);
2195 1407 2250 1447 et
2284 1395 2396 1448 hac
2431 1406 2512 1448 est
2547 1393 2795 1446 obtinens
2822 1409 2856 1453 a,

1847 1473 2012 1527 Badio
2039 1474 2166 1526 inde
2184 1476 2238 1525 in
2258 1472 2503 1525 omnibus
2523 1472 2676 1524 editis
2697 1473 2858 1543 serip-

1850 1566 1965 1605 tura
1981 1593 1998 1620 ,
2028 1552 2212 1605 ordine
2237 1566 2414 1604 tamen
2434 1566 2639 1604 mutato
2663 1552 2734 1602 ita
2752 1573 2766 1601 ε
2791 1566 2857 1601 es

1849 1650 1920 1684 m.
1937 1642 2141 1684 nattam.
2155 1632 2487 1697 Jens.‘rarv.,
2502 1639 2856 1703 pater-natum

1848 1711 1990 1785 quod
2023 1721 2166 1763 amet
2189 1728 2253 1761 ex
2286 1711 2550 1763 meretrice
2587 1709 2646 1762 in
2671 1711 2855 1761 maer-1·-

1853 1790 2106 1852 mom‘um.
2150 1791 2332 1841 Locat.
2367 1790 2501 1841 Ven.
2544 1789 2706 1840 Rusc.
2753 1786 2855 1857 (ex

1850 1867 1998 1935 Regii
2023 1866 2221 1935 mente)
2244 1884 2300 1939 p.
2335 1884 2390 1917 n.
2418 1885 2485 1918 ex
2515 1865 2780 1918 meretrice
2800 1883 2852 1938 q.

1849 1965 1900 1996 a.
1934 1963 1999 1996 ex
2030 1945 2292 1996 meretrice
2327 1943 2382 1994 in
2414 1953 2566 1994 matr.
2601 1945 2856 1995 Nostrum

1849 2025 2022 2079 Cute.-
2046 2022 2367 2087 Andr-..AM
2412 2023 2548 2094 (nisi
2584 2020 2733 2093 quod
2765 2021 2858 2074 hio

1851 2116 2032 2155 natum
2051 2120 2116 2154 ex
2133 2101 2282 2172 mer.)
2302 2119 2364 2153 ex
2382 2102 2689 2170 conjectura
2712 2098 2856 2152 haud

1850 2180 2042 2246 dubie,
2066 2181 2158 2233 ced
2182 2199 2293 2232 nou
2308 2179 2646 2251 improbabili
2662 2179 2782 2245 illa,
2803 2192 2858 2232 et

1850 2261 2065 2313 meliore
2087 2261 2356 2332 profecto,
2381 2278 2538 2331 quam
2558 2272 2641 2311 est
2657 2258 2858 2311 librarii

1848 2339 2083 2394 Gothani
2105 2337 2303 2391 nullam
2327 2340 2583 2390 rationem
2607 2336 2858 2390 habentis

1852 2416 2129 2470 verborum
2160 2416 2218 2468 in
2245 2417 2640 2468 matrimonium
2657 2454 2675 2482 ,
2713 2414 2857 2467 unde

1853 2516 1978 2549 mox
1998 2495 2296 2549 conflarunt
2315 2499 2425 2548 VV.
2450 2497 2562 2549 DD.
2580 2508 2860 2567 portento·

1855 2591 1965 2626 sam
2007 2572 2332 2626 locutionem
2359 2588 2544 2625 amare
2579 2575 2637 2625 iu
2672 2575 2858 2625 matti·

1852 2650 2085 2702 monium
2103 2652 2339 2703 Gesner-o
2359 2652 2412 2701 in
2432 2650 2708 2704 Thesauro
2730 2670 2859 2723 quo-

1854 2744 1987 2798 que,
2014 2740 2076 2779 ut
2095 2741 2148 2779 et
2166 2726 2493 2795 For-celliuo,
2512 2742 2862 2782 memoratam

1855 2819 1909 2859 et
1932 2805 2247 2877 explicitam.
2273 2809 2487 2860 Breviua
2511 2821 2624 2861 erat
2644 2825 2711 2859 ex
2731 2826 2857 2860 mer.

1855 2905 1910 2937 n.
1936 2886 1997 2937 ob
2019 2887 2294 2938 meretricis
2315 2887 2741 2949 matrimonium,·
2764 2886 2861 2940 sed

1854 2965 2007 3017 nimis
2053 2966 2328 3018 manifesta
2363 2979 2487 3018 sunt
2521 2968 2619 3019 ista
2649 2967 2706 3018 in
2733 2980 2855 3019 vett.

1854 3046 2072 3114 vestigia
2115 3045 2433 3097 meretricem
2482 3046 2539 3097 in
2588 3048 2863 3098 matrimo-

1855 3120 2003 3173 nium
2023 3160 2044 3189 ,
2093 3139 2320 3192 quorum
2364 3134 2474 3173 tam
2517 3121 2859 3175 similitudine

1855 3216 2014 3270 quam
2049 3199 2336 3253 litterarum
2376 3220 2432 3253 m
2461 3214 2513 3254 et
2549 3221 2586 3252 τι
2623 3202 2862 3255 multitu-

1852 3276 1976 3330 dine
1998 3279 2257 3347 jucturam
2294 3279 2421 3331 fecit
2450 3278 2617 3331 locus.
2648 3281 2700 3333 Si
2731 3280 2860 3351 quid

1853 3358 1963 3409 veri
1998 3370 2052 3408 et
2087 3358 2291 3429 antiqui
2327 3370 2468 3411 esset
2494 3359 2556 3410 int
2583 3360 2695 3411 istis
2719 3358 2862 3430 quod

1852 3447 2022 3505 amet,
2054 3437 2340 3508 probarem
2372 3455 2473 3506 ego
2496 3438 2704 3490 Francii
2726 3457 2859 3491 con·

1846 3519 2106 3587 jecturam
2137 3516 2279 3590 quod
2309 3517 2491 3585 habet,
2531 3517 2612 3569 vel
2645 3518 2739 3590 qui
2764 3518 2858 3570 lta-

1852 3595 1964 3663 het,
1988 3598 2063 3649 ita
2085 3610 2262 3649 tamen
2286 3610 2345 3649 ut
2365 3597 2650 3650 scriberem
2671 3597 2727 3648 in
2746 3616 2859 3649 ma-

1853 3674 2126 3741 tn'monio,
2168 3674 2423 3728 subnixus
2465 3673 2642 3745 aliqua
2675 3675 2852 3737 Tui-ic.

1851 3755 2185 3807 auctoritate.
2209 3753 2366 3807 Nunc
2389 3772 2527 3825 opus
2551 3772 2666 3806 eaae
2694 3755 2853 3808 verbo

1850 3832 2278 3902 praepositionem
2308 3830 2362 3882 in
2383 3844 2600 3901 regente
2621 3850 2746 3884 cum
2769 3850 2855 3884 ac-

1851 3913 2117 3976 cusativo,
2161 3924 2381 3982 apparet
2398 3947 2415 3975 ,
2456 3928 2555 3962 nec
2596 3914 2852 3965 succurrit

1851 3989 2015 4042 ullum
2033 4029 2049 4055 ,
2102 3990 2248 4061 qnod
2291 3986 2497 4042 facilius
2542 3990 2852 4061 intercidere

1850 4072 2088 4142 potuisse
2119 4068 2284 4121 dicas.
2799 4062 2808 4071 “
2839 4094 2846 4101 ·

1923 4150 1974 4201 3.
1999 4147 2103 4203 Sed
2127 4164 2290 4199 non...
2317 4143 2564 4199 accidere.
2587 4148 2672 4201 An
2693 4147 2796 4199 fuit
2809 4165 2867 4199 s..
