3200 5159
834 441 955 531 196

1388 443 1483 508 M.
1522 443 1749 509 FABII
1787 441 2347 527 QUINTILIANI

827 587 908 639 ut
937 565 1176 639 Cicero
1204 566 1500 640 Brutum
1528 568 1751 641 facere
1784 568 2022 659 tradit,
2047 596 2273 669 operae
2306 569 2395 642 ad
2426 569 2913 659 scribendum,

825 700 947 753 aut
972 681 1352 781 legendum
1375 696 1423 771 ¹,
1456 704 1577 755 aut
1618 682 1999 756 dicendum
2045 684 2191 782 rapi
2231 683 2470 783 aliquo
2503 697 2531 728 ²
2552 705 2914 756 momento

826 797 1157 897 temporis
1187 798 1427 896 possit:
1455 798 1800 896 siquidem
1833 801 1913 871 C.
1942 799 2170 872 Carbo
2190 796 2220 843 ³
2249 799 2456 871 etiam
2491 798 2564 870 in
2598 799 2917 871 taberna-

724 923 788 976 28
825 912 983 984 culo
1017 911 1283 984 solebat
1314 912 1447 985 hac
1490 912 1588 984 uti
1637 913 2120 985 exercitatione
2170 912 2470 986 dicendi.
2514 916 2618 986 Ne
2651 912 2725 985 id
2759 913 2916 1011 qui-

825 1025 989 1098 dem
1030 1024 1476 1118 tacendum,
1523 1026 1717 1126 quod
1746 1026 2025 1099 eidem-‘⁵
2057 1027 2380 1101 Ciceroni
2418 1026 2716 1127 placet⁶‚
2756 1027 2917 1099 nul-

823 1231 972 1285 raudi
1021 1234 1281 1285 rationem
1327 1234 1382 1284 in
1428 1234 1625 1285 Nostro
1674 1233 1829 1285 toties

822 1317 1141 1383 agnoverim.
1167 1311 1370 1373 Deinde
1394 1311 1705 1365 lucrativam
1729 1312 1830 1365 hu·

814 1394 904 1462 jus
941 1393 1036 1444 evi
1073 1391 1393 1444 vocabulum
1434 1410 1548 1443 esse
1593 1404 1827 1461 negant,

822 1469 1018 1522 nedum
1043 1481 1102 1522 ut
1121 1489 1188 1523 eo
1210 1471 1395 1522 Cicero
1421 1488 1549 1521 usus
1575 1471 1644 1521 sit
1670 1468 1829 1540 (nam

820 1563 874 1602 et
896 1549 1000 1602 hoc
1025 1562 1175 1602 cavet
1197 1547 1566 1620 Burmannus)
1591 1551 1646 1599 in
1675 1551 1791 1620 ipso
1807 1586 1824 1615 ‚

710 1652 716 1657 ’
820 1627 912 1700 qui
941 1629 1232 1697 respicitur,
1260 1626 1401 1679 loco.
1430 1628 1676 1679 Ciceroni
1698 1644 1827 1678 sane

817 1704 946 1758 nihil
972 1704 1075 1757 tale
1100 1702 1478 1767 obtrudemus;
1499 1704 1593 1758 sed
1613 1724 1711 1758 nec
1734 1724 1827 1757 ne·

815 1804 960 1838 cesse
993 1799 1073 1837 est
1104 1786 1221 1861 ipsa
1253 1787 1367 1854 ejus
1393 1785 1552 1837 verba
1585 1787 1826 1857 posuisse

813 1865 1202 1917 Nostrum.Vox
1221 1882 1347 1916 saue
1362 1865 1462 1915 ista
1477 1882 1576 1916 nec
1589 1863 1831 1916 vetustis·

814 1943 956 1995 simis
974 1941 1119 1994 libris
1138 1941 1462 2008 defenditur,
1485 1960 1661 2012 neque
1681 1939 1829 2013 apud

815 2023 948 2075 alios
971 2041 1130 2096 quam
1147 2023 1280 2094 juris
1303 2021 1469 2075 civilis
1492 2036 1737 2074 auctores
1761 2018 1829 2072 le·

812 2103 969 2173 gitur.
1017 2104 1266 2153 Attamen
1309 2113 1578 2154 structura
1594 2138 1612 2165 ‚
1656 2098 1824 2172 qualis

815 2195 896 2234 est
918 2183 974 2233 in
995 2179 1206 2251 vulgata
1222 2218 1241 2247 ‚
1265 2180 1532 2252 aptissime
1560 2177 1828 2240 decurrit,

814 2279 913 2313 nec
939 2258 1231 2331 quidquam
1253 2257 1414 2310 habet
1439 2257 1704 2327 peregrini
1730 2274 1828 2308 co-

815 2337 973 2399 loris;
990 2355 1155 2408 quum
1173 2336 1265 2387 illa
1282 2334 1504 2387 aliorum
1528 2331 1665 2385 lucri
1688 2331 1826 2386 vel...

817 2433 1016 2490 opere,
1041 2416 1201 2488 plane
1224 2434 1334 2467 non
1362 2415 1429 2465 sit
1457 2412 1693 2466 ferenda.
1720 2414 1829 2464 Ne·

820 2516 923 2569 que
944 2516 1041 2567 ego
1061 2495 1223 2566 hujus
1244 2495 1410 2545 aetatis
1433 2494 1719 2563 scriptores
1743 2493 1832 2542 ab·

815 2574 1037 2629 horrere
1073 2573 1226 2625 video
1269 2590 1300 2623 a
1342 2570 1597 2642 lingendis
1638 2570 1831 2622 talibus

823 2652 1112 2724 adjectivis.
1136 2650 1265 2703 Vide
1287 2649 1428 2702 dicta
1458 2649 1527 2700 ad
1555 2651 1655 2713 111,
1685 2650 1750 2714 3,
1779 2668 1830 2719 9.

825 2732 1050 2784 Lucrum
1076 2728 1314 2801 inprimis
1341 2740 1452 2793 est,
1480 2726 1628 2797 quod
1653 2729 1835 2797 inspe-

829 2822 1002 2859 ratum
1016 2805 1310 2859 commodis
1326 2807 1515 2858 nostris
1529 2807 1833 2877 acquiritur.

831 2891 1014 2958 ltaque
1038 2904 1247 2957 operam
1271 2882 1575 2937 lucrativam
1599 2904 1630 2937 a
1652 2886 1835 2954 Quint.

833 2968 939 3019 diei
964 2967 1199 3037 potuisse
1221 2982 1413 3017 censeo
1438 2963 1693 3036 quidquid
1718 2983 1842 3035 ope-

833 3065 903 3100 rae
917 3045 1165 3116 injunctis
1181 3056 1233 3094 et
1248 3046 1554 3096 necessariis
1569 3043 1840 3099 laboribus

836 3125 1170 3194 negotiisque
1203 3122 1348 3174 velut
1384 3124 1758 3192 surriperetur,
1790 3134 1844 3172 et

841 3204 1045 3256 dilectis
1096 3202 1283 3254 studiis
1333 3200 1627 3254 accederet.
1680 3200 1845 3254 Simili

841 3282 1001 3336 modo
1026 3281 1284 3334 subseciva
1307 3293 1596 3351 temporum
1622 3298 1847 3352 usurpa-

839 3364 943 3428 vit,
965 3359 1057 3413 lib.
1081 3360 1132 3424 1,
1157 3377 1272 3430 cap.
1301 3376 1391 3423 n,
1417 3356 1461 3428 §.
1492 3358 1571 3410 13.

925 3456 942 3491 1
957 3478 969 3490 .
985 3437 1094 3491 Aut
1105 3436 1408 3510 legendum3
1424 3438 1502 3489 sic
1518 3436 1691 3488 Turio.
1706 3433 1847 3487 Flor.

853 3517 951 3574 Vel
972 3518 1042 3570 ad
1063 3516 1102 3568 1.
1115 3555 1133 3583 ‚
1152 3515 1311 3568 Goth.
1338 3515 1463 3585 (tac.
1484 3514 1669 3585 Gesn.)
1687 3516 1848 3567 Cnn».

850 3599 1056 3652 Omittit
1077 3596 1188 3647 haec
1202 3594 1377 3646 Guelf.
1393 3593 1599 3666 Reliqui
1617 3613 1669 3645 α.
1687 3593 1757 3644 ad
1779 3592 1816 3646 l.
1829 3631 1849 3659 ,

849 3678 952 3731 nisi
972 3673 1118 3746 quod
1138 3692 1260 3725 mox
1281 3686 1404 3724 ante
1423 3671 1521 3724 dic.
1549 3690 1765 3744 quoque
1782 3671 1852 3722 ad

842 3754 1034 3806 inserit
1069 3750 1260 3803 Rollin.
1299 3749 1441 3802 Harl.
1479 3780 1548 3789 —-
1583 3749 1716 3802 vau.
1758 3749 1850 3802 lib.

849 3832 958 3885 RR.
984 3832 1046 3896 8,
1067 3848 1130 3900 9,
1157 3827 1237 3880 vel
1258 3829 1327 3880 ad
1352 3826 1641 3902 legendum.
1668 3831 1773 3882 RR.
1800 3846 1852 3899 7,

850 3924 948 3976 tt,
989 3922 1084 3963 aut
1123 3908 1412 3984 leyendum.
1450 3909 1567 3961 Haec
1602 3910 1855 3960 omittunt

849 3992 1040 4043 caeteri.
1064 3989 1158 4042 En.

1978 1234 2032 1286 3.
2076 1233 2234 1285 Carbo
2268 1233 2425 1285 etiam
2467 1233 2525 1284 in
2562 1231 2914 1285 tabernaculo.

1909 1312 2025 1362 Hoc
2062 1313 2236 1383 ipsum
2277 1311 2345 1363 de
2388 1310 2731 1363 tabernaculo
2771 1310 2914 1382 apud

1909 1390 2115 1443 nullum
2157 1389 2319 1444 alium
2355 1392 2563 1443 invenio
2604 1403 2877 1442 auctorem
2898 1412 2912 1444 =

1908 1469 2002 1523 sed
2023 1469 2282 1522 Carbonis
2304 1470 2617 1522 industriam
2644 1472 2699 1522 in
2723 1473 2917 1523 exerci-

1906 1549 2197 1601 tationibus
2215 1563 2596 1602 commemorat
2609 1550 2719 1602 Cic.
2743 1551 2886 1601 Brut.
2898 1587 2916 1615 ‚

1906 1646 1953 1680 c.
1996 1644 2060 1698 27
2101 1627 2230 1699 (ubi
2262 1628 2379 1680 vide
2405 1627 2732 1698 Wezelium)
2765 1641 2819 1681 et
2849 1628 2916 1680 de

1905 1708 2053 1759 Orat.
2089 1709 2144 1771 1,
2177 1706 2263 1772 34.
2300 1708 2447 1771 Hoc,
2480 1706 2915 1778 eloquentissimo

1909 1786 1991 1836 sui
2016 1787 2269 1856 temporis
2293 1798 2548 1855 patrono,
2569 1783 2914 1856 percellendo

1907 1865 2139 1934 primum
2159 1862 2404 1915 inclaruit
2422 1882 2646 1934 maguus
2661 1878 2845 1916 orator
2858 1866 2913 1916 1..

1906 1944 2136 1995 Licinius
2158 1944 2378 1995 Crassus
2395 1982 2411 2009 ,
2436 1945 2593 1994 unius
2621 1955 2734 1994 tum
2765 1956 2819 1995 et
2838 1943 2917 1994 vi-

1906 2023 2038 2091 giuti
2047 2040 2313 2075 annorum
2321 2020 2648 2074 adolescens.
2662 2020 2765 2075 Sed
2780 2040 2916 2074 eum-

1906 2101 2027 2154 dem
2051 2099 2269 2154 bellicas
2292 2119 2374 2153 res
2396 2102 2615 2171 gessisse
2639 2119 2751 2152 non
2775 2119 2915 2171 repe·

1908 2184 2015 2247 rio,
2039 2195 2098 2233 ut
2120 2182 2174 2232 in
2200 2179 2541 2233 tabernaculo
2566 2179 2809 2232 meditari
2825 2198 2919 2252 po·

1910 2263 2067 2313 tuerit
2081 2298 2098 2325 ‚
2118 2275 2171 2314 et
2187 2279 2372 2314 vereor
2391 2278 2550 2331 quam
2576 2262 2828 2324 maxime,
2850 2278 2916 2311 ne

1911 2337 2042 2408 quid
2064 2336 2152 2390 hic
2179 2337 2462 2390 turbaverit
2484 2339 2697 2404 Noster,
2714 2356 2919 2409 permu-

1909 2415 2031 2466 tatis
2066 2417 2202 2466 inter
2228 2433 2283 2467 se
2312 2417 2409 2467 Cn.
2440 2415 2649 2486 Papirio
2679 2415 2917 2469 Carbone

1910 2507 1990 2546 ter
2026 2495 2248 2547 consule
2268 2533 2285 2562 ‚
2321 2496 2498 2547 Cinnoe
2528 2497 2735 2561 amico,
2769 2497 2919 2549 Sulla

1910 2571 2240 2638 adversario,
2260 2574 2354 2645 qui
2380 2573 2556 2625 multis
2580 2573 2738 2628 rebus
2760 2576 2918 2646 gestis

1912 2650 2055 2721 turpi
2091 2650 2355 2722 supplicio
2397 2652 2745 2724 interemptus
2782 2668 2861 2707 est
2888 2673 2919 2707 a

1916 2732 2202 2801 Pompeio‚
2235 2743 2290 2783 et
2315 2729 2375 2781 C.
2407 2733 2613 2803 Papirio
2641 2731 2885 2786 Carbone
2901 2771 2920 2799 ‚

1917 2808 2055 2859 tribu
2063 2808 2319 2879 noplebis
2329 2845 2349 2875 ,
2367 2827 2489 2861 mox
2500 2810 2722 2864 consule
2734 2850 2754 2880 ,
2765 2814 2920 2866 Grac·

1915 2886 2205 2939 chanamm
2241 2886 2516 2940 turbarum
2554 2892 2722 2941 socio.
2762 2892 2920 2944 Acce·

1918 2962 2011 3014 dat
2039 2964 2196 3033 igitur
2225 2964 2326 3016 hoc
2354 2965 2569 3037 reliquis
2595 2969 2711 3038 ejus
2738 2971 2925 3022 errori-

1918 3042 2048 3107 bus,
2066 3043 2182 3094 vide
2208 3043 2282 3109 X,
2310 3061 2355 3108 t,
2376 3044 2464 3097 66.
2491 3045 2924 3100 Pseudo-Turne·

1921 3119 2023 3172 bus
2038 3139 2155 3171 non
2178 3121 2314 3173 male
2336 3121 2442 3175 buc
2466 3122 2691 3177 advocat
2708 3126 2923 3179 Brutum

1922 3203 1976 3252 in
2028 3205 2256 3254 tentorio
2310 3217 2469 3255 nocte
2519 3217 2643 3256 ante
2696 3224 2927 3277 pugnam

1928 3279 2278 3333 Pharsalicam
2316 3281 2518 3356 polybii
2555 3282 2804 3339 historias
2845 3304 2927 3338 ex·

1928 3377 2120 3430 cerpeu
2126 3372 2247 3425 tem,
2259 3359 2406 3432 quod
2414 3377 2595 3414 narrat
2604 3363 2925 3419 Plutarchus.

2001 3437 2053 3502 4.
2078 3436 2374 3490 Tacendum
2390 3476 2410 3505 ‚
2447 3441 2615 3511 quod5
2654 3446 2733 3494 sie
2751 3446 2926 3497 Turic-

1930 3517 2069 3569 Flor.
2094 3516 2210 3587 (hic
2235 3536 2266 3571 a
2288 3538 2369 3591 pr.
2397 3521 2589 3592 manu)
2610 3521 2823 3597 Reliqui
2849 3527 2931 3577 in·

1930 3609 2108 3648 serunt
2132 3606 2219 3648 est.
2916 3608 2921 3616 “

2003 3671 2053 3725 5.
2084 3673 2286 3725 Eidem.
2311 3673 2489 3726 Turio.
2506 3675 2711 3747 piar„
2741 3678 2893 3730 idem.

2000 3753 2051 3804 6.
2081 3752 2313 3806 Ciceroni
2335 3750 2765 3825 placetvFrustra
2790 3774 2931 3828 qua!-

1932 3831 2058 3898 sivi,
2083 3828 2229 3901 quod
2261 3829 2449 3903 reliqui
2474 3833 2645 3884 securi
2669 3847 2929 3885 transcur-

1933 3924 2139 3975 rerunt,
2160 3910 2253 3962 ubi
2276 3910 2379 3962 boc
2403 3925 2541 3964 esset
2558 3911 2703 3982 apud
2719 3916 2932 3966 Cicero·

1931 4006 2072 4039 nem.
2115 3987 2220 4054 Qui
2266 3987 2416 4039 locus
2461 3987 2589 4039 dum
2633 4005 2891 4062 appareat
2908 4028 2927 4057 ‚

926 4087 974 4121 2.
994 4068 1282 4121 Memento.
1305 4065 1446 4119 Flor.
1469 4062 1533 4135 (a
1553 4082 1636 4138 pr.
1663 4063 1856 4136 manu)
1930 4065 2289 4137 ignorabimus
2308 4104 2326 4133 ‚
2386 4081 2645 4139 quantum
2695 4087 2761 4123 ex
2815 4073 2927 4142 ipso

851 4147 1056 4199 moden.
1081 4149 1242 4201 Cam.
1256 4184 1274 4212 ‚
1295 4144 1467 4198 modo.

1933 4146 2213 4217 sumpserit
2234 4145 2449 4213 Noster,
2470 4135 2599 4218 quid
2619 4145 2689 4200 de
2711 4164 2815 4201 suo
2836 4146 2931 4201 ad-
