3200 5159
746 498 874 576 418
1313 496 1409 560 Μ.
1450 495 1679 560 ΡΑΒΠ
1715 495 2277 579 QU1NT1L1AN1

672 652 702 687 2
741 646 886 692 non
920 617 1151 694 militi.
1175 618 1376 710 Quid
1406 619 1494 691 de
1513 632 1533 664 ¹
1571 618 1776 692 nobis
1803 619 2096 719 loquor?
2123 623 2388 695 Rerum
2419 621 2567 723 ipsa
2593 646 2847 699 natura

741 736 816 807 in
846 761 969 826 ec,
1009 734 1202 834 quod
1231 736 1575 836 praecipue
1610 735 1985 810 indulsisse
2015 737 2296 812 homini
2321 739 2631 832 videtur,
2662 768 2849 840 quo-

740 864 925 952 que²
973 878 1098 923 nos
1131 879 1173 923 a
1213 851 1470 924 caeteris
1502 852 1931 926 animalibus
1963 880 2341 952 separasse,
2380 881 2525 927 non
2559 881 2848 954 parens,

742 968 861 1042 sed
896 995 1191 1041 noverca
1228 967 1477 1060 fuerit,
1511 970 1570 1042 si
1613 968 2013 1042 facultatem
2047 969 2361 1062 dicendi,
2401 971 2661 1042 sociam
2696 998 2851 1043 sce-

742 1087 967 1162 lerum
989 1144 1008 1176 ,
1043 1086 1405 1160 adversam
1432 1087 1850 1160 innocentiae
1869 1145 1888 1179 ,
1915 1087 2189 1164 hostem
2212 1087 2514 1161 veritatis
2542 1088 2849 1161 invenit:

741 1227 973 1278 mutos
994 1204 1186 1276 enim
1211 1203 1441 1293 nasci,
1474 1224 1540 1276 et
1562 1230 1766 1304 egere
1791 1206 1988 1277 omni
2007 1205 2275 1278 ratione
2294 1263 2314 1297 ‚
2340 1204 2555 1278 satius
2572 1206 2850 1295 fuisset,

739 1349 955 1422 quam
987 1320 1438 1421 providentiae
1467 1347 1769 1394 munera
1800 1321 1877 1393 in
1913 1342 2238 1396 mutuam
2275 1319 2663 1422 perniciem
2692 1348 2854 1394 con-

666 1450 700 1503 3
738 1459 1019 1510 vertere.
1065 1437 1380 1535 Longius
1413 1435 1688 1509 tendit-⁹·
1721 1437 1852 1509 hoc
1887 1436 2247 1539 judicium
2291 1464 2581 1509 meum:
2622 1463 2855 1537 neque

739 1555 933 1625 enim
966 1574 1244 1624 tantum
1280 1551 1357 1623 id
1389 1551 1586 1642 dico,
1622 1578 1823 1642 eum,
1869 1551 2049 1652 qui4
2079 1552 2264 1625 mihi
2305 1554 2394 1625 sit
2437 1575 2698 1642 orator,
2741 1559 2856 1625 vi—

739 1695 896 1741 rum
930 1665 1187 1739 bonum
1211 1691 1345 1738 esse
1371 1681 1691 1763 oportere
1701 1695 1730 1751 ;
1756 1666 1878 1738 sed
1911 1694 2003 1739 ne
2031 1669 2352 1741 futurum
2388 1667 2682 1767 quidem
2711 1695 2856 1740 ora-

735 1805 994 1874 torem,
1030 1781 1166 1854 nisi
1193 1780 1424 1852 virum
1452 1779 1766 1853 bonum:
1804 1809 1973 1855 nam
2000 1804 2180 1856 certe
2209 1810 2439 1883 neque
2460 1783 2855 1882 intelligen-

735 1901 909 1972 tiam
943 1897 1353 1971 concesseris
1387 1896 1504 1988 iis,
1541 1897 1700 1997 qui,
1734 1899 2088 1998 proposita
2120 1899 2576 1972 honestorum
2605 1926 2684 1972 ac
2715 1921 2861 1972 tur-

738 2017 942 2118 pium
976 2016 1124 2107 via,
1158 2012 1471 2116 pejorem
1505 2014 1705 2114 sequi
1732 2014 1997 2088 malent
2017 2014 2071 2107 ⁵,
2105 2041 2339 2114 neque
2370 2015 2852 2115 prudentiam,

735 2161 916 2216 Ambr.
936 2180 986 2229 2,
999 2159 1176 2215 Guelf.
1191 2159 1355 2214 Csur.
1365 2161 1750 2231 comparemus,

735 2242 943 2314 reliqui.
969 2241 1094 2293 Non
1128 2235 1310 2306 multi,
1343 2241 1496 2292 Bern.
1521 2239 1752 2291 vicissim

735 2341 861 2374 mox
908 2320 1033 2391 §.6
1048 2350 1069 2387 5
1105 2319 1338 2370 militum
1372 2337 1474 2391 pro
1516 2317 1751 2371 multum

736 2404 899 2454 Cain».

817 2499 861 2533 ι.
905 2480 1043 2550 Quid
1062 2479 1141 2531 de.
1180 2481 1281 2530 Pro
1313 2475 1430 2542 his,
1453 2475 1666 2549 quidem
1690 2475 1754 2528 de

737 2563 891 2614 Rern.
934 2558 1172 2630 Loquar,
1204 2555 1344 2609 Flor.
1393 2555 1550 2625 Quod
1563 2554 1754 2627 princi-

736 2656 899 2710 pue...
922 2635 1127 2687 videtur
1143 2634 1395 2684 omittunt
1413 2632 1590 2684 Tur-ic.
1608 2632 1752 2685 Flor.

741 2736 865 2770 cum
883 2715 1019 2767 Alm.
1049 2713 1164 2784 Quo
1178 2713 1441 2786 proect'pue
1451 2751 1469 2780 ,
1493 2710 1675 2764 Ambr.
1696 2731 1724 2765 2
1739 2750 1757 2780 ‚

742 2814 865 2850 cum
888 2794 1034 2846 Jens.
1061 2806 1113 2845 et
1142 2790 1263 2843 edd.
1297 2805 1439 2863 post.
1479 2802 1605 2843 ante
1632 2789 1754 2843 Ald.

740 2876 879 2949 (nisi
917 2872 1064 2948 quod
1104 2875 1255 2944 prius
1299 2872 1495 2923 omittit
1538 2872 1697 2924 Ruso.
1714 2871 1754 2943 ).

743 2951 1070 3017 Indulsisset,
1106 2952 1270 3004 Cnn‘.
1306 2969 1429 3002 cum
1465 2950 1630 3003 Goth.
1663 2953 1761 3002 Ιη-

744 3034 975 3097 clusisse,
1000 3035 1153 3084 Voss.
1187 3046 1232 3081 1.
1257 3028 1581 3097 Induxisse,
1600 3034 1756 3083 Voss.

747 3133 795 3167 2.
820 3112 932 3164 Nos
952 3128 1186 3184 quoque,
1223 3110 1369 3161 Jens.
1399 3113 1542 3178 (tac.
1566 3108 1759 3180 Gesn.)

743 3191 902 3242 Tarv.
925 3187 1064 3240 male
1082 3199 1506 3259 transponentes.
1537 3188 1654 3258 Quo
1670 3207 1762 3242 nos

747 3273 860 3325 sine
900 3287 1004 3342 que
1031 3268 1211 3320 Turi'c.
1247 3266 1391 3319 Flor.
1423 3267 1698 3320 Continuo
1725 3286 1762 3318 a

744 3350 915 3401 omitt.
937 3345 1170 3401 Gothan.
1190 3345 1423 3397 Animan
1432 3346 1578 3410 tibus,
1593 3347 1755 3399 Cam».

743 3431 1044 3499 superasse,
1060 3425 1237 3479 Guelf.
1253 3428 1378 3479 Exc.
1396 3425 1541 3479 Sant.
1555 3429 1764 3481 Par-ans

745 3522 846 3575 est,
869 3510 1048 3561 Turic.
1072 3506 1212 3558 Flor.
1237 3506 1433 3558 Par-ens
1459 3516 1558 3571 est,
1588 3506 1756 3559 Cur.

745 3588 948 3641 Multos
959 3586 1100 3637 enim
1112 3583 1236 3636 sciet
1248 3600 1369 3656 qere
1382 3583 1532 3634 omni
1543 3622 1561 3649 ‚
1579 3583 1756 3637 Tui-ic.

746 3667 978 3720 Floreat.
1009 3660 1208 3716 Multos
1233 3679 1278 3712 e.
1314 3679 1421 3712 non
1451 3680 1503 3712 n.
1534 3680 1578 3713 e.
1607 3681 1651 3715 e.
1677 3682 1759 3730 o.‚

745 3746 924 3801 Guelf.
958 3747 1038 3797 M.
1063 3752 1240 3795 autem
1263 3759 1318 3792 n.
1348 3759 1392 3793 e.
1418 3759 1461 3792 e.
1486 3759 1531 3793 o.
1547 3779 1565 3808 ,
1594 3741 1758 3794 CAur.

746 3825 964 3891 Multos,
978 3824 1134 3875 Voss.
1149 3840 1199 3888 2,
1221 3822 1275 3888 3,
1304 3837 1519 3893 quoque
1538 3834 1591 3873 et
1605 3823 1758 3874 Bern.

750 3906 936 3957 Muros
956 3903 1115 3958 etiam
1139 3920 1190 3954 n.
1202 3938 1221 3965 ,
1237 3899 1398 3953 Goth.
1413 3899 1547 3970 (err.
1566 3898 1762 3972 Gesn.)

749 3984 909 4036 Muta
933 4001 980 4035 e.
997 4021 1016 4049 ‚
1042 3981 1200 4031 Voss.
1233 3995 1276 4030 1.

824 4079 873 4114 2.
903 4061 1115 4132 Quoque
1134 4076 1281 4110 nos...
1304 4074 1574 4129 separasse.
1586 4058 1759 4110 Recte

748 4140 1257 4197 Pseudo-Turnebus
1293 4159 1391 4194 nos
1432 4141 1653 4195 remittit
1691 4139 1760 4194 ad

750 4225 943 4306 11216,
980 4221 1070 4288 16,
1106 4236 1186 4290 ¹7·

1903 2161 1956 2214 3.
1976 2161 2182 2214 Tendit.
2206 2160 2419 2213 Omittit
2436 2159 2542 2212 hoc
2555 2151 2713 2212 Voss.
2734 2177 2780 2226 1,
2800 2161 2853 2214 3.

1903 2238 1956 2305 4.
1986 2239 2094 2309 Qui
2116 2238 2255 2291 mihi
2270 2241 2337 2291 sit
2356 2248 2561 2301 oraton·
2584 2242 2659 2291 sic
2683 2240 2852 2292 Cnn.

1836 2317 1938 2388 Qui
1964 2317 2041 2369 mt'
2066 2318 2134 2370 sit
2154 2336 2202 2369 ο.
2216 2357 2235 2384 ,
2270 2319 2451 2369 Tur-ic.
2481 2316 2585 2388 Qui
2606 2317 2750 2370 misit
2772 2335 2853 2384 o.‚

1832 2395 1972 2448 Flor.
2004 2414 2130 2448 cum
2156 2395 2296 2447 Alm.
2328 2395 2473 2448 Mihi
2500 2415 2605 2448 om.
2644 2395 2853 2468 reliqui.

1837 2476 2138 2547 Oportet-em
2170 2475 2273 2528 nisi
2301 2476 2502 2542 virum,
2528 2476 2735 2529 omissis
2769 2478 2856 2529 in-

1833 2555 2238 2626 terjacentibus,
2272 2553 2452 2606 Turio.
2479 2573 2601 2607 cum
2631 2555 2777 2609 Flor.
2805 2571 2864 2609 et

1835 2633 2025 2686 Almel.
2050 2636 2152 2687 nisi
2189 2634 2335 2706 quod
2360 2653 2423 2686 ex
2454 2632 2537 2687 his
2561 2645 2856 2706 oporterent

1835 2729 1946 2766 non
1989 2715 2228 2767 affertur.
2277 2713 2370 2768 Eis
2411 2718 2509 2790 qui
2548 2717 2855 2788 proposita,

1835 2795 1974 2848 Flor.
1991 2795 2092 2848 His
2111 2814 2164 2868 q.
2183 2814 2238 2867 p.
2252 2833 2268 2860 ,
2293 2795 2564 2849 Guelferb.
2585 2797 2856 2864 Priorem,

1837 2872 1998 2927 Goth.
2027 2873 2162 2944 (tac.
2194 2875 2410 2946 Gesn.).

1912 2953 1961 3006 5.
1993 2951 2234 3015 Molem,-
2276 2955 2351 3006 sic
2383 2954 2564 3005 Turic-
2592 2953 2775 3007 Ambr.
2809 2974 2857 3007 2.

1840 3031 2106 3098 Mallem,
2143 3031 2319 3086 Guelf.
2355 3034 2481 3085 Exc.
2516 3031 2662 3088 Sam.
2692 3034 2857 3087 Goth.

1839 3111 1974 3183 (tac.
1996 3113 2196 3184 Gesn.)
2225 3131 2349 3164 cum
2369 3115 2524 3164 Voss.
2554 3130 2612 3178 2,
2641 3114 2694 3166 3.
2729 3116 2860 3166 Μα-

1843 3191 1991 3258 lunt,
2028 3193 2190 3244 Cimo.
2233 3209 2357 3243 cum
2393 3189 2543 3243 editt.
2578 3204 2703 3244 ante
2725 3193 2855 3245 Bad.

1843 3274 1934 3343 qui
1964 3289 2086 3323 cum
2118 3270 2333 3342 reliquis
2372 3270 2568 3323 malint
2598 3290 2662 3323 ex
2689 3274 2858 3344 ipsius

1839 3353 2175 3421 conjectura:
2199 3349 2316 3402 vide
2339 3353 2390 3418 1,
2413 3350 2444 3404 5
2453 3390 2472 3417 ,
2497 3350 2585 3418 64.
2613 3352 2858 3405 Pruden-

1838 3430 1967 3481 tiam
1993 3432 2141 3502 cujus
2164 3430 2220 3481 in
2235 3467 2253 3495 ,
2299 3430 2480 3481 Turic.
2517 3428 2658 3481 Flor.
2690 3432 2853 3484 Cane.

1839 3510 1905 3560 P.
1924 3510 1984 3562 t‘t's
1998 3510 2220 3574 cumin,
2234 3509 2389 3561 Voss.
2412 3524 2457 3559 ῐ.
2475 3508 2538 3559 Ρ.
2556 3511 2856 3577 cum,.1ens.

1840 3607 1961 3640 cum
1979 3587 2098 3640 edd.
2121 3602 2244 3639 ante
2259 3587 2380 3639 Ald.
2400 3588 2658 3646 Nostrum
2673 3590 2854 3642 Ambr.

1844 3687 1871 3721 2
1886 3707 1904 3735 ‚
1926 3667 2100 3720 Guelf.
2127 3686 2247 3720 cum
2271 3666 2433 3720 Goth.
2453 3668 2612 3720 Voss.
2641 3686 2701 3736 2,
2724 3670 2856 3724 Obr.

1841 3748 1906 3799 P.
1947 3748 2042 3821 qui
2084 3746 2171 3810 in,
2216 3744 2334 3797 Ald.
2380 3763 2503 3797 cum
2543 3744 2694 3798 editt.
2733 3758 2856 3799 ante

1841 3827 2009 3879 Stoer.
2043 3826 2107 3877 P.
2142 3826 2205 3877 tis
2236 3825 2331 3898 qui
2357 3826 2416 3877 t‘n
2443 3824 2650 3896 reliqui.
2684 3824 2860 3877 Indu-

1841 3913 2057 3969 cantur,
2088 3903 2289 3976 Gryph.
2319 3922 2440 3956 cum
2464 3917 2696 3976 posterr.
2736 3918 2862 3958 ante

1838 3983 1969 4036 Obr.
1994 3984 2239 4054 pessime.
2254 4013 2328 4023 —
2344 3986 2426 4036 De
2447 3982 2654 4036 malent
2669 3983 2854 4036 endem

1840 4064 2025 4114 nostri.
2046 4060 2348 4114 Iidemcum
2370 4060 2454 4126 in,
2473 4079 2587 4113 exc.
2602 4060 2740 4113 Van.
2762 4060 2858 4113 lib.

1841 4161 1871 4195 a
1896 4159 2003 4194 sec.
2029 4158 2189 4191 manu
2213 4138 2368 4191 valde
2392 4141 2618 4205 recenti,
2649 4140 2742 4211 qui
2765 4137 2858 4189 dat

1839 4218 1934 4291 qui
1960 4218 2043 4284 in,
2074 4229 2128 4270 et
2154 4218 2219 4269 R.
2245 4234 2305 4288 7,
2335 4219 2428 4287 qui
2451 4228 2596 4282 tum,
2624 4234 2745 4269 cum
2779 4218 2852 4267 iu.
