3200 5159
750 426 829 499 24

1310 432 1403 495 M.
1445 433 1672 497 FABu
1709 433 2261 516 QUINTlLlANl

748 548 869 636 do,
898 550 1100 639 ratio,
1125 572 1222 643 et,
1249 576 1324 625 ut
1351 569 1367 599 ¹
1396 556 1611 628 semel
1639 557 1899 650 dicam,
1924 559 2176 658 pariter
2198 559 2467 649 omnia,
2494 572 2523 604 ²
2543 559 2794 631 docent
2814 612 2832 630 .

743 663 813 734 in
850 664 1145 738 lectione
1181 669 1432 741 certius
1454 670 1841 771 judicium,
1871 674 2061 773 quod
2100 672 2458 747 audienti3
2499 676 2837 772 frequen-

744 795 849 849 ter
874 802 995 851 aut
1022 808 1187 852 suus
1216 783 1517 883 cuique4
1545 788 1766 878 favor,
1800 809 1920 861 aut
1952 790 2068 862 ille
2101 789 2543 861 laudantium
2572 789 2838 878 clamor

644 905 705 958 18
744 913 1106 993 extorquet
1127 895 1155 940 ⁵
1183 924 1197 965 :
1244 900 1462 997 pudet
1510 901 1703 972 enim
1753 903 2105 976 dissentire
2125 960 2145 993 ‚
2195 924 2261 976 et
2311 904 2545 976 ⁶velut
2588 920 2614 964 7
2633 902 2839 975 tacita

744 1010 1053 1108 quadam
1116 1015 1535 1088 verecundia
1591 1018 1994 1093 inhibemur
2051 1021 2211 1119 plus
2266 1021 2466 1094 nobis
2517 1019 2836 1109 credere,

744 1153 967 1221 quum
1002 1127 1288 1200 interim
1323 1151 1390 1201 et
1418 1132 1704 1240 vitiosa⁸
1737 1135 2055 1233 pluribus
2095 1137 2415 1236 placeant
2433 1150 2487 1224 9,
2520 1157 2586 1208 et
2613 1163 2656 1206 a
2683 1160 2838 1206 cor-

644 1269 708 1323 ¹9
743 1244 991 1340 rogatis
1022 1242 1401 1356 laudentur
1424 1248 1634 1319 etiam
1665 1278 1820 1350 quae
1850 1279 1991 1323 non
2022 1252 2318 1351 placent.
2344 1250 2479 1323 Sed
2507 1277 2543 1320 e
2569 1270 2838 1321 contra-

747 1354 847 1427 rio
899 1385 1180 1458 quoque
1228 1361 1511 1454 accidit,
1568 1385 1647 1436 ut
1705 1367 1964 1465 optime
2020 1367 2211 1439 dictis
2271 1366 2565 1464 gratiam
2634 1390 2839 1463 prava

820 1554 864 1587 1.
884 1538 984 1602 Et,
1005 1550 1079 1589 ut.
1108 1539 1304 1604 Canna,
1329 1554 1427 1608 est,
1453 1545 1648 1597 omisso
1676 1556 1750 1597 ut.

817 1634 867 1667 2.
913 1618 1130 1668 Doceat.
1174 1621 1365 1686 Caua,
1408 1622 1584 1689 docet,
1630 1643 1752 1675 cum

745 1695 974 1748 Gothan.
1010 1698 1200 1768 (Vena.
1240 1719 1297 1767 2,
1330 1717 1588 1754 nostrum.
1620 1704 1752 1756 Vide

745 1775 790 1847 §.
826 1775 937 1846 15).
966 1778 1148 1830 Locat.
1178 1777 1313 1848 (err.
1341 1784 1513 1833 Burm.
1533 1783 1554 1854 )
1578 1803 1750 1855 eoque

742 1856 1127 1909 recentioribus
1165 1873 1286 1912 ante
1320 1861 1466 1912 Leid.
1504 1864 1747 1916 Pessime.

739 1931 979 1986 -Solus
1002 1937 1063 1986 R.
1095 1955 1159 2006 9,
1183 1939 1344 1990 docet.
1373 1942 1462 1991 En.

827 2012 878 2065 3.
924 2015 1190 2068 Audientt'.
1234 2017 1440 2082 Turio„
1480 2022 1746 2075 audiendi.

744 2092 877 2144 Vide
902 2094 988 2160 IV,
1015 2095 1075 2160 5,
1100 2096 1284 2164 6;V1‚
1306 2101 1370 2162 3,
1398 2118 1480 2152 πο.

816 2172 866 2238 4.
902 2176 1114 2246 Cuique.
1145 2176 1306 2230 Cute.
1338 2180 1498 2232 Goth.
1529 2183 1749 2235 Jenson.

744 2253 883 2322 (tac.
913 2254 1111 2327 Gesn.)
1137 2261 1386 2331 cujusque
1404 2299 1419 2320 ,
1452 2279 1572 2312 cum
1603 2260 1750 2313 editt.

746 2346 869 2385 ante
894 2335 1049 2387 Basil.
1067 2366 1133 2374 -—
1152 2337 1348 2390 Eadem
1375 2343 1557 2392 nostri.
1585 2342 1678 2392 En.

817 2412 867 2465 5.
898 2416 1193 2487 Extorquet.
1226 2416 1285 2468 ld
1318 2430 1423 2482 est,
1458 2420 1656 2482 aufert,
1686 2439 1755 2472 ne

747 2493 865 2561 quis
884 2493 1259 2564 interpretetur
1281 2517 1304 2541 α
1319 2508 1518 2547 certum
1536 2497 1754 2568 aliquod

752 2595 776 2619 a
790 2569 1050 2641 judicium
1092 2571 1310 2625 reddere
1350 2573 1573 2644 adigit..
1618 2575 1752 2627 Vide

744 2654 836 2717 lv,
865 2649 926 2717 5,
953 2652 1004 2703 6.
1038 2651 1286 2703 Jucunda
1313 2667 1489 2705 autem
1519 2668 1597 2707 est
1628 2657 1753 2707 Hie·

744 2733 953 2804 ronymi
977 2732 1205 2783 narratio
1232 2749 1261 2782 a
1285 2732 1522 2785 Gesnero
1546 2737 1721 2805 posita
1738 2771 1754 2799 ,

745 2829 923 2881 neque
938 2812 1130 2862 uostris
1145 2809 1430 2863 lectoribus
1450 2811 1750 2864 invidenda.

744 2893 911 2962 Epist.
943 2890 1011 2942 ad
1034 2891 1393 2962 Nepotianum
1416 2891 1484 2943 de
1506 2895 1611 2944 vita
1632 2891 1754 2945 Cle-

748 2971 977 3021 ricorum
991 2967 1086 3019 fol.
1111 2968 1201 3034 16,
1220 2967 1274 3020 b.
1297 2970 1511 3021 Erasini.
1527 2968 1646 3021 vol.
1666 2971 1754 3036 lv,

749 3049 800 3114 1,
821 3067 875 3118 p.
914 3047 1033 3098 262.
1063 3046 1158 3097 Ed.
1190 3046 1380 3099 Bened.
1417 3070 1439 3093 α
1460 3050 1757 3118 Praeceptor

756 3149 778 3173 a
800 3123 1071 3197 quondam
1105 3143 1287 3191 meus,
1323 3124 1606 3195 Gregorius
1646 3127 1756 3177 Na·

757 3227 779 3251 κ
798 3206 1099 3268 ziauzenus,
1126 3218 1340 3275 rogatus
1368 3223 1399 3255 a
1436 3223 1550 3269 me,
1579 3216 1638 3255 ut
1666 3223 1759 3254 ex-

758 3308 779 3332 «
799 3298 1050 3357 poneret,
1076 3284 1202 3356 quid
1227 3284 1326 3337 sibi
1349 3283 1507 3335 vellet
1534 3287 1587 3335 in
1615 3285 1758 3336 Luca

755 3387 779 3411 α
796 3363 1123 3418 Sabbathum
1145 3360 1531 3433 ἒιυτορὸπρωτον,
1553 3362 1762 3432 elegan-

756 3466 780 3490 ι
802 3456 882 3495 ter
914 3444 1065 3509 lusit,
1105 3444 1327 3496 Docebo
1369 3456 1448 3508 te,
1485 3445 1756 3513 inquiens,

757 3546 779 3574 ιι
800 3542 959 3595 super
988 3522 1091 3574 hae
1120 3541 1176 3573 re
1202 3521 1539 3590 infecclesiffi
1565 3522 1622 3571 in
1651 3538 1757 3591 qua

755 3626 777 3650 e«
798 3602 928 3654 mihi
969 3604 1113 3654 omni
1154 3598 1357 3674 populo
1400 3600 1724 3651 acclamante
1740 3635 1758 3664 ,

754 3706 777 3727 a
798 3683 1002 3752 cogeris
1022 3682 1216 3732 invitus
1237 3682 1368 3732 scire
1389 3678 1533 3749 quod
1556 3680 1753 3731 nescis:

756 3787 778 3806 a
798 3775 890 3813 aut
918 3774 1061 3814 certe
1085 3763 1129 3813 si
1157 3759 1301 3812 solus
1330 3760 1581 3823 tacueris,
1611 3757 1757 3809 solus

755 3861 777 3886 ι
799 3841 865 3892 ab
896 3840 1141 3892 omnibus
1168 3840 1397 3892 stultitiae
1434 3837 1758 3890 condemna-

754 3945 776 3969 α
795 3919 947 3971 beris.
980 3917 1123 3970 Nihil
1155 3933 1259 3969 tam
1289 3918 1471 3984 facile,
1494 3934 1653 3989 quam
1679 3918 1752 3967 vi·

754 4022 776 4044 α
796 3999 900 4050 lem
919 3996 1251 4069 plebeculam
1272 4011 1325 4049 et
1342 3996 1612 4048 indoctam
1631 4014 1755 4048 con·

755 4097 777 4123 ι
798 4079 1005 4128 cionem
1033 4076 1224 4148 liuguae
1250 4075 1580 4127 volubilitate
1609 4073 1756 4127 deci-

757 4180 778 4202 «
797 4174 955 4228 pere,-
971 4175 1086 4228 quae
1109 4155 1360 4229 quidquid
1384 4174 1493 4207 non
1512 4155 1757 4228 intelligit

1838 1569 1861 1592 σι
1884 1545 2002 1615 plus
2033 1546 2267 1598 miratur.
2289 1570 2312 1594 ιο
2350 1543 2700 1596 Laudantium
2728 1540 2839 1592 cla-

1833 1642 2025 1675 morem
2060 1625 2178 1676 vide
2206 1624 2275 1675 ad
2302 1626 2390 1687 lv,
2419 1641 2477 1686 2,
2502 1622 2590 1691 37,
2613 1619 2703 1670 ubi
2726 1637 2838 1671 cor·-

1833 1714 2035 1776 roqatos
2056 1703 2125 1754 ad
2149 1702 2471 1755 laudandum
2495 1701 2728 1752 invenies
2751 1701 2840 1769 ip-

1832 1801 1920 1835 sos
1934 1785 1987 1835 in
2008 1782 2249 1854 disposita
2268 1782 2336 1834 ad
2355 1780 2636 1833 clamorem
2658 1775 2842 1829 multi-

1833 1861 2028 1914 tudine.
2043 1862 2120 1912 De
2137 1861 2304 1912 hocce
2319 1872 2495 1912 autem
2507 1857 2840 1909 recitantium

1833 1940 2031 1992 ambitu
2047 1940 2182 1992 bene
2206 1938 2292 1990 hie
2317 1938 2533 2008 exponit
2551 1933 2842 1986 Landside·

1831 2019 1931 2071 lius
1956 2038 1985 2070 e
2018 2019 2167 2070 Plinii
2193 2020 2416 2070 maxime
2452 2019 2605 2087 epist.
2633 2017 2704 2079 11,
2747 2014 2839 2079 143

1830 2102 1956 2152 item
1984 2098 2222 2151 Juvenal.
2249 2102 2299 2163 1,
2325 2100 2436 2149 init.
2464 2099 2642 2148 Horat.
2673 2095 2841 2165 Epist.

1833 2181 1909 2244 Π,
1945 2200 2004 2245 a,
2036 2180 2125 2248 67,
2160 2178 2263 2242 68;
2299 2175 2573 2231 Claudian.
2621 2176 2716 2243 74,
2763 2190 2843 2243 17,

1841 2259 1929 2318 18;
1951 2256 2032 2310 ed.
2054 2259 2212 2309 Gesu.
2235 2254 2461 2308 Martial.
2477 2254 2689 2325 passim.
2705 2250 2842 2303 Vide

1833 2336 2017 2403 Quint.
2043 2337 2143 2400 XI,
2168 2337 2233 2400 3,
2264 2351 2377 2385 121.

1905 2414 1955 2466 6.
1987 2414 2158 2468 Velut.
2188 2414 2366 2465 Turic.
2397 2411 2536 2464 Flor.
2566 2407 2842 2463 Guelferb.

1834 2497 2025 2561 Caum,
2051 2494 2214 2559 illud,
2238 2512 2358 2545 cum
2383 2492 2544 2543 Goth.
2573 2489 2720 2540 Bodl.
2750 2490 2845 2539 Al-

1832 2572 1953 2625 mel.
1984 2576 2137 2625 Voss.
2166 2579 2224 2633 f,
2251 2586 2301 2623 et
2332 2568 2451 2622 edd.
2481 2582 2602 2621 aute
2626 2566 2842 2618 Aldum.

1832 2653 1913 2704 Ab
1929 2652 2061 2718 iuis,
2081 2651 2200 2704 Ald.
2220 2650 2327 2702 Bad
2346 2662 2566 2721 uterque
2582 2667 2646 2699 ex
2661 2664 2845 2698 emen-

1833 2731 2048 2784 datione
2087 2734 2251 2802 Regii.
2295 2732 2550 2782 Nostrum
2592 2730 2645 2778 in
2684 2725 2840 2777 Basil.

1834 2814 2033 2883 prima,
2071 2810 2140 2862 de
2180 2807 2474 2871 Phanium,
2509 2821 2674 2878 puto,
2713 2823 2846 2856 cou-

1827 2893 2033 2962 Jectura
2052 2892 2334 2942 verissima.
2355 2889 2483 2939 Mox
2503 2887 2552 2954 §.
2579 2903 2664 2953 ¹9,
2681 2883 2844 2950 Pion,

1833 2982 1886 3023 et
1913 2972 2084 3024 velud.

1906 3069 1955 3120 7.
2005 3051 2202 3103 Tacita.
2246 3049 2423 3100 Turic.
2467 3044 2637 3110 Flor.‚
2675 3055 2842 3096 tanta.

1837 3129 1971 3181 Vide
1990 3131 2090 3194 ΙΧ,
2109 3130 2170 3196 4,
2194 3126 2530 3178 13.—-Nostri
2553 3141 2739 3175 omnes
2762 3134 2845 3174 ta-

1837 3211 1955 3262 cita.
1985 3213 2075 3261 Eu.

1909 3288 1960 3340 8.
1995 3287 2192 3339 Vitiosa
2218 3284 2467 3356 pluribus.
2491 3282 2846 3334 Conferantur

1837 3366 1949 3419 haec
1981 3364 2049 3417 ad
2077 3369 2127 3429 1,
2157 3365 2217 3429 6,
2246 3363 2332 3430 44.
2361 3359 2582 3424 Interim
2611 3360 2700 3411 hic
2730 3361 2844 3429 qui·

1837 3445 1959 3498 dem
1978 3465 2086 3498 non
2104 3457 2182 3496 est
2202 3461 2297 3515 pro
2318 3440 2579 3494 interdum
2592 3478 2610 3505 ,
2631 3439 2725 3492 sod
2744 3458 2843 3491 suo

1835 3526 2159 3595 significatu,
2185 3536 2236 3574 et
2266 3523 2414 3594 quasi
2440 3520 2619 3572 valens
2650 3530 2842 3569 tamen.

1916 3623 1967 3674 9.
2000 3602 2309 3661 Placeaat...
2343 3600 2639 3653 laudenutr.
2664 3601 2846 3652 Turic.

1835 3681 1975 3735 Flor.
1999 3682 2174 3734 Guelf.
2198 3683 2391 3745 Caum,
2411 3677 2639 3750 placent.
2657 3716 2670 3730 .
2685 3718 2697 3729 .
2727 3676 2846 3730 Iau-

1837 3757 2192 3827 dantur,‘cum
2206 3760 2367 3813 Goth.
2383 3764 2537 3811 Voss.
2558 3777 2585 3811 2
2601 3797 2618 3824 ‚
2643 3772 2695 3809 et
2720 3757 2841 3811 edd.

1838 3855 1960 3894 ante
1985 3841 2101 3893 Ald.
2127 3843 2366 3892 Correxit
2383 3841 2592 3909 Regius.
2613 3841 2672 3891 In
2695 3840 2736 3890 F
2739 3837 2839 3889 lor.

1833 3936 2007 3973 tamen
2051 3918 2193 3972 [atad.
2241 3938 2353 3971 non
2393 3931 2743 3982 memoratur,
2785 3917 2843 3967 in

1829 4000 2007 4052 Turic.
2035 4017 2064 4049 a
2090 4018 2170 4070 pr.
2196 4016 2355 4050 manu
2385 3996 2657 4062 laudetur,
2685 3996 2850 4047 vesti·

1831 4080 1974 4149 gium
1986 4072 2844 4147 veri.—Nostriomnesplaoent...

1834 4157 2135 4211 laudantur.
2161 4157 2256 4209 En.
