3200 5159
674 481 1332 551 INSTITUTIONIS
1368 481 1626 548 ORAT.
1667 484 1829 549 LIB.
1870 485 2030 563 xli,
2077 509 2174 551 ιο.

2349 489 2468 552 521

372 629 511 703 que
531 619 549 651 ¹
578 605 716 678 illis
741 607 1012 704 legibus
1041 606 1537 705 insequebatur
1555 619 1620 694 ²;
1640 606 1830 678 unde
1850 634 2042 679 nunc
2065 635 2346 707 quoque
2361 608 2482 680 ari·
2520 619 2584 674 15

376 717 489 813 di,
520 744 589 796 et
607 723 875 796 exsucei
891 721 947 812 ³,
966 743 1034 794 et
1052 749 1437 822 exsangues
1462 750 1476 794 :
1507 723 1582 795 hi
1603 743 1767 796 sunt
1791 724 1985 796 enim
2002 782 2021 815 ,
2043 724 2165 824 qui
2184 751 2323 796 suae
2348 724 2484 797 im-

376 834 772 912 becillitati‘*
791 837 1093 912 sanitatis
1113 837 1687 938 appellationem,
1706 866 1862 937 quae
1889 861 1991 912 est
2008 840 2310 914 maxime
2331 867 2488 913 con·

377 1038 537 1097 ptura
569 1025 734 1080 Cnn’.
773 1046 804 1080 a
840 1047 944 1101 qua
976 1028 1159 1081 leviter
1188 1028 1389 1082 recedit

377 1105 680 1177 corruptela
702 1119 1061 1172 vetustorum,
1090 1108 1216 1160 satis
1241 1127 1386 1160 com·

376 1183 540 1237 moda
570 1187 680 1238 visa
717 1199 798 1239 est
835 1185 989 1257 (vide
1019 1188 1121 1254 IX,
1154 1188 1217 1256 4,
1248 1188 1384 1257 16)=

375 1263 502 1317 inde
535 1278 713 1319 autem
740 1269 1062 1339 conjecturis
1096 1281 1148 1321 et
1182 1267 1388 1322 mendis

375 1356 637 1396 concretae
704 1343 1028 1416 reliquorum
1094 1348 1382 1417 scripturae.

372 1421 502 1474 Non
522 1424 749 1476 multum
785 1438 962 1477 autem
991 1444 1315 1499 repugnem,
1344 1429 1386 1479 si

377 1499 498 1571 quis
524 1513 576 1553 et
596 1502 721 1555 inde
743 1516 1012 1575 sumptum
1045 1518 1166 1556 ante
1190 1522 1384 1576 parum

377 1580 609 1633 inserere
635 1577 791 1645 velit;
822 1599 1144 1654 quamquam
1180 1584 1292 1635 siue
1323 1602 1388 1635 eo

380 1661 656 1729 sequentia
679 1661 1012 1715 commodius
1032 1663 1257 1714 fortasse
1272 1664 1391 1714 voci

379 1735 681 1811 alienigena
713 1740 936 1794 ulterius
961 1742 1282 1813 explicandae
1305 1743 1390 1794 iu-

383 1819 629 1871 serviunt.
662 1818 761 1873 Sed
785 1838 972 1873 vocem
1002 1839 1119 1873 eum
1153 1816 1389 1874 indidem

384 1897 711 1970 exsculptam
758 1902 1118 1971 acceptiorem
1162 1899 1391 1955 fortasse

381 1975 678 2048 legentibus
712 1978 934 2032 wedam.
964 1981 1097 2048 Quae
1126 1982 1304 2033 omnia
1333 1994 1393 2032 ut

384 2056 586 2108 incerta
607 2055 693 2108 hic
711 2075 913 2128 ponere
933 2058 1113 2110 malui.
1134 2060 1194 2110 In
1217 2076 1280 2111 ea
1302 2077 1393 2111 au·

382 2147 492 2185 tem
530 2136 735 2187 ratione
773 2154 931 2208 quam
968 2137 1303 2189 Burmannus
1342 2150 1395 2189 et

385 2211 654 2264 Gesnerus
691 2213 1093 2280 commendant,
1129 2224 1182 2266 et
1202 2232 1394 2286 parum

386 2291 794 2362 superstitiosum
806 2332 826 2360 ‚
844 2292 981 2346 bene
1000 2292 1213 2365 quidem
1234 2292 1398 2346 habet

388 2372 778 2441 superstitionis
803 2373 1002 2423 mentio
1033 2369 1187 2440 (vide
1210 2371 1300 2437 IV,
1331 2388 1360 2423 2
1378 2408 1397 2436 ,

390 2447 492 2513 853
522 2450 623 2516 lx,
651 2450 715 2518 4,
747 2450 866 2522 25),
904 2447 998 2504 sed
1033 2450 1298 2523 discrepat
1327 2451 1395 2503 ab

388 2546 491 2581 usu
514 2546 616 2583 vox
635 2549 825 2602 parum
841 2570 859 2597 ,
891 2549 1005 2602 quae
1034 2548 1141 2584 non
1164 2532 1286 2584 satis
1310 2549 1396 2583 va-

388 2607 504 2663 lens
518 2647 535 2677 ,
553 2610 727 2663 verbis
751 2628 935 2664 sensus
954 2609 1231 2663 deterioris
1245 2612 1400 2683 jungi

389 2706 501 2741 non
524 2703 704 2761 potest
718 2728 735 2756 ‚
758 2692 859 2742 nisi
882 2708 979 2761 per
1001 2691 1226 2743 ironiam
1240 2728 1257 2756 ‚
1284 2689 1398 2761 quae

391 2761 481 2817 hic
504 2783 613 2818 non
636 2766 889 2839 placeret.
914 2797 987 2806 ——
1007 2768 1398 2842 Alieniqemam.

393 2844 456 2898 ld
478 2857 585 2913 est,
609 2866 719 2899 non
742 2850 960 2900 atticum
985 2862 1036 2901 et
1063 2862 1267 2901 tantum
1292 2869 1401 2902 non

392 2923 912 2989 hahenaim—Illis,
924 2925 978 2977 id
993 2941 1070 2979 est
1085 2965 1102 2992 ,
1113 2928 1283 2978 atticae
1299 2924 1406 2979 elo·

396 3005 638 3075 quentin.
656 3004 737 3056 De
755 3003 953 3056 caeteris
969 3002 1204 3076 hujus-et
1223 3023 1333 3077 seq.
1353 3004 1403 3071 S.

395 3080 531 3133 Vide
553 3094 666 3135 not.
698 3101 845 3155 seqq.

479 3180 499 3215 ι
511 3202 523 3214 .
540 3161 977 3234 Devius-tumque.
994 3160 1156 3214 Goth.
1175 3160 1406 3232 (tacente

394 3242 611 3314 Gesn.)‚
625 3240 1018 3314 devictumque,
1038 3260 1163 3293 cum
1178 3243 1332 3293 Voss.
1359 3258 1404 3307 1,

397 3320 753 3377 3.--Eadem
777 3323 959 3374 nostri.
989 3323 1083 3373 En.
1122 3337 1129 3346 ’

474 3424 523 3458 a.
547 3404 933 3476 [insequebatur.
962 3404 1137 3468 Jens.,
1169 3403 1408 3476 inseque-

398 3485 606 3551 bantur,
621 3496 673 3536 et
688 3481 807 3535 edd.
825 3496 1051 3554 posterr.
1070 3495 1192 3534 ante
1204 3480 1404 3555 Gryph.

407 3562 572 3629 1544,
611 3560 754 3634 quod
792 3580 821 3613 a
857 3560 1095 3613 Gesnero
1133 3558 1410 3612 laudatum

401 3641 543 3713 (vide
564 3639 776 3694 Ruhnk.
808 3639 877 3693 ad
902 3637 1061 3693 Rutu.
1087 3640 1221 3711 Lup.
1255 3641 1329 3706 11,
1361 3640 1411 3713 1)

401 3723 447 3775 si
471 3722 652 3793 scripti
684 3723 842 3773 etiam
869 3719 1107 3786 tradant,
1136 3737 1293 3772 nemo
1322 3738 1408 3771 re-

401 3799 602 3873 pudiet.
620 3829 690 3840 —
705 3800 885 3853 Nostri
904 3817 1087 3852 omnes
1102 3797 1271 3851 Codd.
1284 3836 1301 3865 ,
1325 3800 1410 3850 in-

400 3880 715 3953 sequebatur.
745 3880 839 3931 En.

477 3954 970 4024 31Exsucci.1²10r.,
990 3957 1172 4009 exsuti.
1190 3955 1339 4008 Voss.
1365 3972 1411 4021 t,

404 4039 615 4090 exsucti.
631 4040 816 4104 Caum,
831 4039 1028 4090 exacci.
1052 4038 1218 4100 Jens.,
1232 4038 1409 4104 exuci,

408 4128 462 4166 et
494 4113 597 4167 alii.
629 4145 701 4155 —
727 4117 1108 4180 Buttmannus,
1151 4117 1242 4187 qui
1283 4114 1410 4167 alias

390 4196 670 4262 exstamus,
696 4197 968 4269 exsanquis
992 4194 1220 4248 scribere
1243 4193 1380 4248 solet
1396 4231 1411 4259 ,

1466 1029 1555 1083 hic
1569 1030 1753 1084 exucci
1761 1070 1781 1096 ,
1798 1049 2076 1104 exanques,
2096 1051 2119 1083 s
2134 1050 2243 1084 non
2259 1033 2453 1084 inserta
2465 1069 2483 1096 ,

1465 1112 1522 1163 in
1567 1110 1801 1163 editione
1842 1129 1937 1162 sua
1981 1113 2265 1183 scripserat
2285 1149 2301 1174 ,
2343 1109 2488 1182 Spal-

1467 1188 1649 1260 dingio
1669 1189 1850 1242 hocin
1872 1188 2084 1241 schedis
2098 1189 2310 1262 jubenti
2330 1188 2483 1242 obse·

1467 1286 1655 1340 quens.
1709 1269 1822 1320 Nos
1854 1287 2010 1333 vero,
2050 1287 2208 1341 quam
2247 1267 2483 1340 pretuli-

1466 1366 1584 1399 mus
1602 1367 1710 1400 nou
1729 1350 1840 1401 sine
1854 1346 2080 1417 judicio,
2097 1346 2483 1418 orthographiae

1467 1430 1726 1480 rationem
1769 1426 1857 1480 hic
1897 1443 2113 1500 quoque
2152 1445 2361 1480 servare
2387 1426 2483 1479 de-

1471 1506 1703 1559 buimus.
1734 1507 1830 1558 En.

1543 1585 1596 1653 4.
1622 1584 2045 1638 Imbecillitati...
2071 1584 2316 1638 maxime.
2333 1584 2485 1653 Quo-

1472 1676 1590 1710 rum
1616 1657 1738 1709 loco
1754 1656 1847 1709 dat
1865 1657 2236 1710 imbecillitatis
2252 1675 2364 1709 san.
2385 1673 2485 1727 ap·-

1468 1736 1764 1809 pellatione
1789 1755 1907 1810 quoe
1931 1755 1996 1789 ex
2017 1756 2160 1789 max.
2180 1736 2358 1790 Guelf.
2390 1735 2487 1788 ob-

1474 1815 2019 1889 tendant('1'uricens.
2047 1816 2358 1890 optendunt)
2393 1818 2488 1891 qui
2595 1853 2602 1862 .

1474 1900 1622 1970 quia,
1636 1900 1815 1950 Turio.
1831 1897 1972 1950 Flor.
1993 1897 2172 1950 Guelf.
2193 1899 2316 1950 Exc.
2341 1896 2485 1949 Sant.

1473 1977 1638 2029 Cnn».
1659 1974 1825 2029 Goth.
1843 1978 1987 2029 Jens.
2008 1974 2133 2045 (tac.
2160 1973 2347 2045 Gesn.)
2365 1992 2489 2025 cum

1474 2055 1630 2106 Bern.
1653 2068 1706 2107 et
1730 2053 1852 2106 edd.
1880 2068 2003 2106 ante
2023 2056 2191 2107 Stoer.
2213 2051 2354 2104 unde
2380 2070 2489 2104 non

1477 2131 1699 2184 dubium
1751 2146 1970 2185 caeteros
2022 2134 2180 2184 etiam
2226 2130 2451 2184 Codices
2473 2169 2490 2197 ‚

1480 2232 1616 2285 quos
1635 2214 1968 2265 Burmannus
1993 2212 2214 2284 perinde
2239 2226 2297 2264 ut
2318 2212 2488 2264 editos

1479 2305 1624 2345 tacet
1638 2331 1654 2359 ‚
1701 2294 1776 2345 ita
1822 2291 2089 2345 exhibere.
2136 2291 2345 2363 Reliqui
2364 2329 2382 2357 ,
2427 2310 2492 2344 ex

1479 2373 1661 2425 nescio
1705 2376 1859 2444 cujus
1899 2371 2115 2423 arbitrio
2132 2409 2149 2437 ‚
2197 2370 2375 2422 locum
2418 2371 2491 2421 ita

1479 2452 1838 2518 constituunt,
1862 2462 1922 2502 ut
1945 2451 2140 2502 omisso
2161 2451 2280 2522 qui,
2306 2463 2357 2501 et
2378 2467 2493 2501 ver-

1478 2529 1560 2581 bis
1583 2528 1641 2581 Ιιί
1651 2539 1775 2581 sunt
1786 2529 1985 2581 enim...
2002 2528 2286 2580 obtendant
2299 2546 2493 2599 paren-

1480 2607 1693 2663 theseos
1717 2608 1868 2678 signo
1892 2607 2139 2673 inclusis,
2162 2606 2384 2659 verbum
2405 2606 2495 2659 de-

1482 2687 1726 2740 litescunt
1738 2706 1799 2740 ex
1816 2684 2178 2758 superioribus
2188 2684 2339 2737 Unde
2353 2704 2494 2737 nunc

1482 2784 1691 2841 quoque
1708 2766 1874 2832 aridi,
1898 2778 2002 2818 etc.
2023 2763 2256 2837 pendere
2279 2765 2491 2816 faciant.
2555 2813 2560 2817 .

1482 2848 1590 2916 Qui
1629 2865 1739 2898 non
1775 2844 2262 2899 animadverterunt
2293 2843 2494 2895 nullam

1485 2930 1540 2978 in
1559 2927 1641 2979 his
1662 2945 1778 2980 esse
1796 2926 2023 2996 logicam
2040 2925 2491 2978 consecutionem.

1491 3029 1514 3053 ι
1531 3005 1674 3060 Olim
1716 3006 1877 3058 Attici
1918 3007 2008 3075 qui
2049 3003 2149 3056 sibi
2181 3002 2497 3056 videbantur

1492 3108 1515 3132 ι
1533 3084 1846 3136 Ciceronem
1873 3082 2321 3156 insequebantur:
2354 3079 2495 3135 unde

1494 3185 1516 3210 ι.
1538 3181 1682 3215 nunc
1708 3180 1924 3234 quoque
1945 3161 2077 3214 aridi
2101 3175 2339 3214 oratores
2363 3162 2497 3214 Atti·

1492 3265 1515 3290 α
1536 3261 1722 3294 corum
1738 3244 1952 3293 nomine
1967 3260 2024 3294 se
2038 3253 2295 3292 tutantur.
2315 3263 2336 3288 a·
2357 3242 2504 3292 Nam.

1486 3322 1693 3374 Atticos
1712 3320 1930 3373 indicari
1949 3319 2054 3373 hoc
2074 3338 2268 3395 maqno
2288 3321 2501 3372 nomine

1486 3399 1629 3471 (vide
1650 3418 1678 3450 α
1690 3416 1735 3466 t,
1754 3400 1844 3472 26)
1863 3413 1915 3451 et
1932 3399 2009 3452 illi
2025 3397 2298 3463 viderunt;
2323 3417 2498 3471 neque

1488 3481 1543 3531 in
1563 3477 1875 3531 Ciceronem
1899 3475 2081 3549 (quem
2107 3480 2239 3530 ratio
2265 3496 2391 3530 sane
2415 3478 2499 3530 lo-

1488 3561 1603 3630 gica
1627 3556 1876 3629 requirit)
1896 3561 2173 3630 quisquam
2200 3557 2303 3610 hoc
2323 3572 2500 3629 cogat.

1488 3638 1554 3689 Et
1578 3639 1666 3689 fac
1692 3635 1760 3689 ad
1787 3637 2099 3690 Ciceronem
2121 3636 2233 3689 haec
2259 3656 2502 3708 quocun·

1492 3734 1595 3789 que
1616 3716 1776 3768 modo
1799 3715 2045 3779 redeant3
2072 3716 2344 3787 quomodo
2372 3713 2501 3770 «Ci-

1497 3817 1520 3842 α
1541 3787 1665 3847 cero
1708 3797 1822 3866 ipse
1868 3793 2200 3867 responderit
2235 3793 2369 3859 illis,
2410 3797 2502 3866 qui

1497 3898 1520 3922 ι
1542 3893 1688 3927 nunc
1730 3892 1944 3946 quoque
1964 3897 1987 3920 ιι
2023 3881 2157 3926 'eum
2191 3873 2503 3926 incessunt?

1493 3953 1594 4006 Sed
1622 3951 1777 4006 aridis
1806 3953 1907 4005 illis
1937 3953 2173 4004 omnium
2198 3963 2499 4023 temporum

1491 4032 1906 4105 pseudo-Atticis
1927 4030 2265 4103 respondisse
2285 4029 2386 4083 dici
2412 4050 2503 4103 po-

1494 4124 1611 4164 test.
1627 4110 1832 4164 Reduxi
1859 4112 2018 4180 igitur
2037 4113 2375 4181 antiquam'et
2396 4129 2504 4161 om-

1491 4196 1640 4246 nium
1663 4191 1923 4247 Codicum
1947 4193 2289 4266 scripturam,
2317 4193 2371 4244 in
2397 4209 2504 4263 qua
