3200 5159
834 506 955 572 138

1392 507 1488 570 M.
1527 506 1756 571 FABn
1792 506 2351 589 Qnm‘rmAm

822 649 1348 719 consumantur,
1374 649 1444 701 et
1476 628 1547 699 in
1577 629 1932 702 silentium
1968 656 2191 730 usque
2234 629 2659 723 descendant
2701 629 2924 703 nimia

818 744 998 818 bene
1035 744 1312 817 (licendi
1353 744 1773 844 cupiditate:
1811 772 1954 845 qua
1992 745 2078 817 (le
2122 771 2192 818 re
2237 746 2532 818 memini
2574 760 2929 818 'narrasse

821 860 997 932 mihi
1015 861 1057 931 J
1066 860 1290 932 ulium
1308 873 1335 905 ²
1352 861 1755 934 Secundum
1784 861 1987 933 illum
2005 918 2027 952 ‚
2049 861 2392 962 aequalem
2416 888 2658 934 meum
2677 918 2697 951 ‚
2719 881 2929 958 atque

821 1002 864 1045 a
898 1002 1052 1066 me,
1093 997 1170 1048 ut
1217 997 1470 1048 notum
1516 998 1654 1065 est,
1690 975 2124 1048 familiariter
2154 999 2505 1066 amatum,
2538 974 2783 1049 mire-²⁵
2817 976 2930 1046 fa-

820 1090 1092 1163 cundiae
1125 1091 1352 1163 virum
1373 1148 1393 1182 ‚
1424 1092 1719 1163 infinitae
1752 1111 1993 1164 tamen
2027 1119 2246 1181 curae,
2276 1093 2449 1192 quid
2477 1089 2700 1165 esset4
2727 1089 2858 1164 sibi
2887 1116 2932 1163 a

720 1220 783 1274 13
821 1205 1116 1306 patruo⁵
1140 1234 1268 1279 suo
1296 1206 1590 1280 dictum.
1623 1209 1687 1280 is
1714 1208 1853 1280 fuit
1879 1209 1921 1279 J
1930 1206 2153 1281 ulius⁶
2182 1208 2429 1281 Florus
2448 1264 2470 1299 ,
2498 1208 2572 1280 in
2598 1207 2932 1307 eloquen-

898 1384 944 1419 ι.
980 1367 1207 1420 Memini
1239 1386 1486 1421 narrasse.
1526 1391 1550 1416 α
1571 1368 1658 1422 Ob
1689 1368 1834 1422 hunc
1913 1369 2131 1442 liqueat.
2156 1370 2241 1425 sic
2266 1373 2406 1424 enim
2429 1374 2701 1441 conjungo
2722 1383 2935 1422 senten-

827 1448 1048 1500 «locum
1071 1468 1192 1501 reor
1211 1448 1417 1500 vallam
1439 1449 1610 1502 ridere
1630 1469 1724 1503 eos
1744 1452 1837 1522 qui

826 1548 850 1573 α
871 1526 1091 1578 memini
1114 1545 1236 1579 cum
1260 1531 1506 1599 praesenti
1529 1530 1691 1581 modo
1712 1550 1838 1583 con-

826 1627 851 1652 ⁸
871 1606 1182 1658 struendum
1210 1620 1435 1678 putant:
1466 1627 1588 1660 cum
1616 1628 1723 1680 quo
1754 1622 1836 1660 ta-

824 1707 851 1732 ·
873 1704 996 1737 men
1035 1686 1220 1737 (Ποσει-ο
1261 1686 1372 1739 fere
1414 1691 1707 1738 construxit
1729 1709 1742 1739 ε
1786 1701 1840 1740 et

827 1786 851 1810 ιι
872 1766 1023 1816 Maro
1041 1783 1148 1816 non
1165 1784 1302 1818 raro.
1326 1790 1348 1814 ιο
1377 1764 1586 1818 Badius.
1605 1769 1687 1818 An
1704 1768 1841 1820 forte

822 1842 929 1895 tale
953 1842 1078 1914 quid
1115 1845 1169 1894 in
1202 1844 1384 1896 codice
1417 1847 1535 1916 ipso
1572 1844 1776 1898 allitum
1810 1865 1839 1898 a

821 1920 985 1974 vallae
1007 1924 1201 1974 manu?
1220 1926 1408 1993 Neque
1425 1926 1634 1976 enimin
1655 1925 1837 1995 Elegg.

822 2002 1052 2052 invenio.
1082 2001 1185 2054 Sed
1217 2015 1328 2053 tum
1361 2021 1469 2053 non
1500 2016 1615 2054 erat
1648 2003 1842 2055 Badius

822 2079 1061 2133 dicturus
1085 2103 1108 2127 α
1127 2100 1261 2133 reor.
1281 2104 1304 2128 ιο
1328 2083 1391 2132 Et
1418 2101 1543 2133 sane
1563 2100 1672 2134 non
1692 2083 1845 2135 deest

821 2160 967 2214 bona
982 2164 1138 2232 eopia
1157 2161 1523 2233 exemplorum
1537 2165 1594 2214 in
1611 2181 1673 2215 ea
1685 2200 1702 2230 ,
1719 2181 1847 2234 quo-

822 2240 887 2294 lis
909 2240 1025 2305 hic,
1051 2244 1470 2294 constructione.

896 2337 947 2372 a.
970 2320 1182 2373 lulium
1206 2320 1570 2375 Secundum...
1586 2320 1843 2393 familia·

823 2401 950 2452 riter
962 2414 1218 2454 amatum.
1242 2402 1418 2454 Turic.
1442 2402 1518 2451 nil
1534 2403 1636 2453 nisi
1657 2403 1846 2455 viu-oter·

823 2492 1095 2541 amatium
1127 2500 1156 2532 a
1186 2499 1290 2533 sec.
1324 2498 1486 2531 manu
1512 2480 1733 2532 viriliter
1750 2501 1841 2532 ar-

824 2570 1047 2611 matum.
1087 2560 1228 2613 Flor.
1264 2579 1296 2612 a
1330 2580 1411 2632 pr.
1448 2578 1608 2611 manu
1643 2573 1696 2613 et
1727 2563 1840 2632 ipse

827 2639 1018 2689 omittit
1046 2641 1222 2690 omnia
1246 2638 1386 2699 haec,
1411 2656 1533 2689 eum
1558 2638 1696 2690 Alm.

896 2716 948 2769 3.
970 2716 1408 2789 Miroefacundiae
1423 2717 1613 2769 virum.
1629 2718 1806 2771 Turio.
1822 2757 1839 2786 ‚

827 2794 1436 2867 mimfecunAEoefemm
1455 2817 1471 2856 ,-
1493 2815 1522 2847 a
1548 2815 1651 2849 sec.
1680 2816 1844 2850 manu

826 2875 964 2925 mira
975 2873 1242 2944 facundia
1267 2874 1451 2926 virum.
1473 2874 1706 2926 Florent.
1728 2875 1838 2928 duo

827 2965 1094 3023 postrema
1117 2951 1329 3016 itidem,
1356 2972 1386 3004 a
1413 2971 1493 3023 pr.
1520 2972 1700 3005 manu.

827 3030 949 3160 1²¹4.
981 3030 1119 3099 Quid
1143 3041 1280 3083 esset.
1310 3030 1471 3082 Goth.
1493 3070 1511 3100 ,
1535 3031 1680 3103 quod
1700 3043 1839 3085 esset.

889 3122 1024 3160 acet.

900 3188 948 3242 5.
986 3190 1196 3241 Patrue.
1220 3190 1397 3241 Turic.
1429 3190 1567 3242 Ποῖ.
1586 3228 1602 3255 ,
1634 3190 1847 3261 patrio,-

828 3286 858 3319 a
879 3287 985 3320 sec.
1007 3287 1166 3319 manu
1188 3269 1273 3320 ille
1291 3278 1441 3340 patre
1455 3307 1472 3334 ,
1491 3284 1543 3320 et
1559 3270 1633 3320 sie
1647 3270 1812 3321 Cain.
1826 3306 1844 3334 ,

824 3346 914 3400 hie
936 3363 1189 3400 nostrum.
1218 3349 1394 3400 Guelf.
1410 3387 1426 3412 ,
1446 3361 1689 3420 patmno.

897 3426 949 3478 6.
973 3428 1020 3478 Is
1021 3427 1139 3499 fuit
1149 3425 1330 3479 Julius
1346 3427 1542 3480 Florus.
1565 3450 1589 3474 α
1609 3427 1849 3499 Raphael

835 3529 860 3554 ι
879 3510 970 3578 qui
994 3526 1049 3559 se
1069 3508 1308 3561 codicem
1335 3509 1632 3561 vallensem
1653 3509 1845 3561 vidisse

835 3607 858 3635 ο
878 3588 1172 3640 dissimulat
1200 3625 1218 3652 ‚
1274 3608 1337 3641 ex
1394 3608 1459 3641 eo
1515 3585 1845 3661 transcripsit

835 3666 1022 3718 «nulla
1052 3667 1252 3740 syllaba
1283 3680 1519 3732 mutata,
1541 3691 1564 3715 ι
1599 3668 1712 3720 scil.
1745 3687 1845 3719 no·

828 3758 934 3796 tam
950 3764 1117 3798 suam.
1140 3745 1347 3797 Badius.
1365 3748 1494 3815 Quae
1511 3748 1565 3798 iu
1580 3766 1846 3798 commen·

826 3825 963 3876 tario
996 3827 1228 3894 Regiano
1264 3824 1349 3876 hic
1379 3839 1653 3897 comparet
1681 3841 1842 3893 nota,

827 3902 1025 3954 Julium
1055 3903 1267 3954 Florum
1304 3904 1426 3957 facit
1461 3923 1523 3956 ex
1551 3906 1842 3973 majoribus

827 3981 968 4034 Flori
1007 3982 1244 4036 historici
1281 3983 1511 4055 aliquem
1528 4023 1544 4048 ‚
1583 3985 1714 4036 nulli
1730 4025 1746 4048 ‚
1784 3999 1844 4037 nt

830 4064 902 4111 ait
921 4099 937 4123 ‚
976 4065 1326 4132 posteriorum
1374 4062 1611 4114 secundi.
1660 4065 1843 4116 Fuisse

830 4151 1005 4190 autem
1028 4139 1173 4192 hunc
1198 4139 1506 4192 historicum
1530 4141 1843 4210 Quintiliani

833 4217 1178 4289 discipulum,
1197 4233 1258 4273 ut
1277 4238 1339 4272 ex
1358 4221 1523 4293 ipsius
1538 4219 1845 4292 eloquentia

1917 1451 2014 1502 tias
2039 1449 2183 1521 apud
2205 1451 2428 1521 Regium
2444 1488 2461 1516 ‚
2488 1468 2653 1520 quum
2682 1471 2707 1496 a
2726 1448 2933 1520 liquere

1922 1532 2109 1603 oquod
2146 1530 2289 1584 nulli
2325 1532 2577 1584 secundus
2614 1531 2683 1582 sit
2716 1549 2781 1582 ex
2819 1531 2935 1599 ejus

1922 1635 1945 1658 ι
1967 1612 2274 1683 eloquentia
2294 1635 2317 1659 ιο
2351 1613 2505 1664 nimis
2533 1612 2680 1662 fatue
2708 1609 2937 1677 dicatur,

1920 1710 2246 1763 quamquam
2284 1710 2350 1745 eo
2388 1691 2535 1743 ducit
2571 1690 2844 1742 distinctio
2881 1691 2937 1743 in

1920 1771 2245 1825 editionibus
2272 1772 2654 1824 commentarii.
2688 1769 2827 1823 Illud
2858 1766 2939 1821 al-

1920 1864 2092 1904 terum
2123 1865 2299 1904 tamen
2315 1891 2332 1917 .,
2356 1851 2672 1921 Quintiliani
2698 1848 2939 1920 discipu·

1922 1930 2031 1983 lum
2056 1931 2220 1983 fuisse
2245 1944 2517 1983 auctorem
2546 1929 2791 1981 breviarii
2812 1928 2938 1980 Flo·

1921 2027 2069 2073 rum,
2093 2029 2254 2081 quare
2274 2023 2419 2061 tanta
2440 2009 2630 2061 fidncia
2652 2027 2716 2060 ex
2740 2010 2940 2060 oratio·

1922 2108 1992 2141 ne
2007 2091 2121 2158 ejus
2137 2088 2416 2160 colligatur
2429 2107 2461 2141 a
2476 2087 2625 2140 Valla
2640 2088 2939 2159 Regioque,

1922 2165 2169 2235 ‘querare
2197 2186 2281 2218 me
2307 2167 2499 2218 fateor.
2524 2165 2939 2231 Volaterranos,

1923 2257 1983 2297 ut
2011 2259 2196 2297 notum
2228 2257 2339 2310 est,
2367 2246 2788 2315 Epitomatorem
2811 2246 2941 2296 Livii

1922 2320 2260 2394 historiaeque
2270 2341 2503 2375 romana!
2514 2323 2825 2393 scriptorem
2838 2341 2941 2373 ere·

1921 2400 2054 2453 didit
2077 2421 2193 2455 esse
2215 2403 2392 2473 ipsum
2414 2402 2595 2453 Nostri
2618 2399 2819 2451 Julian·
2843 2399 2941 2452 Se-

1921 2479 2155 2532 cundum
2176 2519 2194 2546 ,
2233 2491 2397 2551 quum
2439 2478 2643 2549 aliquot
2679 2476 2939 2528 librorum

1921 2560 2237 2629 scripturam
2256 2560 2312 2609 in
2334 2556 2488 2609 titulo
2509 2556 2783 2620 breviarii,
2797 2554 2938 2607 Jutii

1921 2656 2026 2708 prae
2045 2637 2208 2688 altera
2223 2637 2416 2688 Annei
2426 2674 2442 2702 ,
2460 2634 2732 2707 probaret.
2744 2638 2937 2686 Parum

1919 2716 2008 2768 ille
2030 2714 2405 2788 probabiliter3
2428 2731 2551 2766 nam
2575 2732 2644 2766 ne
2665 2725 2797 2766 tetta
2822 2715 2939 2783 qui-

1920 2794 2041 2847 dem
2058 2797 2330 2864 congruit,
2352 2811 2518 2864 quum
2536 2792 2726 2845 Florus
2745 2809 2939 2844 exeun·

1922 2887 1974 2926 te
2018 2875 2235 2944 Trajani
2280 2875 2581 2945 piincipatu
2629 2873 2899 2942 scripserit
2916 2905 2935 2935 ‚

1918 2951 2194 3006 Secundus
2231 2953 2390 3003 fuerit
2425 2949 2647 3019 Quintil.
2693 2949 2933 3021 aqualis.

1919 3034 2249 3085 Burmannus
2273 3031 2532 3104 quidquid
2553 3043 2633 3084 est
2652 3033 2939 3083 mentionis

1920 3111 2197 3163 Flororum
2218 3110 2363 3183 apud
2378 3125 2583 3163 veteres
2596 3149 2611 3173 ,
2633 3122 2937 3182 temporum

1922 3191 2354 3261 reliquarumque
2365 3189 2730 3241 diversitatum
2740 3189 2857 3240 fere
2867 3207 2941 3240 se·

1924 3289 2082 3322 curus
2099 3309 2115 3334 .‚
2145 3272 2427 3342 congessit.
2456 3268 2588 3321 Mihi
2616 3287 2680 3320 ea
2708 3286 2939 3340 magno-

1923 3369 2055 3421 pere
2081 3369 2136 3402 se
2166 3348 2506 3401 commendat
2532 3349 2667 3398 ratio
2683 3384 2701 3412 ,
2730 3361 2791 3399 ut
2819 3347 2939 3413 hic,

1925 3447 2083 3500 quem
2108 3432 2305 3481 Noster
2326 3428 2684 3491 demonstrat,
2710 3430 2829 3500 ipse
2852 3427 2947 3479 ille

1923 3510 2109 3571 fuerit,
2136 3507 2202 3559 ad
2228 3525 2384 3579 quem
2410 3509 2605 3579 scripta
2631 3518 2714 3558 est
2735 3507 2945 3558 Horatii

1925 3586 2151 3658 epistola
2173 3586 2291 3637 libri
2315 3587 2471 3658 primi
2496 3587 2666 3638 tertia.
2691 3586 2747 3638 Si
2771 3588 2949 3650 enim,

1925 3667 1977 3718 id
2006 3665 2150 3738 quod
2174 3685 2366 3718 censeo
2392 3679 2445 3718 et
2468 3661 2803 3734 agnoverunt
2827 3665 2941 3716 VV.

1924 3747 2038 3798 DD.
2052 3784 2068 3812 ‚
2086 3745 2273 3797 Florus
2293 3746 2502 3797 Senecae
2524 3746 2664 3815 patri
2686 3761 2944 3795 memora-

1927 3839 2009 3879 tus
2030 3828 2279 3880 Gonu-ov,
2304 3823 2398 3891 25,
2420 3841 2745 3896 quamquam
2771 3826 2944 3875 nomi·

1924 3925 1993 3958 ne
2029 3923 2140 3957 non
2173 3904 2388 3970 addito,
2420 3902 2559 3956 idem
2593 3915 2674 3954 est
2707 3903 2940 3968 Nostro,

1923 3984 2083 4056 plane
2107 3985 2352 4053 congruit
2376 3997 2502 4035 aetas
2517 4021 2535 4048 ‚
2559 3995 2621 4034 ut
2649 3983 2937 4033 Latronem
3002 4049 3006 4054 ὓ

1924 4063 2149 4132 audierit
2189 4065 2234 4115 is
2256 4101 2274 4129 ‚
2322 4065 2411 4134 qui
2450 4061 2651 4114 Tiberii
2696 4060 2939 4112 nondum

1922 4143 2175 4215 principis
2202 4142 2361 4194 fuerit
2382 4139 2681 4202 familiaris,
2700 4138 2825 4191 vide
2843 4156 2939 4191 nos

1923 4219 2114 4287 ale,
2141 4215 2939 4292 2‚91.Etpraeterquamquod
