3200 5159
714 488 1362 557 INSTITUTIONIS
1399 490 1654 556 ORAT.
1697 490 1856 555 LIB.
1896 490 2021 569 XI,
2063 513 2122 557 2.

2340 490 2464 557 283

372 611 717 704 ciderunt,
745 614 1239 704 retractantur,
1269 633 1347 685 ut
1371 614 1610 685 crebra
1641 613 1998 687 iteratione
2017 628 2035 659 ¹
2063 614 2465 702 firmentur;

373 756 811 830 quamquam
840 731 1067 802 solent
1094 729 1224 801 hoc
1255 729 1402 828 ipso
1430 729 1736 804 maxime
1770 729 2024 806 haerere
2043 785 2063 819 ‚
2111 729 2302 830 quod
2348 756 2471 802 ex-

381 843 721 917 ciderunt.
752 845 943 918 Illud
979 844 1350 918 ediscendo
1380 844 1887 943 scribendoque
1918 872 2301 918 commune
2335 865 2469 933 est,

380 959 659 1059 utrique
710 959 1102 1058 plurimum
1145 961 1456 1033 conferre
1505 958 1770 1032 bonam
1806 960 2313 1050 valetudinem,
2358 959 2472 1033 di-

375 1095 648 1174 gestum
671 1075 937 1167 cibum,
958 1075 1282 1147 animum
1294 1074 1830 1174 cogitationibus
1850 1074 2479 1151 aliisliberum.Ve·
2505 1095 2575 1151 36

375 1216 535 1262 rum
561 1211 632 1263 et
655 1190 730 1263 in
754 1191 899 1281 iis2,
930 1219 1088 1291 quae
1111 1190 1511 1291 scripsimus
1526 1188 1581 1280 ³,
1602 1191 2146 1291 complectendis
2166 1191 2476 1281 multum

374 1305 641 1397 valent,
692 1326 758 1377 et
813 1306 887 1377 in
932 1305 1057 1398 iis,
1109 1331 1264 1405 quae
1298 1305 1727 1404 cogitamus,
1782 1306 2225 1379 continendis
2264 1333 2478 1406 prope

376 1418 585 1493 solae4
633 1423 995 1519 (excepta,
1042 1449 1198 1521 qnoe
1247 1420 1728 1520 potentissima
1771 1441 1909 1510 est,
1958 1421 2477 1518 exercitatione)

378 1535 617 1608 divisio
646 1557 709 1607 et
739 1542 1176 1637 compositio:
1209 1563 1376 1609 nam
1407 1536 1531 1635 qui
1558 1557 1739 1609 recte
1760 1536 2086 1625 diviserit,
2105 1563 2473 1636 nunquam

374 1650 624 1750 poterit
662 1651 736 1722 in
765 1677 1003 1723 rerum
1045 1650 1289 1723 ordine
1332 1677 1579 1723 errare.
1630 1652 1834 1729 Certa
1873 1671 2038 1724 sunt
2081 1650 2274 1722 enim
2329 1674 2474 1721 non
2509 1663 2577 1735 37

373 1763 605 1838 solum
640 1765 715 1838 in
749 1763 1182 1864 digerendis⁵
1220 1765 1759 1865 quaestionibuS,
1796 1766 1916 1838 sed
1949 1764 2156 1838 etiam
2186 1764 2261 1836 in
2297 1791 2479 1850 exse-

376 1880 718 1982 quendis,
748 1882 805 1953 si
843 1880 1098 1955 modo⁶
1136 1903 1316 1956 recte
1357 1881 1690 1971 dicimus,
1745 1880 1974 1980 prima
2016 1906 2095 1952 ac
2142 1879 2480 1968 secunda,

378 2016 448 2069 et
476 1994 832 2096 deinceps;
879 1996 1314 2097 cohaeretque
1345 1997 1574 2070 omnis
1606 2022 1841 2068 rerum
1877 1995 2225 2093 copulatio
2248 2050 2267 2083 ,
2313 2014 2393 2066 ut
2422 1994 2485 2066 ei

378 2108 600 2183 nihil⁷
639 2137 867 2210 neque
896 2112 1216 2185 subtrahi
1247 2112 1397 2185 sine
1425 2110 1792 2183 manifesto
1823 2109 2178 2182 intellectu
2196 2165 2216 2198 ,
2251 2134 2481 2207 neque

380 2299 809 2351 runa—Nostri
834 2298 1042 2366 codd..
1068 2301 1280 2372 reperiri
1310 2318 1394 2353 so·

380 2376 525 2444 lent,
554 2397 666 2431 exc.
694 2380 830 2432 Vall.
865 2380 958 2434 lib.
997 2400 1027 2434 a
1057 2401 1179 2445 sec„
1198 2401 1395 2449 manu,

383 2459 476 2530 qui
504 2458 666 2530 repeti
687 2459 872 2513 solent.
900 2459 995 2511 En.

460 2556 506 2590 1.
544 2538 854 2599 Iter-aticum
898 2542 972 2592 sic
1008 2541 1184 2593 Turio.
1225 2533 1396 2608 Flora,

386 2615 569 2668 Ambr.
596 2636 623 2669 α
648 2616 775 2688 (qui
801 2631 852 2669 et
876 2618 1056 2688 creba)
1080 2620 1242 2670 Cam.
1268 2636 1391 2670 curn

381 2696 550 2750 Stoer.
565 2697 791 2749 Chouet.
812 2696 959 2749 Leid.
982 2696 1118 2749 nou.
1143 2697 1273 2751 Obr.
1298 2699 1391 2749 In-

385 2776 641 2864 tentiorge,
666 2775 818 2827 Voss.
853 2792 896 2827 ι.
931 2776 1138 2847 Reliqui
1180 2776 1390 2828 reitera-

381 2852 560 2919 tione,
608 2851 930 2905 defendente
974 2853 1107 2906 male
1150 2854 1389 2906 Gibsono

384 2931 658 3003 exemplo,
692 2931 837 3003 quod
869 2945 947 2985 est
980 2934 1054 2995 11,
1086 2933 1148 3000 4,
1172 2934 1250 2985 13.
1258 2931 1391 2983 Vide

383 3008 731 3081 Oudendorp.
744 3010 811 3062 ad
821 3011 1039 3081 Sueton.
1051 3009 1239 3062 Claud.
1251 3029 1298 3062 c.
1311 3026 1330 3062 1
1341 3027 1393 3080 7,

383 3102 514 3142 extr.
552 3088 718 3142 Modo
753 3092 932 3142 Turic.
975 3088 1238 3141 scribendo
1280 3091 1393 3142 sine

384 3168 785 3241 que.—Nostri
816 3167 1045 3219 Codices
1075 3165 1275 3220 habent
1307 3166 1395 3219 alii

384 3248 686 3311 iteratione,
732 3247 820 3299 alii
864 3247 1208 3300 reiteratione.
1247 3248 1395 3299 Hanc

384 3324 624 3398 phrasim
659 3328 853 3378 omittit
878 3326 1011 3379 vall.
1039 3326 1130 3378 lib.
1165 3344 1197 3378 a
1228 3329 1397 3399 prima

388 3422 569 3457 manu.
602 3406 692 3456 Eo.

461 3500 513 3537 2.
536 3483 731 3537 Verum
754 3494 807 3534 et
831 3483 887 3534 in
908 3483 996 3546 iis‚·
1026 3485 1100 3536 sic
1128 3484 1307 3537 Ambr.
1339 3504 1396 3551 a,

387 3562 553 3616 an.
584 3563 647 3617 V.
668 3564 827 3614 etiam
855 3565 909 3615 in
940 3566 976 3616 i.
990 3566 1048 3630 ι·.,
1066 3565 1227 3617 Goth.
1251 3567 1393 3618 Jens.

388 3640 525 3712 (tac.
555 3643 750 3714 Gesn.)
771 3661 895 3694 cum
912 3646 1067 3695 Voss.
1099 3660 1156 3708 2,
1191 3657 1242 3694 et
1274 3643 1393 3695 edd.

390 3733 517 3772 ante
548 3721 704 3774 Basa.
730 3724 822 3793 qui
860 3720 927 3772 V.
965 3721 1056 3774 liis.
1087 3721 1294 3789 Guelf.‚
1331 3723 1397 3777 V.

390 3808 446 3851 et
468 3796 562 3851 his.
596 3800 800 3870 Reliqui
828 3800 891 3850 V.
918 3811 967 3851 et
994 3800 1047 3850 in
1075 3798 1168 3852 his.

463 3878 852 3951 3.Scn‘psimus.
872 3878 1024 3932 Solus
1045 3878 1191 3931 Poul.
1206 3882 1401 3953 ,scrip-

386 3957 624 4033 serinttu.
651 3961 746 4011 Eo.

466 4035 517 4103 4.
533 4037 708 4090 Sotae..
717 4037 1125 4091 .exercitatione.
1128 4037 1401 4093 Tur-icens.

393 4115 536 4169 Flor.
569 4115 697 4186 (sed
726 4117 814 4170 hic
849 4120 962 4170 sine
984 4136 1146 4192 praep.
1171 4122 1264 4188 ex)
1295 4119 1407 4173 sola

393 4214 515 4269 quoe
550 4210 660 4271 pot.
709 4210 786 4253 est
823 4210 876 4252 et
913 4217 978 4255 ex
1022 4200 1404 4254 exercitatione.

1474 2297 1657 2351 Ambr.
1682 2313 1741 2362 2,
1759 2296 1936 2349 Guelf.
1957 2297 2118 2349 Cur.
2140 2294 2486 2367 (quamquam

1475 2375 1563 2427 hic
1582 2392 1693 2427 non
1713 2374 1877 2427 habet
1900 2375 1972 2444 et)
1990 2372 2100 2447 solu
2124 2382 2336 2444 excepta
2359 2391 2409 2445 q.
2432 2393 2485 2446 p.

1472 2465 1553 2507 est
1571 2467 1624 2507 et
1642 2474 1685 2506 e.
1700 2492 1716 2520 ,
1744 2473 1867 2506 cum
1883 2455 2038 2506 Voss.
2065 2454 2125 2520 3,
2150 2455 2303 2505 Bern.
2332 2453 2491 2504 Error

1474 2534 1532 2585 in
1555 2533 1666 2585 sola
1704 2546 1861 2585 natus
1898 2552 1928 2584 e
1966 2544 2220 2603 sequente
2252 2533 2365 2584 ein
2397 2550 2490 2583 ex-

1476 2624 1626 2684 cepta
1639 2649 1658 2677 ,
1676 2606 1854 2684 neque
1872 2625 1984 2664 erat
2007 2611 2152 2683 quod
2177 2613 2238 2663 iis
2262 2610 2366 2663 hoc
2387 2630 2489 2664 an-

1476 2705 1781 2745 numeraret
1830 2690 2083 2763 exemplis
2125 2692 2457 2743 Burmannus
2473 2729 2491 2757 ‚

1476 2771 1543 2824 de
1568 2772 1764 2843 quibus
1797 2764 1907 2842 a'git
1931 2770 1998 2823 ad
2018 2773 2111 2822 vll
2128 2809 2145 2836 ,
2169 2769 2231 2837 4,
2260 2771 2347 2823 31.
2380 2771 2489 2823 Po·

1476 2852 1702 2916 tissima,
1729 2851 1964 2903 Gothan.
1990 2851 2133 2901 Jens.
2157 2848 2282 2918 (tac.
2306 2850 2492 2920 Gesn.)

1474 2950 1595 2983 cum
1615 2930 1734 2984 edd.
1749 2945 1970 3002 posterr.
1990 2943 2114 2982 ante
2128 2928 2354 2981 Chouet.
2372 2947 2487 2981 exc.

1474 3009 1594 3061 Ald.
1612 3009 1775 3077 Quod
1791 3009 1926 3061 Alm.
1947 3007 2184 3079 ejusdem
2210 3021 2490 3060 accusatur

1475 3090 1780 3157 scripturae,
1822 3087 2192 3139 confusionem
2225 3089 2487 3158 interpre-

1478 3178 1565 3218 tor
1584 3170 1738 3218 Voss.
1777 3182 1803 3217 2
1843 3183 2043 3237 ponere
2075 3164 2300 3217 volentis
2337 3164 2488 3235 (vide

1480 3245 1528 3317 §.
1548 3245 1658 3318 33).
1679 3244 1779 3298 Sed
1801 3247 1847 3313 S.
1866 3245 1962 3311 4ο,
1985 3245 2306 3315 potissimum
2325 3246 2486 3297 Cane.

1481 3350 1606 3383 cum
1629 3329 1794 3381 Andr.
1825 3328 1978 3386 Basil.
2007 3343 2058 3381 et
2084 3330 2288 3402 aliquot
2313 3333 2486 3382 Burm.

1480 3410 1615 3462 Dein
1632 3411 1786 3467 Voss.
1812 3426 1831 3461 1
1860 3409 1915 3460 in
1935 3410 2198 3481 premittit
2221 3412 2339 3461 voci
2358 3428 2493 3461 exer·

1481 3488 1744 3545 citatione.

1514 3568 1601 3621 5.
1629 3565 1950 3639 Digerendis.
1978 3565 2131 3621 Solus
2156 3566 2337 3633 Poul.,
2362 3567 2491 3619 diri·

1473 3646 1673 3721 yendis.
1693 3646 1826 3699 vide
1850 3647 1984 3698 infra
2006 3660 2118 3698 not.
2141 3665 2192 3719 7.
2217 3648 2311 3698 Eo.

1550 3727 1601 3779 6.
1646 3726 1705 3779 Si
1742 3726 1896 3778 modo
1937 3736 2065 3778 recte
2097 3725 2335 3793 dicimus.
2377 3727 2492 3777 Nisi

1478 3808 1616 3859 forte
1637 3807 1961 3858 ornamentis
1985 3819 2091 3857 tam
2118 3805 2396 3857 ambitiose
2415 3806 2493 3856 in-

1481 3886 1787 3957 dulgemus,
1816 3900 1876 3938 ut
1903 3905 2086 3938 eorum
2117 3886 2279 3937 nimio
2315 3883 2492 3955 splen·

1485 3964 1617 4017 dore
1640 3983 1814 4017 rerum
1838 3966 2069 4037 ipsarum
2094 3982 2406 4036 compagem
2440 3977 2493 4016 et

1487 4041 1740 4095 articulos
1764 4041 2126 4094 obscuremus.

1560 4139 1612 4193 7.
1646 4120 1717 4173 Εἰ
1751 4117 2436 4192 nihit.Tu1-ic.1·'lor.(hic
2464 4139 2493 4173 a

1484 4221 1568 4275 pr.
1590 4200 1776 4273 manu)
1793 4212 1913 4255 ειη.
1932 4200 2147 4266 Videv,
2176 4217 2257 4266 10,
2276 4201 2362 4271 96.
2385 4200 2502 4252 Mo-
