3200 5159
638 533 1295 604 INSTITUTIONIS
1331 535 1591 601 ORAT.
1630 535 1794 601 LIB.
1832 535 1992 616 ΧΠ,
2044 558 2098 600 ι.

2295 539 2425 624 427

321 658 388 730 ei
414 681 777 730 summam
815 655 1046 746 illam,
1081 656 1170 729 ad
1204 683 1420 753 quam
1448 682 1660 729 nemo
1693 656 1982 757 propius
2014 656 2313 729 accessit.
2338 659 2428 730 Et
2459 680 2518 716 2¹

319 772 640 864 licebat¹,
676 773 733 845 si
763 771 961 846 aliter
990 771 1357 863 sentirem,
1390 770 1639 844 fortius
1681 770 1756 842 id
1795 770 2270 872 liberiusque²
2308 772 2429 844 de-

319 888 631 961 fendere.
668 890 781 960 An
810 914 971 960 vero
997 889 1102 959 M.
1130 887 1481 960 Antonius
1513 892 1858 960 neminem
1883 914 1927 958 α
1957 892 2276 959 sevisum
2303 886 2429 960 ebo—

321 1021 677 1106 quentem,
735 1004 926 1104 quod
972 1025 1166 1078 tanto
1205 1005 1448 1078 minus
1489 1024 1673 1096 erat,
1722 1005 2068 1104 professus
2111 1024 2240 1096 est3
2280 1004 2425 1104 ipse

321 1122 531 1193 etiam
558 1123 663 1194 M.
693 1122 977 1194 Tullius
999 1127 1249 1224 quoerit
1276 1120 1508 1194 adhuc
1538 1148 1732 1210 eum,
1768 1142 1837 1194 et
1865 1142 2147 1194 tantum
2188 1122 2430 1222 imagi-

320 1257 526 1309 natur
548 1263 626 1310 ac
650 1238 886 1339 fingit3
915 1264 1044 1337 ego
1068 1265 1213 1310 non
1238 1236 1541 1310 audeam
1564 1237 1794 1310 dicere
1812 1295 1832 1329 ,
1857 1237 2130 1335 aliquid
2156 1235 2231 1308 in
2259 1236 2424 1329 hac,

321 1379 479 1451 quae
513 1376 851 1454 superest,
872 1356 1252 1428 aeternitate
1274 1354 1573 1428 inveniri
1596 1380 1794 1456 posse
1817 1382 1898 1427 eo
1916 1412 1935 1446 ,
1963 1353 2156 1454 quod
2179 1354 2425 1444 fuerit,

321 1467 741 1565 perfectius?
787 1470 1097 1543 Transeo
1147 1468 1303 1543 illos
1327 1527 1346 1561 ,
1395 1470 1520 1570 qui
1572 1471 1897 1544 Ciceroni
1942 1468 2068 1542 ac³
2122 1471 2426 1543 Demos·
2465 1498 2530 1535 υ

319 1582 519 1655 theni
561 1610 652 1656 ne
695 1585 769 1656 in
812 1585 1214 1685 eloquentia
1256 1585 1548 1684 quidem
1582 1588 1746 1659 satis
1782 1586 2144 1675 tribuunt3
2187 1611 2431 1685 quam·

322 1724 541 1796 quam
560 1726 793 1799 neque
826 1701 957 1801 ipsi
988 1701 1356 1775 Ciceroni4
1386 1702 1892 1776 Demosthenes
1919 1701 2237 1774 videatur
2268 1701 2428 1775 satis

324 1868 444 1921 Hoc
471 1869 628 1922 simili
651 1870 813 1923 modo
835 1849 1254 1924 continuandum
1276 1887 1336 1925 ut

324 1948 603 2018 supr-alib.
626 1952 728 2015 XI,
750 1969 868 2023 cap.
885 1952 948 2018 3,
970 1950 1017 2023 ς
1040 1969 1121 2005 12
1133 1955 1338 2006 -Cre-

323 2025 564 2080 diderim.
610 2030 913 2083 Tui-icensis
933 2069 952 2099 ,
991 2031 1335 2085 crediderunt.

326 2106 428 2157 Pro
457 2108 508 2159 ei
525 2107 688 2160 Cmr.
715 2109 876 2162 enim.

368 2197 450 2236 ι.
470 2187 547 2237 Et
563 2186 775 2255 licebat,
794 2191 853 2241 si.
875 2188 1038 2252 Flora,
1056 2201 1108 2242 et
1132 2188 1345 2265 liyaliat

325 2261 687 2332 sL—Licebat,
701 2265 927 2319 sialiter.
932 2227 1231 2336 Noiimetu,
1245 2269 1340 2322 sed

326 2360 454 2394 vero
486 2348 797 2415 praestantiae
828 2346 1188 2401 Ciceronianae
1221 2368 1340 2402 sen-

329 2438 426 2487 su,
447 2436 555 2475 tam
573 2438 729 2477 caute
755 2445 810 2479 se
829 2428 884 2478 in
901 2426 1006 2479 hac
1027 2430 1140 2498 ejus
1160 2448 1342 2501 repre-

326 2498 587 2555 hensione
622 2507 818 2556 versari
857 2518 1098 2559 testatur.
1139 2507 1342 2575 Quidni

329 2580 473 2631 enim
504 2581 606 2652 ipsi
632 2581 790 2635 liceat
814 2583 1107 2654 perfectum
1134 2584 1343 2637 fortiter

326 2677 523 2729 negare
536 2660 768 2713 Tullium
781 2698 798 2727 ,
820 2680 983 2733 quum
1003 2680 1073 2715 ne
1092 2662 1345 2734 eloquen-

328 2751 439 2790 tem
458 2737 671 2809 quidem
690 2738 899 2810 (equod
916 2738 1148 2810 minus»)
1168 2758 1225 2792 se
1244 2758 1342 2792 un·

328 2835 494 2889 quam
526 2815 721 2868 vidisse
766 2816 910 2869 dicat
947 2820 1246 2885 Antonius,
1288 2832 1344 2871 et

328 2895 536 2947 Tullius
568 2898 682 2968 ipse
710 2909 939 2967 quaerat,
973 2916 1083 2949 non
1106 2900 1342 2951 inveniat

329 2993 486 3041 eum,
515 2993 676 3047 quem
699 2975 1020 3047 probaturus
1044 2978 1141 3042 sit,
1171 2990 1344 3029 orato·

329 3055 476 3107 rem?
497 3056 571 3107 Ea
586 3058 664 3107 vis
689 3068 769 3109 est
790 3055 1034 3126 infigura
1056 3057 1341 3123 orationis,

335 3153 495 3206 quam
532 3136 811 3208 aliquoties
844 3135 1342 3203 animadvertimus,

328 3215 420 3268 An
441 3233 617 3268 vero...
643 3235 738 3289 eqo
757 3234 883 3267 non.
898 3215 1033 3267 Vide
1051 3215 1153 3283 xl,
1177 3233 1228 3283 2,
1251 3216 1339 3270 38.

330 3296 600 3348 Gesnerus
629 3298 758 3348 mire
791 3296 1033 3362 aberrat,
1062 3309 1345 3367 contemp-

330 3387 449 3427 tum
463 3377 732 3428 Ciceronis
744 3373 852 3427 hoc
864 3394 975 3427 aevo
992 3378 1345 3446 ingruentem,

332 3453 513 3506 aulam
542 3456 843 3526 principum
878 3457 929 3507 ei
959 3457 1132 3508 minus
1161 3455 1345 3507 faven-

334 3547 445 3587 tem
461 3572 478 3599 ,
509 3551 698 3587 causas
725 3536 1029 3587 existimans
1045 3572 1063 3598 ,
1089 3551 1253 3608 quare
1277 3532 1348 3586 11⁰·-

334 3614 499 3667 cuerit
541 3616 590 3666 ei
639 3613 744 3666 hoc
791 3615 981 3665 fortius
1028 3612 1347 3678 defendere3

335 3706 463 3758 aut,
497 3696 541 3746 ei
575 3693 739 3746 aliam
772 3694 1079 3746 sententiam
1118 3694 1347 3765 accipias

335 3773 406 3826 de
424 3772 672 3827 laudibus
691 3775 909 3826 summis
927 3772 1199 3826 Ciceronis
1211 3811 1228 3840 ,
1250 3792 1349 3845 per

333 3854 730 3919 Domitianum,
756 3854 848 3923 qui
874 3850 972 3903 has
1001 3852 1051 3903 ei
1080 3850 1235 3903 facile
1262 3853 1347 3903 in-

336 3932 589 3999 dulserit,
612 3932 823 3985 licuisse
848 3930 956 3983 hoc
983 3933 1143 3984 etiam
1169 3933 1346 4003 suspi-

337 4031 481 4065 cans.
504 4013 645 4065 Loca
664 4011 934 4064 Ciceronis
958 4010 1026 4062 de
1047 4011 1267 4062 Antonii
1292 4024 1348 4063 et

335 4109 435 4144 sno
473 4090 676 4161 judicio
717 4090 839 4144 vide
878 4090 1025 4163 apud
1059 4090 1313 4143 Nostrum
1328 4129 1346 4159 ,

334 4169 429 4222 lib.
449 4171 597 4235 VIII,
620 4188 840 4241 prooem.
871 4170 962 4234 133
992 4182 1048 4222 et
1071 4168 1233 4222 modo
1256 4168 1346 4221 hic

336 4246 382 4321 §.
415 4267 493 4321 ¹9·
526 4248 806 4320 Quoerendi
822 4262 1001 4302 autem
1022 4249 1345 4303 vocabulum

1415 1875 1470 1925 in
1491 1892 1598 1945 quo
1620 1873 1867 1925 consulto
1886 1871 2050 1925 haeret
2069 1841 2266 1954 Noster
2283 1870 2429 1943 apud

1416 1954 1525 2007 Cic.
1553 1954 1882 2007 estinOrat.
1905 1973 1952 2006 c.
1977 1970 2064 2017 2ι,
2092 1970 2176 2021 29.

1492 2051 1542 2084 2.
1579 2034 1934 2107 Liberiusque3
1962 2036 2038 2085 sic
2069 2034 2246 2086 Turio.
2286 2032 2426 2085 Flor.

1418 2110 1595 2166 Guelf.
1613 2110 1776 2164 Cain».
1796 2130 1919 2163 cum
1932 2111 2070 2163 Alm.
2092 2124 2147 2163 et
2164 2110 2284 2162 edd.
2306 2124 2429 2163 ante

1418 2188 1620 2262 Gryph.
1625 2190 1697 2242 Et
1713 2188 1940 2254 liberius,
1959 2190 2165 2261 reliqui.
2169 2188 2434 2261 Eloquen-

1422 2269 1507 2322 tioe
1540 2287 1705 2342 quam
1744 2278 1779 2320 t.
1819 2288 1892 2320 m.
1931 2268 2429 2336 erit‚Turic.F101-.

1418 2348 1584 2400 Enim
1622 2365 1722 2420 pro
1760 2349 1920 2401 etiam
1954 2348 2118 2400 Cnn’.
2144 2348 2306 2399 Hunc
2331 2365 2432 2419 pro

1418 2426 1594 2478 adhuc
1626 2427 1802 2480 Guelf.
1841 2445 1964 2479 cum
1993 2424 2161 2478 Goth.
2184 2428 2340 2478 Voss.
2368 2443 2432 2493 2,

1422 2508 1473 2561 3.
1501 2508 1628 2577 Quoe
1644 2518 1958 2579 semper-est,
1972 2507 2249 2558 Tui-icens.
2268 2507 2432 2559 (ΞΑ-ιι».

1425 2585 1530 2656 Qui
1547 2591 1702 2657 super
1715 2595 1813 2651 est,
1836 2584 2014 2637 Guelf.
2033 2584 2400 2637 AEternitatem
2412 2624 2433 2652 ,

1420 2666 1562 2716 Flor.
1595 2684 1718 2717 eum
1751 2666 1906 2717 Bern.
1930 2663 2256 2735 (siquidem,
2285 2664 2432 2737 quod

1420 2743 1702 2796 verisimile
1726 2756 1805 2796 est
1820 2781 1837 2810 ,
1866 2741 2008 2814 siglae
2031 2745 2188 2796 Rern.
2219 2757 2272 2796 et
2296 2743 2429 2798 Obr.

1423 2823 1658 2874 confusa
1691 2835 1816 2874 sunt
1846 2820 1993 2893 apud
2025 2822 2200 2873 Burm.
2233 2824 2292 2873 in
2322 2822 2436 2875 Ad-

1421 2900 1650 2970 dendis).
1674 2899 1975 2972 Perfectus,
2000 2899 2182 2952 Ambr.
2212 2917 2242 2952 2
2260 2937 2276 2967 ,
2309 2919 2433 2953 cum

1420 2982 1576 3032 Voss.
1603 2980 1656 3032 3.
1687 2979 1988 3051 Perfectum
1997 3017 2017 3046 ,
2040 2978 2217 3032 Guelf.
2335 2993 2339 2998 '

1492 3060 1544 3112 3.
1581 3059 1680 3111 Ae.
1701 3060 1899 3125 Cium,
1932 3069 2043 3110 aut.
2073 3058 2255 3112 Ambr.
2285 3075 2347 3126 2,
2375 3061 2434 3112 in

1420 3135 1749 3210 eloquentiae.
1782 3138 1994 3191 Omittit
2016 3137 2194 3190 Guelf.
2225 3138 2363 3191 satis.
2384 3178 2395 3189 .
2417 3176 2431 3189 .

1421 3215 1790 3270 Demosthenes
1812 3235 1874 3269 ex
1901 3215 2290 3285 homoeoarcto,
2310 3236 2436 3270 nam

1427 3312 1543 3366 quae
1587 3295 1846 3346 continuo
1897 3308 2195 3366 sequuntur
2239 3296 2316 3348 ita
2358 3296 2436 3348 ibi

1424 3375 1746 3446 transposita
1759 3373 2037 3444 leguntur:
2062 3374 2184 3427 satis
2197 3373 2439 3428 videatur

1425 3470 1527 3506 esse
1539 3492 1557 3518 ,
1592 3466 1656 3504 ut
1681 3466 1737 3505 et
1758 3455 1812 3505 in
1835 3451 1996 3507 Goth.
2020 3453 2168 3506 Jens.
2197 3453 2438 3524 (tacente

1425 3531 1633 3603 Gesn.).
1660 3533 1799 3586 Satis
1824 3531 2062 3585 secundo
2090 3533 2214 3587 loco
2241 3534 2439 3587 omittit

1426 3613 1557 3666 Obr.
1593 3610 1867 3664 Interdum
1885 3652 1905 3679 ,
1936 3613 2101 3666 Cute.
2135 3609 2439 3683 Reprehen-

1426 3690 1533 3756 dit,
1562 3692 1739 3743 Turic.
1771 3690 1912 3743 Flor.
1939 3690 2120 3743 Solum
2148 3704 2328 3743 tamen
2353 3709 2442 3743 re-

1425 3770 1809 3844 prehensorem
1866 3771 2088 3824 Calvum
2152 3789 2442 3842 agnoscere

1427 3870 1536 3903 non
1557 3849 1755 3922 placet.
1776 3853 1889 3903 Nec
1908 3850 2143 3904 insolens
2167 3864 2441 3922 corrupte-

1425 3929 1510 3994 la;
1537 3930 1774 3999 videm,
1802 3932 1872 3998 6,
1897 3929 1983 3984 52.

1498 4009 1549 4077 4.
1588 4009 1825 4064 Ciceroni
1857 4009 2240 4063 Demosthenes.
2258 4047 2297 4060 ..
2330 4009 2442 4061 dor-

1424 4090 1629 4142 mitare.
1639 4089 1875 4142 Verbum
1888 4090 2237 4141 Horatianum
2253 4088 2320 4141 ab
2335 4090 2441 4141 Ho-

1427 4190 1573 4224 mero
1607 4169 1677 4223 ad
1707 4170 2020 4223 Ciceronem
2052 4187 2236 4222 secure
2267 4181 2442 4222 trans-

1425 4246 1611 4302 latum.
1632 4247 1764 4302 Vide
1787 4247 1878 4301 lib.
1903 4248 1983 4316 X,
2007 4266 2124 4322 cap.
2158 4265 2205 4317 ι,
2226 4250 2278 4318 S.
2307 4247 2391 4314 24.
