3200 5159
725 432 1373 504 INSTITUTIONIS
1409 432 1665 501 ORAT.
1706 434 1867 500 LIB.
1906 436 2028 514 XI,
2070 436 2132 503 3.
2350 436 2476 505 333

384 558 609 648 altius,
630 558 739 631 vel
758 559 1071 631 inferius.
1094 557 1288 650 Quid
1318 578 1552 630 autem
1577 556 1875 658 quisque
1904 559 1977 630 in
2010 560 2304 633 dicendo
2335 589 2479 660 pos-

385 671 557 744 tulet
578 671 807 762 locus,
838 674 1129 773 paulum
1158 673 1481 745 differam
1500 726 1520 760 ,
1550 692 1632 744 ut
1657 672 1740 744 de
1765 693 1958 772 gestu
1987 674 2181 773 prius
2211 674 2470 766 dicam3

381 784 504 882 qui
542 806 608 856 et
636 786 780 884 ipse
811 788 960 861 voci
990 786 1366 874 consentit,
1406 807 1475 858 et
1509 786 1752 858 animo
1786 813 1951 859 cum
1986 814 2068 858 ea
2098 788 2311 860 simul
2355 817 2477 888 pa-

378 922 503 973 ret.
548 904 615 973 Is
647 925 994 1000 quantum
1026 903 1280 975 habeat
1313 901 1386 973 in
1422 922 1689 975 oratore
1713 917 1730 948 ¹
1765 904 2140 994 momenti,
2177 905 2337 977 satis
2368 907 2476 978 vel

383 1042 463 1088 ex
495 1040 576 1087 eo
611 1037 834 1115 patet,
870 1010 1455 1117 quod‘pleraque,
1493 1016 1703 1089 etiam
1733 1017 1902 1089 citra
1932 1017 2178 1110 verba,
2213 1020 2480 1119 signifi-

380 1150 506 1202 cat.
543 1131 828 1231 Quippe
862 1158 1006 1204 non
1036 1158 1290 1204 manus
1317 1130 1579 1221 solum,
1616 1132 1735 1204 sed
1772 1153 1984 1204 nutus
2018 1134 2226 1206 etiam
2258 1135 2476 1209 decla·
2505 1151 2576 1204 66

380 1263 534 1316 rant
555 1264 862 1316 nostram
880 1245 1309 1318 voluntatem
1324 1301 1343 1333 ,
1369 1263 1437 1316 et
1460 1243 1532 1315 in
1554 1244 1767 1316 mutis
1791 1272 1917 1345 pro
1942 1272 2263 1319 sermone
2286 1269 2472 1339 sunt,

381 1380 450 1432 et
475 1360 741 1433 saltatio
764 1375 790 1405 ²
823 1361 1222 1460 frequenter
1246 1361 1399 1433 sine
1431 1387 1598 1433 voce
1630 1361 2045 1461 intelligitur
2075 1384 2282 1463 atque
2316 1367 2475 1438 affi-

288 1578 291 1583 s
376 1558 497 1592 cum
523 1537 685 1590 Goth.
715 1536 990 1611 Infelicius
1018 1540 1194 1592 Turic.
1237 1537 1376 1589 Flor.
1460 1538 1718 1606 debebat,
1758 1541 1849 1611 qui
1875 1538 2212 1613 obloquitur,
2239 1542 2462 1615 Capper.

374 1636 473 1688 pro
493 1617 725 1688 inferius.
750 1619 874 1668 Mox
899 1618 1075 1670 Tul-ic.
1104 1616 1243 1669 Flor.
1261 1635 1380 1683 ,eos

374 1715 414 1749 2.
430 1714 539 1768 par
557 1696 695 1748 recti
730 1696 797 1748 12.
839 1696 1002 1749 Modo
1040 1699 1238 1770 digestu
1279 1715 1378 1768 pro

376 1777 498 1860 deq.
526 1774 705 1825 Ambr.
730 1790 779 1825 2.
806 1773 914 1847 Ipsi
931 1787 1106 1826 autem
1120 1772 1293 1826 Guelf.
1306 1802 1378 1812 --

372 1862 433 1906 'ro
466 1855 540 1907 rei
567 1856 815 1906 omittunt
835 1856 981 1907 Avic.
1009 1854 1155 1906 Poul.
1175 1853 1284 1904 BR.
1311 1853 1371 1916 3,

378 1934 438 2001 5,
460 1950 522 2003 9,
551 1934 744 1985 10.En.

448 2032 493 2065 ι.
517 2016 584 2066 In
608 2025 822 2066 oratore.
847 2014 908 2065 R.
942 2012 1002 2064 13
1023 2008 1213 2063 solue
1193 2029 1248 2060 m
1264 2027 1377 2060 ora·

376 2093 529 2144 tione.
577 2092 774 2144 Malim.
813 2093 908 2143 Eo.
944 2119 1017 2129 —
1046 2090 1115 2140 In
1156 2095 1371 2140 oratore.

368 2173 562 2224 Fateor
591 2170 911 2225 commoveri
933 2186 1016 2219 me
1044 2165 1236 2230 altera,
1261 2180 1375 2234 que

375 2264 450 2303 est
475 2252 529 2302 in
555 2250 809 2321 Campani
832 2234 1091 2311 editione,
1120 2242 1237 2296 sola
1260 2242 1376 2314 qui-

372 2329 521 2395 dem,
554 2340 808 2403 quantum
833 2328 971 2395 scio,
999 2328 1290 2397 scriptura.
1319 2321 1376 2373 ιἰι

371 2408 621 2461 oratione.
644 2407 901 2459 Confusio
923 2403 1375 2476 frequentinum&

372 2502 546 2555 neque
582 2499 755 2537 tamen
796 2485 1086 2551 necessaria
1130 2480 1371 2532 mutatio.

370 2563 529 2632 Quod
553 2577 726 2616 autern
745 2563 1026 2615 concitatos
1045 2561 1132 2613 bic
1150 2559 1376 2633 affectus

372 2636 1368 2733 Capperonneriusinterpreteturaeaifla,

371 2721 675 2793 compositos
713 2722 829 2785 ὅθ»,
874 2721 1031 2792 (vide
1057 2722 1139 2787 Χ,
1182 2735 1236 2785 ι,
1274 2716 1369 2784 483

371 2805 495 2855 item
516 2805 617 2869 IX,
658 2821 722 2869 2,
752 2803 839 2876 3.)
872 2816 1015 2855 reete
1046 2819 1166 2854 eum
1197 2800 1370 2850 facere

370 2899 593 2946 22222ος
615 2900 933 2953 quamquam
949 2890 1195 2952 poterant
1207 2875 1370 2929 videri

367 2961 641 3031 participia
650 2962 828 3032 potius
843 2961 940 3011 ista
950 2955 1209 3009 vocabula
1224 2970 1369 3006 conc.

367 3048 420 3089 et
445 3054 617 3109 comp.
633 3077 652 3104 ,
693 3054 852 3110 quam
887 3038 1131 3109 apposita
1167 3047 1219 3085 et
1247 3033 1371 3083 artis

366 3118 607 3189 propria,
628 3117 769 3169 unde
788 3114 950 3188 paulo
969 3114 1171 3166 diversa
1191 3128 1371 3163 nasce·

368 3209 512 3249 retur
525 3198 780 3248 sententie
792 3234 809 3261 ,
831 3209 893 3246 ut
902 3233 919 3261 ,
935 3206 1222 3266 postquam
1235 3207 1371 3240 com-

364 3275 523 3346 positi
557 3286 731 3329 essent
765 3274 839 3325 illi
867 3285 989 3324 ante
1021 3267 1265 3322 concitati
1288 3266 1370 3317 af-

364 3356 564 3420 fectus,
590 3374 691 3407 vox
714 3353 1082 3416 descenderet,
1107 3348 1368 3402 attollere·

369 3447 656 3501 tun-autem,
670 3452 833 3506 quum
848 3431 1248 3485 concitarentur.
1266 3427 1369 3481 Sed

364 3515 560 3583 magis,
599 3525 659 3564 ut
695 3512 838 3577 dixi,
874 3510 1116 3581 congruit
1138 3507 1367 3560 diversas

363 3589 452 3642 hic
485 3609 769 3662 agnoscere
810 3591 1098 3641 affectuum
1132 3588 1367 3659 2Ρ22ἰ22,

366 3689 428 3722 ex
449 3669 720 3723 rhetorum
746 3670 1019 3741 praeceptis
1045 3679 1280 3727 notatam
1312 3667 1367 3715 in

362 3749 659 3819 cujusmodi
677 3748 833 3801 rebus
852 3743 1273 3800 demonstrandis
1288 3760 1369 3795 so·

365 3825 435 3879 let
444 3826 722 3880 laudabilis
732 3845 847 3880 2222
860 3824 1020 3897 hujus
1029 3827 1124 3876 vin
1110 3820 1361 3874 solertia.

435 3924 483 3958 2.
507 3904 762 3972 Saltan‘05
800 3909 875 3958 sic
909 3901 1360 3958 Turicens.1·'lor

364 3982 551 4035 Ambr.-
578 3990 641 4050 ’2,
682 4002 805 4036 cum
832 3983 1018 4035 Almel.
1045 3980 1178 4034 Van.
1204 3982 1362 4032 Bern.

360 4063 533 4114 But-m.
550 4062 710 4115 Gesn.
733 4063 842 4134 Rip.
867 4061 1075 4133 Reliqui
1097 4056 1362 4113 salutatio.

360 4143 542 4199 Testes
570 4140 749 4196 addidi
771 4140 1242 4215 locupletissimos,
1266 4157 1364 4190 nec
1412 4220 1415 4225 ⁴

1457 1616 1786 1672 dissimulare
1828 1622 2198 1673 anctoritatem
2241 1622 2373 1674 Van.
2415 1637 2469 1676 et

1456 1699 1608 1749 Bern.
1639 1699 1787 1771 quod
1803 1700 1976 1771 ipsun:
1992 1700 2275 1772 exprobrat
2287 1702 2462 1753 Burm.

1456 1780 1510 1830 in
1530 1778 1766 1849 Epistola
1792 1777 1861 1831 ad
1879 1779 2047 1850 Capp.
2075 1798 2126 1850 p.
2154 1779 2239 1832 63.
2266 1781 2466 1833 Confu-

1455 1857 1659 1908 sionem
1682 1854 1873 1908 horum
1901 1854 2016 1910 salt.
2039 1871 2090 1909 et
2108 1856 2262 1911 ratur.
2289 1860 2465 1912 Burm.
2546 1852 2557 1877 ⁵

1455 1933 1782 1987 demonstrat
1806 1953 1834 1986 e
1862 1936 2001 1986 notis
2024 1936 2197 1987 Jureti
2225 1935 2292 1987 ad
2314 1938 2466 2008 Sym-

1454 2013 1629 2065 machi
1645 2014 1987 2085 Epistt.v111,
2004 2014 2064 2081 41
2079 2054 2090 2065 .
2107 2017 2234 2067 Mox
2251 2013 2464 2088 adfigit,

1453 2093 1726 2150 Tur-icens.
1762 2089 1986 2165 Affiqst,
2010 2092 2149 2145 Flor.
2180 2113 2301 2146 cum
2326 2096 2461 2146 Alm.

1454 2172 1595 2222 Inter
1635 2167 1906 2223 declarant
1941 2180 2118 2222 autem
2154 2184 2208 2223 et
2235 2182 2463 2225 nostrum

1455 2250 1618 2301 Cure.
1647 2250 1831 2300 inserit
1867 2246 2078 2301 scilicet.
2118 2252 2293 2305 Turic.
2337 2250 2465 2317 (bic

1455 2325 1907 2457 fflssmffl‘i‘e'i‘f
1918 2344 2266 2476 Ρὲἱιῖῗῖἷξῗ
2277 2330 2462 2481 ἒῖζοζ

1625 2445 1635 2455 .
1707 2443 1725 2471 ,
1906 2444 1918 2457 .
2093 2446 2104 2457 .
2244 2447 2255 2458 .
2386 2428 2435 2460 ιι.

1454 2485 1579 2536 Exc.
1605 2484 1816 2537 Samen.
1855 2484 2018 2537 Came.
2042 2484 2173 2551 hoc,
2201 2506 2309 2558 quo
2333 2505 2460 2553 nos,

1452 2559 1638 2614 ordine
1664 2559 1815 2614 vultu
1837 2561 2163 2637 ingressuque
2186 2582 2306 2615 cum
2341 2565 2460 2617 Ald

1452 2641 1606 2694 Basil.
1623 2640 1821 2713 Gryph.
1843 2641 2035 2695 Rollin.
2060 2643 2161 2695 Sed
2175 2645 2317 2696 JenS.
2336 2643 2460 2715 (tec.

1449 2720 1609 2772 Gesn.
1615 2721 1694 2791 )v.
1683 2737 2092 2804 ‚progressuun
2107 2742 2228 2773 cum
2243 2737 2461 2794 posterr.

1451 2799 1572 2854 edd.
1598 2813 1720 2852 ante
1744 2800 1861 2854 Ald.
1899 2818 2010 2852 acc.
2035 2801 2158 2852 Bad.
2191 2801 2441 2873 Reliqui
2422 2820 2458 2853 ι.

1450 2878 1720 2950 vultuque.
1757 2881 1833 2930 Ex
1855 2883 2006 2932 Voss.
2043 2896 2098 2946 1,
2142 2898 2200 2946 2,
2236 2880 2303 2932 In
2332 2899 2458 2952 pro—

1445 2978 1634 3035 gressu.
1655 2957 1885 3010 Gotban.
1911 2958 2042 3029 (tac.
2059 2917 2312 3031 Geerier.)
2336 2978 2458 3012 mox

1445 3039 1781 3111 prospicitur,
1801 3057 1920 3089 cum
1933 3041 2087 3105 Voss.
2106 3040 2167 3099 33
2190 3039 2348 3091 modo
2367 3058 2459 3092 au-

1448 3130 1554 3168 tem
1583 3115 1722 3168 idem
1743 3115 1998 3187 frequens
2021 3134 2121 3187 pro
2134 3117 2456 3189 frequenter.

1448 3224 1517 3233 —
1531 3195 1713 3245 Nostri
1729 3192 2004 3258 salutatio,
2032 3214 2142 3247 exc.
2161 3198 2306 3247 Avie.
2320 3196 2455 3249 van.

1448 3272 1536 3325 lib.
1561 3274 1627 3324 R.-
1661 3291 1678 3325 ι
1697 3290 1714 3323 1
1733 3287 1772 3337 ,“
1795 3275 1885 3344 qui
1902 3272 2129 3326 saltatio.
2156 3276 2279 3326 Mox
2306 3275 2459 3328 vultu.

1450 3351 1802 3423 ingressuque,
1844 3369 1955 3403 exc.
1984 3353 2045 3402 R.
2090 3369 2148 3420 7,
2188 3356 2278 3423 qui
2304 3353 2457 3406 vultu

1443 3447 1826 3501 proqrexsuque.
1852 3432 1946 3482 En.
1963 3460 2032 3471 —-
2051 3429 2288 3482 Saltatio.
2317 3434 2453 3484 Pan-

1448 3510 1787 3559 tomimorum
1806 3520 1969 3560 artem
1991 3512 2352 3582 unusquisque
2369 3510 2454 3562 hic

1448 3598 1701 3656 agnoscet
1713 3625 1731 3651 ,
1755 3605 1912 3657 quam
1927 3586 2031 3637 hoc
2046 3587 2307 3639 vocabulo
2323 3590 2457 3640 Noe·

1449 3678 1529 3717 ter
1550 3665 1878 3736 significatS.
1912 3667 2081 3736 8931,
2117 3683 2206 3732 ιι,
2240 3668 2330 3731 18,
2364 3683 2454 3736 19,

1446 3743 1714 3796 indicante
1736 3743 1990 3795 Gesnero.
2024 3744 2167 3797 Idem
2202 3743 2456 3797 admonet

1446 3819 1610 3873 libelli
1629 3822 1880 3873 Lucienei
1903 3818 2007 3886 περὶ
2031 3810 2289 3885 &exiiet-e,
2310 3820 2453 3875 unde
2519 3824 2526 3833 ‘

1451 3900 1666 3971 «qualis
1691 3912 1744 3951 et
1768 3912 1975 3971 quanta·
2017 3901 2140 3951 artis
2165 3896 2256 3950 ina
2293 3898 2454 3952 fuerit

1450 3980 1704 4031 «saltatio
1721 4003 1743 4026 n·
1786 3978 1919 4031 disci
1940 3980 2123 4050 possit.
2147 3977 2281 4030 Vide
2304 3981 2355 4043 1,
2390 3978 2452 4047 5,

1445 4058 1533 4110 36.
1563 4058 1615 4110 Si
1639 4060 1757 4129 quis
1795 4058 1932 4108 forte
1961 4058 2152 4109 incessu
2188 4055 2332 4107 malit
2353 4074 2452 4127 pro

1449 4139 1671 4211 inqressu
1689 4177 1704 4203 ‚
1752 4137 1991 4189 conferat
2022 4139 2065 4187 is
2101 4138 2152 4199 1,
2189 4136 2249 4201 3,
2279 4153 2295 4186 ι
2314 4173 2332 4201 ,
2359 4135 2451 4189 ubi
