3200 5159
788 483 916 565 444

1353 482 1446 547 M.
1488 482 1721 547 FABn
1756 481 2313 566 QUINTILIANI
2351 529 2358 535 .

716 635 751 688 9
784 629 1301 703 manarumque
1321 605 1723 708 conjuncta.
1749 604 1931 695 Quae
1959 605 2125 705 ipsae
2150 624 2417 702 quanto
2440 605 2735 707 majores
2755 619 2775 651 ¹
2805 632 2892 679 ac

781 717 1213 818 pulchriores
1256 719 1691 808 viderentur,
1730 719 1788 791 si
1831 719 1985 793 illas
2021 720 2067 791 ii
2104 720 2466 812 docerent,
2501 720 2625 821 qui
2672 721 2884 793 etiam

786 834 1017 934 eloqui
1047 834 1609 936 praestantissime
1645 834 1963 935 possent?
1996 835 2453 936 utinamque²
2488 836 2577 908 sit
2607 857 2890 936 tempus

784 975 1138 1050 unquam,
1169 978 1311 1052 quo
1339 952 1684 1053 perfectus
1714 950 2002 1049 aliquis,
2040 952 2322 1050 qualem
2350 972 2707 1052 optamus,
2735 979 2894 1025 ora-

786 1085 891 1137 tor
920 1065 1101 1139 hanc
1132 1063 1405 1140 artem³
1441 1066 1741 1166 superbo
1775 1066 2068 1139 nomine
2101 1087 2169 1140 et
2198 1066 2377 1139 vitiis
2413 1065 2908 1164 quorumdam,

784 1179 972 1254 bona
1004 1183 1156 1285 ejus
1180 1182 1798 1282 corrumpentium
1834 1182 2166 1272 invisam,
2205 1182 2509 1255 vindicet
2549 1181 2722 1269 sibi,
2767 1206 2884 1273 ac,

782 1295 1021 1397 velut4
1065 1297 1269 1372 rebus
1299 1298 1601 1397 repetitis
1628 1354 1648 1387 ,
1699 1297 1772 1371 in
1820 1324 2069 1397 corpus
2112 1297 2522 1398 eloquentiae
2564 1296 2888 1370 adducat.

786 1411 963 1502 Quae
997 1411 1289 1511 quidem
1319 1437 1546 1514 quum
1576 1414 1664 1487 sit
1697 1413 1772 1485 in
1805 1413 1983 1487 tres⁵
2013 1413 2233 1488 divisa
2260 1434 2522 1515 parta,
2557 1410 2891 1485 ⁶²2atum-

686 1440 750 1477 10

784 1580 904 1636 vide
935 1584 1045 1637 Cic.
1083 1584 1152 1637 tle
1187 1583 1344 1638 offic.
1379 1586 1462 1653 ΙΙ,
1485 1604 1548 1650 ²3
1575 1585 1795 1639 Tuscul.

784 1664 873 1729 IV,
903 1663 986 1717 26.
1016 1664 1305 1736 Diligenter
1336 1679 1511 1718 autem
1546 1665 1653 1719 hoc
1678 1667 1799 1719 loco

788 1741 895 1792 vita
920 1761 1042 1795 cum
1069 1743 1284 1796 scientia
1311 1746 1668 1816 componitur.

864 1837 883 1872 ι
895 1858 907 1871 .
924 1822 1203 1893 Majores...
1226 1822 1537 1876 viderentur.
1555 1823 1798 1891 Quorum

786 1898 928 1962 loco,
944 1900 1072 1968 maj.
1092 1898 1191 1952 hic.
1206 1897 1385 1971 pulch.
1400 1900 1661 1954 videretur
1671 1903 1797 1953 Tur.

785 1977 844 2029 Si
858 1977 954 2030 itta
968 1980 1013 2031 si
1024 1979 1306 2046 doceretur,
1317 1980 1589 2032 Tur.Flor.
1608 1981 1667 2035 Si
1681 1979 1804 2034 illas

788 2056 827 2108 1.
852 2056 965 2110 doe.
982 2097 1001 2124 ,
1022 2057 1202 2110 Ambr.
1228 2077 1277 2112 2.
1305 2059 1367 2112 Si
1387 2057 1484 2111 itta
1504 2060 1700 2112 scilieet
1715 2061 1766 2113 d.
1780 2099 1799 2128 ,

786 2136 962 2190 Guelf.
998 2155 1124 2189 cum
1157 2154 1321 2206 marg.
1356 2134 1510 2189 Basil.
1543 2139 1800 2205 Possunt,

788 2215 930 2270 Flor.
964 2236 1086 2270 cum
1118 2214 1322 2290 Gryph.
1349 2230 1401 2269 et
1424 2231 1651 2290 posterr.
1677 2229 1801 2271 ante

788 2298 917 2352 Obr.
957 2315 1067 2349 acc.
1098 2297 1238 2349 Roll.
1271 2297 1487 2349 Utinam
1523 2299 1636 2350 sine
1664 2315 1798 2369 que,

787 2376 964 2429 Guelf.
982 2375 1115 2429 Vide
1129 2377 1232 2442 VI,
1258 2375 1289 2427 3
1309 2414 1325 2441 ,
1355 2377 1405 2428 5.

862 2472 911 2506 2.
945 2454 1321 2524 Utinamque...
1346 2473 1596 2527 unquam.
1622 2455 1801 2507 Poste-

789 2536 895 2584 rius
916 2544 1058 2583 recte
1078 2544 1257 2583 tuetur
1277 2530 1468 2583 Badius
1493 2545 1677 2585 contra
1702 2534 1801 2584 Re·

786 2614 932 2683 gium
975 2624 1254 2681 negantem
1293 2612 1422 2662 citra
1462 2615 1799 2682 negationem

786 2693 934 2766 poni.
964 2689 1066 2742 Sed
1099 2709 1161 2742 ea
1184 2681 1298 2763 ipsa
1322 2701 1404 2742 est
1426 2691 1479 2741 in
1503 2692 1799 2761 interroga-

789 2776 962 2834 tione;
986 2768 1195 2844 qualem
1217 2770 1696 2840 frequentissimam
1715 2770 1802 2824 de-

787 2863 1044 2906 monstrat
1081 2848 1222 2901 idem
1264 2848 1457 2903 Badius
1493 2851 1546 2901 in
1590 2849 1694 2903 illis
1734 2870 1802 2903 en

789 2933 890 2984 erit
909 2947 1142 3002 unquam
1165 2925 1269 2982 Ille
1289 2926 1394 2980 dies
1404 2967 1423 2995 ,
1442 2930 1584 2999 Virg.
1613 2927 1795 3000 Eclog.

788 3011 907 3062 vm
926 3049 941 3076 ‚
967 3027 1015 3079 7.
1042 3010 1120 3061 De
1144 3007 1246 3059 hac
1270 3008 1441 3059 forma
1466 3009 1799 3060 Burmannus

790 3090 1000 3160 ablegat
1019 3089 1086 3141 ad
1103 3091 1133 3140 J
1143 3128 1155 3140 .
1170 3090 1228 3140 F.
1247 3089 1572 3141 Gronovium
1599 3088 1665 3140 ad
1687 3090 1796 3140 Liv.

790 3172 965 3235 XXX,
987 3186 1076 3235 21,
1096 3170 1148 3222 8.
1168 3168 1273 3221 Sed
1292 3169 1533 3219 tractavit
1545 3169 1656 3238 jam
1676 3169 1802 3242 Ery-

790 3249 987 3302 thraeua
1010 3251 1064 3301 in
1083 3246 1261 3300 lndice
1276 3246 1459 3317 Virgil.
1476 3267 1524 3299 v.
1547 3266 1798 3320 unquam.

790 3330 1006 3400 Optime
1036 3345 1271 3399 unquam
1306 3327 1608 3377 restitutum
1630 3326 1802 3380 Ovidii

790 3408 966 3459 versui
989 3406 1168 3457 Amor.
1193 3408 1246 3466 1,
1270 3405 1304 3457 6
1322 3444 1337 3471 ,
1366 3405 1431 3457 25
1448 3442 1465 3468 ,
1495 3403 1562 3455 ab
1583 3407 1801 3458 Heinsio

790 3498 972 3538 monet
1006 3486 1209 3548 Burm.‚
1243 3484 1336 3534 ubi
1368 3501 1491 3533 sane
1526 3481 1674 3534 nulla
1699 3501 1798 3535 nec

791 3567 1032 3635 negatio,
1056 3582 1154 3616 nec
1178 3561 1541 3630 interrogatio.
1756 3627 1764 3634 ἱ

862 3645 913 3697 3.
940 3643 1096 3694 Hanc
1118 3652 1310 3703 artem,·
1346 3642 1420 3692 sic
1455 3638 1701 3692 Ambros.
1736 3660 1798 3708 2,

789 3720 967 3777 Guelf.
996 3739 1115 3772 cum
1142 3719 1272 3771 Obr.
1308 3720 1379 3769 H.
1406 3733 1644 3792 partem,
1675 3720 1800 3773 reli..

793 3804 916 3873 qui3
956 3798 1074 3852 vide
1112 3798 1244 3865 Xll,
1284 3814 1330 3864 ι,
1362 3800 1442 3852 16.
1470 3798 1696 3871 Vulgata
1727 3798 1798 3851 ob

792 3896 880 3931 eas
906 3895 1021 3948 quae
1045 3895 1165 3928 mox
1189 3875 1267 3946 (S.
1302 3876 1386 3947 ιο)
1410 3891 1532 3930 sunt
1557 3891 1653 3931 tres
1671 3896 1800 3950 par-

793 3969 864 4010 tes
881 3958 1004 4009 ferri
1020 3959 1221 4026 nequit.
1244 3955 1538 4023 Vinde’cent,
1560 3958 1699 4011 Flor.
1715 3958 1800 4011 Ad

793 4035 953 4108 hujus
977 4034 1022 4106 §.
1049 4054 1236 4087 vocem
1267 4037 1586 4110 Utinamque
1609 4038 1800 4091 desinit

793 4115 1205 4167 commentarius
1228 4118 1507 4186 Regianue.
1524 4147 1598 4157 ——-
1619 4119 1800 4171 Nostri

790 4189 921 4245 «lant
940 4190 1030 4247 alii
1048 4192 1182 4246 hanc
1199 4206 1395 4263 anem,
1416 4194 1504 4249 alii
1523 4183 1800 4268 haitcpar·

1880 1599 2001 1640 tem.
2018 1586 2145 1638 Mox
2159 1605 2259 1659 pro
2281 1583 2512 1638 adducat
2530 1583 2594 1636 R.
2612 1602 2642 1656 7
2669 1595 2724 1636 et
2741 1581 2889 1656 apud

1880 1664 2510 1717 Burm.Locat.abducat.
2536 1662 2892 1718 Exn—Hanc

1877 1756 2062 1797 artem.
2079 1744 2346 1816 Significat
2359 1740 2783 1817 philosophiam,
2803 1744 2896 1796 cui

1878 1842 2076 1877 nomen
2117 1822 2186 1876 ab
2226 1825 2439 1895 originis
2483 1841 2588 1876 σοι».
2630 1818 2890 1874 modestia

1883 1902 2143 1955 deflexum
2158 1941 2176 1970 ‚
2197 1905 2415 1974 jamque
2438 1902 2748 1972 arrogantiae
2771 1918 2892 1952 sus-

1882 1997 2096 2055 pectum
2122 1982 2275 2053 (vide
2300 1986 2355 2049 1,
2379 1999 2601 2055 prooem.
2631 1980 2726 2052 14)
2754 1980 2892 2031 invi-

1883 2063 2025 2115 diam
2048 2063 2251 2115 fecerit.
2276 2064 2402 2133 Ejus
2431 2073 2606 2113 autem
2633 2058 2893 2133 triplicem

1883 2142 2196 2196 divisionem
2244 2143 2486 2212 tetigerat
2532 2140 2585 2191 in
2628 2140 2894 2211 prooemio

1885 2239 2100 2293 quoque
2139 2222 2301 2273 totius
2338 2221 2514 2291 operis
2550 2220 2599 2286 S.
2629 2215 2705 2270 15.
2743 2218 2893 2286 Qua-

1880 2318 1999 2351 rum
2037 2301 2267 2371 partium
2290 2298 2508 2364 eadem,
2545 2315 2661 2368 quae
2697 2298 2897 2349 Noster

1881 2378 2033 2450 (vide
2049 2380 2120 2431 Vl
2134 2419 2152 2446 ‚
2184 2398 2213 2432 2
2230 2416 2248 2445 ‚
2279 2378 2370 2449 8),
2398 2376 2662 2430 vocabula
2681 2389 2896 2448 ponunt

1881 2457 2080 2511 Seneca
2100 2460 2268 2529 Epist.
2293 2458 2590 2522 LXXXIX,
2613 2469 2666 2508 et
2688 2457 2898 2508 Macro-

1880 2536 2002 2589 bius
2031 2538 2084 2588 in
2114 2536 2218 2589 fine
2241 2534 2408 2587 libelli
2434 2534 2503 2587 de
2530 2535 2748 2588 Somnio
2778 2533 2894 2586 Sci·

1881 2618 2087 2689 pionis;
2119 2615 2212 2668 sed
2240 2613 2326 2666 hic
2352 2610 2660 2666 rationalem
2687 2630 2895 2683 nequa-

1883 2713 2075 2766 quam,
2111 2708 2169 2745 ut
2203 2711 2325 2745 cum
2353 2691 2552 2745 Seneca
2585 2693 2793 2761 Quint,
2825 2690 2894 2743 ad

1882 2772 2194 2827 dialecticen
2223 2773 2459 2842 astringit
2475 2809 2493 2839 ‚
2515 2789 2696 2823 verum
2723 2767 2790 2822 de
2814 2771 2897 2822 in·

1882 2854 2138 2926 corporeis
2188 2871 2485 2904 sermonem
2535 2867 2649 2903 esee
2698 2849 2858 2902 tradit
2878 2887 2898 2916 ,

1884 2950 2050 3003 quum
2070 2932 2132 2983 de
2146 2944 2294 2984 motu
2307 2941 2358 2982 et
2371 2927 2762 2982 immortalitate
2780 2928 2900 2979 ani-

1881 3029 1982 3064 moe
2004 3010 2324 3083 disputetur,
2358 3029 2474 3084 quoe
2506 3008 2735 3062 naturali
2767 3007 2895 3081 phi-

1879 3089 2135 3161 losephiae
2159 3088 2228 3141 ab
2243 3087 2345 3141 illis
2361 3090 2753 3160 impertiuntur.
2771 3090 2895 3142 coru

1876 3189 1979 3243 pus
1997 3170 2311 3242 eloquentia:
2328 3170 2538 3235 dicitur,
2562 3171 2715 3239 cujus
2740 3173 2898 3243 quasi

1883 3248 2118 3300 membra
2140 3251 2244 3301 sint
2262 3248 2506 3319 singulm,
2531 3250 2683 3320 quasi
2707 3263 2894 3302 orator

1882 3339 2059 3379 mente
2076 3326 2464 3399 complectitur,
2485 3340 2623 3379 artes
2638 3326 2781 3398 (vide
2797 3327 2889 3382 lib.

1883 3407 2006 3470 ΧΠ,
2032 3425 2151 3478 cap.
2187 3423 2231 3470 1,
2258 3404 2302 3477 S.
2328 3404 2435 3474 25).

1952 3484 2004 3551 4.
2039 3483 2213 3537 Velut.
2231 3522 2271 3535 ..
2305 3484 2542 3555 repetitis.
2571 3483 2779 3537 Allusio
2809 3498 2892 3538 est

1880 3562 1946 3614 ad
1967 3561 2406 3615 consuetudinem
2423 3582 2727 3626 romanam;
2748 3578 2896 3616 ante-

1880 3660 2040 3714 quam
2053 3644 2193 3693 enim
2209 3639 2407 3694 bellum
2422 3640 2761 3708 indiceretur,
2778 3645 2894 3694 mit·

1881 3720 2092 3772 tebatur
2122 3720 2319 3773 fecialis
2343 3737 2465 3772 cum
2484 3721 2795 3774 verbenario
2820 3720 2891 3773 ad

1879 3818 1963 3851 res
1999 3799 2350 3870 repetenda,
2387 3816 2502 3871 quae
2544 3799 2732 3851 ablate
2769 3801 2893 3852 fue·

1880 3892 2029 3941 rant3
2066 3897 2231 3950 eaque
2267 3877 2545 3930 dicebatur
2580 3878 2890 3951 clarigatio,

1881 3958 1936 4011 id
1964 3972 2075 4025 est,
2099 3958 2243 4011 clara
2264 3977 2398 4011 voce
2430 3961 2572 4011 facta
2600 3978 2778 4012 rerum
2806 3977 2893 4010 re·

1880 4041 2083 4112 petitio.
2109 4041 2277 4091 Tum«.

1955 4119 2005 4174 5.
2031 4121 2098 4170 In
2121 4130 2235 4172 tres.
2257 4120 2426 4186 Flor.‚
2450 4121 2504 4171 in
2532 4117 2701 4171 tristis.

1951 4197 2002 4250 6.
2024 4197 2397 4252 Naturalem...
2413 4196 2742 4251 rationalem.
2754 4196 2900 4276 Grae-
2911 4265 2924 4274 ·
