3200 5159
779 516 909 596 406
1356 514 1451 577 Μ.
1488 511 1716 575 FABII
1752 508 2310 592 QUINTILIANI

781 638 1245 737 interrogant,
1281 635 1603 725 irrident,
1641 632 1954 706 elevant?
1985 631 2204 705 Aliter
2228 630 2428 702 enim
2461 629 2753 718 dicitur,
2785 631 2895 701 Tu

781 751 956 825 mihi
990 753 1447 854 quodcunque
1486 748 1619 822 hoc
1644 754 1840 847 requi
1858 778 1876 836 ;
1909 767 2012 837 et,
2046 745 2407 819 Cantando
2438 761 2509 817 tu
2546 744 2797 818 illum?
2839 765 2907 816 et

784 871 980 941 Tune
1010 868 1124 940 ille
1149 867 1449 939 AEneas?
1476 886 1574 956 et,
1601 868 1857 967 Meque
1886 867 2149 938 timoris
2175 866 2419 962 Aryue
2449 878 2554 949 tu,
2584 863 2903 933 Drance.-

782 1005 881 1074 et‚
914 1011 1002 1055 ne
1033 1009 1301 1071 morer,
1338 983 1523 1054 intra
1550 1007 1623 1053 se
1648 982 1945 1080 quisque
1975 978 2083 1051 vel
2108 980 2279 1067 hoc,
2310 978 2419 1050 vel
2446 978 2678 1065 aliud,
2709 977 2905 1075 quod

780 1097 993 1188 volet,
1037 1124 1160 1197 per
1188 1124 1436 1170 ornnes
1465 1097 1754 1168 affectus
1786 1117 2040 1184 νει-εει,
2072 1121 2321 1166 verum
2349 1120 2528 1181 esse,
2567 1092 2760 1192 quod
2802 1092 2902 1164 di·

644 1237 741 1291 ¹77
780 1215 1041 1304 cimus,
1080 1214 1270 1285 sciet.
1314 1215 1563 1284 Unum
1595 1211 1747 1311 jam
1791 1210 1898 1283 his
1950 1208 2436 1309 adjiciendum
2481 1229 2622 1299 est,
2671 1235 2899 1305 quum

652 1334 657 1342 ‘
780 1329 1129 1429 praecipue
1159 1329 1236 1399 in
1281 1328 1550 1400 actione
1589 1347 1936 1426 spectetur
1966 1325 2173 1399 decor
2195 1339 2245 1414 ¹,
2281 1350 2460 1423 saepe
2494 1323 2692 1395 aliud
2725 1323 2903 1396 alios

780 1446 1060 1517 decere:
1095 1466 1192 1517 est
1215 1444 1410 1515 enim
1439 1442 1660 1515 latens
1691 1442 2016 1540 quaedam
2043 1441 2120 1511 in
2142 1441 2277 1512 hoc
2297 1439 2468 1511 ratio
2486 1496 2505 1528 ,
2532 1462 2603 1512 et
2626 1440 2902 1510 inenar-

781 1560 1056 1648 rabilis3
1098 1580 1166 1632 et
1201 1582 1277 1632 ut
1302 1584 1459 1631 vere
1492 1557 1625 1629 hoc
1653 1557 1924 1629 dictum
1967 1576 2100 1645 est,
2133 1570 2395 1654 caput²
2425 1579 2561 1626 esse
2576 1551 2629 1642 3,
2664 1555 2902 1625 decere

778 1677 970 1776 quod
1004 1677 1222 1768 facias
1234 1706 1260 1760 ,·
1303 1676 1397 1746 ita
1438 1674 1509 1744 id
1552 1698 1782 1770 neque
1812 1672 1960 1743 sine
1997 1692 2138 1760 arte
2182 1696 2361 1758 esse,
2397 1695 2629 1768 neque
2668 1690 2899 1741 totum

644 1806 741 1875 178
778 1811 921 1863 arte
972 1790 1148 1863 tradi
1198 1811 1443 1889 potest.
1490 1791 1571 1859 In
1622 1786 2052 1887 quibusdam
2107 1786 2389 1857 virtutes
2432 1812 2578 1856 non
2634 1782 2902 1856 habent

778 1905 1111 2006 gratiam,
1143 1906 1214 1978 in
1247 1903 1675 2005 quibusdam
1701 1904 1866 1976 vitia
1902 1903 2050 2002 ipsa
2102 1898 2511 1974 delectantlt.
2546 1900 2897 1973 Maximos

778 2044 1040 2095 actores
1072 2022 1577 2094 comoediarum
1602 2078 1622 2111 ‚
1653 2018 2139 2091 Demetrium⁵
2175 2042 2246 2091 et
2280 2015 2657 2090 Stratoclea
2671 2013 2725 2107 ⁶,
2764 2015 2903 2115 pla·

664 2141 671 2148 ’
779 2166 932 2212 cere
975 2138 1261 2211 diversis
1303 2138 1682 2212 virtutibus
1708 2138 2053 2211 vidimus:
2100 2139 2222 2210 sed
2263 2137 2444 2210 illud
2479 2137 2718 2208 minus
2752 2137 2898 2209 mi-

776 2326 918 2378 Flor.
939 2327 1116 2402 Argue
1134 2331 1327 2380 omittit
1344 2327 1520 2380 Guelf.
1542 2328 1788 2390 Drances,
1943 2329 1993 2380 3.
2020 2326 2169 2392 Esse,
2203 2327 2406 2386 decere3
2444 2326 2519 2376 sic
2543 2326 2723 2377 Tur-ic.
2757 2324 2896 2395 (nisi

778 2409 939 2459 Cim.
955 2407 1029 2458 Et
1042 2426 1194 2460 nemo
1210 2426 1375 2459 rerum
1391 2409 1529 2458 intra
1543 2405 1788 2478 quisque,
1874 2405 2018 2476 quod
2060 2406 2237 2477 capud
2273 2404 2439 2456 modo
2455 2442 2472 2470 ‚
2516 2417 2570 2457 et
2614 2403 2895 2473 decedere)

777 2488 955 2539 Turie.
973 2487 1112 2539 Flor.
1134 2488 1207 2537 Et
1224 2506 1375 2540 nemo
1396 2504 1569 2538 rerum
1594 2487 1629 2536 ἰ.
1653 2505 1691 2538 s.
1715 2504 1789 2557 q„
1872 2486 2011 2538 Flor.
2047 2484 2209 2537 Cane.
2247 2501 2371 2535 cum
2405 2483 2543 2535 Alm.
2568 2483 2719 2535 Artis
2753 2485 2899 2536 inee-

778 2564 962 2618 Ambr.
983 2582 1010 2616 2
1024 2603 1042 2626 ,
1058 2583 1179 2617 cum
1197 2567 1346 2617 Bern.
1364 2567 1436 2616 Et
1450 2583 1605 2616 nemo
1623 2582 1793 2615 rerum
1875 2577 1998 2616 rum
2017 2562 2226 2632 reliqui.
2249 2560 2474 2634 Sedqm·
2494 2575 2616 2634 post
2638 2562 2784 2633 quod
2803 2560 2900 2613 ad·

782 2646 921 2696 inter
946 2663 984 2697 s.
1019 2664 1071 2717 q.
1085 2683 1102 2711 ‚
1137 2644 1312 2696 Guelf.
1349 2645 1422 2694 Et
1443 2662 1508 2694 ne
1532 2661 1798 2695 moremur
1873 2642 1952 2693 dit
1976 2640 2112 2692 male
2131 2641 2296 2692 Cute.
2321 2641 2431 2692 Ista
2453 2640 2536 2705 id,
2554 2641 2731 2692 Tui-ic.
2749 2639 2896 2692 Flor.

783 2724 819 2773 i.
840 2740 878 2773 s.
905 2739 988 2794 φ,
1009 2724 1163 2773 Voss.
1188 2721 1236 2772 3.
1273 2721 1360 2772 Ho
1386 2721 1495 2786 vel,
1526 2720 1709 2773 Ambr.
1740 2739 1791 2773 2.
1870 2721 1941 2772 Id
1962 2721 2063 2786 ita,
2088 2719 2251 2772 Goth.
2272 2721 2419 2772 Jens.
2444 2718 2677 2790 (tacente
2695 2719 2895 2790 Geso.)

781 2802 957 2854 Homo
977 2799 1086 2867 vel,
1106 2801 1283 2854 Guelf.
1306 2801 1412 2853 Per
1430 2802 1627 2868 omnis,
1650 2801 1790 2853 Flor.
1873 2820 1997 2854 cum
2025 2800 2145 2853 edd.
2182 2814 2306 2856 ante
2329 2799 2451 2852 ΔΜ.
2466 2830 2541 2840 -
2558 2801 2741 2852 Nostri
2769 2813 2899 2870 poet

783 2880 964 2933 Ambr.
994 2898 1042 2932 2.
1536 2882 1546 2892 '
1873 2899 1973 2934 esse
2001 2883 2241 2934 inserunt
2263 2883 2406 2936 artis.
2435 2881 2530 2932 En.

860 2978 903 3013 ι.
929 2961 1100 3012 Decor
1105 2980 1125 3020 ,-
1160 2961 1235 3010 sic
1258 2960 1434 3011 Tur-ic.
1461 2958 1600 3010 Flor.
1627 2960 1789 3012 Cute.
1945 2961 1996 3026 4.
2027 2959 2320 3011 Delectant.
2347 2960 2558 3024 Turic.‚
2586 2957 2898 3011 delectatur.

783 3058 904 3093 cum
942 3038 1075 3091 Alm.
1116 3038 1405 3103 Decorum,
1440 3037 1662 3109 reliqui,
1692 3040 1794 3090 uisi
1873 3037 2041 3089 Modo
2068 3038 2124 3088 in
2150 3039 2338 3109 quibus
2363 3038 2527 3106 vitia,
2553 3037 2734 3090 Floril.
2761 3038 2899 3093 San·

782 3118 929 3191 quod
954 3119 1165 3170 deorum
1182 3119 1326 3170 Jeus.
1352 3119 1583 3188 (tacente
1606 3117 1794 3189 Gesn.)
1874 3127 1980 3168 ten.
2012 3135 2109 3188 per
2137 3135 2385 3168 errorem.
2417 3116 2695 3182 Αιιεεονεε,
2721 3115 2890 3167 CAur.

780 3202 933 3253 Tarv.
949 3198 1093 3270 quod
1110 3197 1409 3250 inveniebat
1420 3196 1796 3268 Regiu5.Alios
1874 3212 1997 3245 cum
2024 3195 2171 3246 Jeus.
2196 3196 2351 3246 Tarv.

781 3277 1795 3344 decedereffuric.Flor.-Nostridant
1945 3274 1999 3327 5.
2033 3275 2359 3329 Demetrium
2392 3285 2447 3326 et
2473 3272 2783 3328 Stratoclea.
2817 3274 2898 3326 De

783 3358 872 3410 alii
894 3358 1064 3422 decor,
1090 3356 1181 3409 alii
1201 3356 1463 3409 decorum.
1488 3357 1583 3408 En.
1600 3386 1670 3395 —
1687 3357 1794 3408 De·
1873 3352 1957 3404 his
1977 3351 2189 3425 quidem
2215 3353 2488 3405 actoribus
2510 3353 2734 3406 scenicis
2758 3351 2893 3404 nihil

783 3455 886 3491 cor.
911 3436 1045 3488 Vide
1069 3437 1171 3502 XI,
1203 3452 1248 3500 1,
1275 3435 1363 3502 4¹·

857 3532 905 3566 2.
940 3515 1110 3585 Caput
1137 3531 1269 3578 esse,
1304 3512 1496 3565 decere.
1522 3513 1658 3565 Vide
1682 3513 1792 3566 Cic.

782 3594 850 3646 de
884 3595 1035 3647 Oret.
1063 3597 1120 3659 1,
1159 3613 1244 3663 ²9·
1285 3595 1411 3645 Mox
1449 3593 1595 3665 quod
1628 3604 1798 3665 potest

781 3673 1049 3726 Gesner-us
1072 3672 1386 3725 mutandum
1415 3688 1595 3726 censet
1616 3675 1795 3726 infini-

782 3755 893 3805 tivo
907 3772 1076 3824 posse,
1099 3771 1210 3804 non
1228 3751 1511 3823 persuadet
1528 3753 1671 3804 mihi.
1689 3755 1796 3826 op-

781 3845 1060 3903 ponuntur
1082 3831 1196 3883 haec
1220 3850 1399 3883 verum
1423 3843 1495 3884 est
1513 3844 1674 3904 caput
1696 3851 1797 3885 esse

785 3910 958 3962 decere
987 3923 1041 3962 et
1073 3913 1255 3983 nequit
1290 3913 1401 3964 sine
1434 3924 1545 3963 arte
1575 3929 1675 3963 esse
1701 3922 1798 3963 aut

787 4000 955 4041 totum
984 4001 1095 4044 arte
1118 3990 1269 4044 tradi.
1296 3990 1353 4044 ld
1379 3993 1552 4063 ipsum
1576 4005 1798 4063 apparet

784 4071 969 4140 positu
985 4069 1217 4122 adverbii
1232 4083 1316 4136 ut,
1338 4070 1486 4143 quod
1505 4074 1557 4122 in
1577 4072 1798 4125 Gesneri

787 4147 992 4198 ratione
1025 4149 1161 4199 inter
1192 4161 1265 4204 est
1300 4163 1353 4201 et
1390 4161 1551 4221 eaput
1581 4149 1797 4204 demum

786 4227 918 4296 poni
945 4224 1192 4279 debehat.

1873 3446 2129 3503 praeterea
2154 3434 2412 3503 comperi.

1945 3513 1996 3565 6.
2017 3512 2305 3565 Stratoclea
2317 3533 2335 3572 ,-
2357 3514 2431 3563 sic
2451 3513 2724 3563 Tur-icens.
2745 3510 2787 3561 F
2789 3509 2890 3563 lor.

1874 3590 2053 3642 Ambr.
2077 3607 2104 3641 2
2119 3628 2135 3655 ,
2154 3590 2332 3642 Guelf.
2354 3585 2604 3661 (quor-usn
2628 3589 2739 3641 duo
2760 3608 2895 3660 pos-

1877 3672 2028 3722 tremi
2047 3672 2298 3721 omittuut
2320 3669 2393 3739 et)
2415 3689 2536 3722 cum
2554 3667 2717 3721 Goth.
2736 3670 2894 3721 Vose-

1883 3767 1928 3815 1,
1966 3770 2024 3817 2,
2056 3753 2118 3816 3,
2156 3751 2304 3803 Bodl.
2340 3751 2504 3803 Andr.
2543 3750 2893 3817 Stratoclem‚

1874 3830 2082 3903 reliqui.
2100 3831 2235 3884 Vide
2266 3834 2356 3899 lv,
2390 3850 2436 3897 1,
2467 3846 2561 3902 773
2601 3835 2726 3884 item
2759 3832 2894 3898 XII,

1884 3931 1973 3978 ιο,
2015 3916 2097 3982 24.
2143 3914 2197 3966 V
2196 3914 2483 3978 idissemus,
2526 3912 2706 3964 Turio.
2743 3910 2888 3963 Flor.

1876 3992 2018 4062 Quid
2038 3993 2228 4058 lateat,
2249 4012 2358 4046 non
2378 4005 2606 4064 exputo;
2630 3992 2730 4044 uisi
2749 3992 2892 4045 forte

1877 4072 2147 4125 turbatum
2193 4074 2298 4125 fuit
2340 4071 2478 4124 male
2522 4071 2893 4124 continuando

1878 4152 1988 4204 vidi
2015 4152 2104 4204 sed
2136 4151 2274 4203 illud
2304 4153 2495 4204 minus.
2523 4149 2718 4218 Goth.‚
2745 4151 2892 4203 vide-

1877 4249 2020 4292 mus,
2056 4233 2144 4284 cui
2173 4231 2350 4284 obstat
2387 4249 2511 4283 mox
2542 4241 2670 4282 erat.
2705 4230 2891 4285 Amhr.
