3200 5159
609 464 1259 573 msrrru'rtoms
1295 494 1551 559 ORAT.
1591 496 1752 562 Lm.
1792 501 1949 575 ΧΠ,
2001 468 2130 571 ια’

2274 507 2396 589 545

317 631 437 730 qui
477 628 790 701 dandum
821 640 1068 724 putant
1090 614 1415 690 nonnihil
1440 616 1650 691 etiam
1673 632 1689 662 ¹
1732 625 2164 722 temporibus
2193 649 2398 726 atque

318 744 598 818 autibus
640 740 963 814 nitidius²
1008 731 1274 831 aliquid
1321 751 1530 829 atque
1578 734 1938 809 effectius³
1986 742 2402 840 postulanti-

317 858 485 932 bus:
535 854 817 955 itaque4
854 879 999 928 non
1032 849 1263 924 solum
1302 844 1392 918 ad
1426 848 1690 947 priores
1736 856 2000 928 Catone
2030 858 2402 932 Gracchis·
2447 917 2454 923 .

314 1048 630 1110 quapropter
646 1046 695 1087 te
713 1051 793 1085 ne.
819 1032 1014 1096 Cura,
1034 1047 1099 1080 ne
1117 1027 1171 1078 in
1192 1024 1313 1078 iltis.

393 1133 437 1167 ι.
463 1113 727 1167 Nonnihil
746 1112 934 1172 etiam3
959 1110 1034 1162 sic
1058 1107 1218 1159 Cain».
1243 1106 1314 1158 N.

314 1206 413 1258 est,
430 1194 607 1245 Turic.
627 1194 698 1246 N.
720 1209 842 1256 esse,
864 1189 1067 1259 reliqui.
1084 1188 1159 1237 Ex
1175 1202 1319 1235 com-

312 1271 512 1345 pendio
531 1275 582 1325 52
598 1291 696 1346 pro
715 1270 871 1322 etiam
892 1279 1016 1319 nata
1047 1276 1159 1317 erat
1185 1263 1316 1315 scri·

310 1364 469 1422 ptura
487 1359 558 1403 est
571 1388 590 1415 ,
612 1363 664 1402 et
679 1347 804 1402 inde
822 1364 919 1420 per
935 1343 1319 1397 correctionem

313 1431 543 1502 vulgata.

385 1530 436 1564 2.
461 1507 715 1562 Νἱείάίαε.
734 1507 941 1571 Turic.‚
965 1502 1174 1557 nitidus.

381 1588 435 1642 3.
452 1589 504 1639 Ε
492 1586 714 1659 ffectt‘us
723 1608 743 1648 ;
757 1587 833 1637 sic
846 1582 1008 1637 Goth.
1028 1579 1287 1653 Affectius
1298 1617 1317 1645 ,

307 1666 490 1721 Guelf.
528 1665 691 1717 Cur.
734 1681 856 1715 cum
890 1659 1028 1714 Vall.
1060 1661 1212 1711 Voss.
1255 1675 1282 1709 2
1301 1696 1318 1724 ,

306 1748 445 1803 Obr.
470 1745 792 1817 Affectibus,
815 1743 992 1796 Turic.
1013 1740 1152 1792 Flor.
1171 1741 1316 1792 Jens.

306 1839 362 1879 et
386 1838 550 1898 postt.
574 1835 698 1876 ante
721 1820 839 1873 Ald.
864 1819 1211 1892 Affectatius‚
1236 1835 1319 1869 re-

302 1905 443 1977 liqui
458 1943 478 1971 ,
499 1922 561 1956 ex
583 1901 703 1954 Aldi
719 1939 736 1968 ,
758 1902 966 1972 opinor,
993 1902 1316 1969 conjectura.

304 1987 562 2039 Nostram
596 1970 860 2033 Gesner-us
897 1976 1280 2029 commendavit
1302 2012 1318 2038 ‚

302 2062 513 2132 recepit
535 2076 709 2110 nemo.
736 2084 805 2097 —
828 2056 1007 2108 Nostri
1031 2052 1199 2105 codd.
1232 2052 1320 2104 alii

300 2138 585 2213 effectius,
615 2135 703 2188 alii
729 2133 1015 2207 effectibus.
1037 2162 1109 2172 —-
1131 2134 1179 2183 E
1169 2131 1317 2205 ffec·

300 2219 425 2271 tius.
451 2217 622 2287 Magis
641 2227 881 2266 curatum
900 2224 952 2264 et
969 2209 1314 2263 elaboratum.

298 2296 441 2349 Vide
460 2295 620 2347 Gesn.
640 2295 696 2345 in
713 2291 872 2344 Thes.
886 2327 904 2356 ‚
924 2302 977 2342 et
996 2307 1155 2360 supra
1171 2290 1316 2354 VIII,

300 2379 366 2442 3,
394 2375 593 2438 88;X‚
617 2370 678 2438 5,
705 2372 787 2427 23.
808 2367 939 2422 Vide
960 2370 1118 2421 etiam
1136 2369 1235 2437 XI,
1255 2368 1315 2435 3,

300 2456 405 2519 26,
432 2451 604 2504 nitida
626 2461 677 2501 et
696 2458 873 2501 curata
898 2464 1011 2501 vox.

374 2537 431 2605 4.
450 2535 642 2605 Itaque
656 2569 673 2596 ,
688 2544 789 2583 etc.
808 2531 868 2581 ln
882 2546 1028 2599 seqq.
1044 2525 1315 2596 vulgatum

294 2626 420 2667 erat
444 2610 724 2681 hucusque
752 2609 854 2659 ita:
880 2607 1069 2677 Itaque
1096 2622 1203 2657 non
1230 2623 1314 2657 so-

289 2692 415 2747 lum
446 2688 521 2742 ad
542 2689 737 2762 priores
763 2689 1009 2740 Catonem
1038 2682 1316 2736 Gracchos-

288 2791 402 2846 que
424 2767 517 2823 sed
540 2786 606 2819 ne
625 2767 695 2818 ad
718 2766 808 2820 hos
829 2765 1037 2838 quidem
1062 2774 1314 2816 oratorem

285 2847 641 2925 alligandum
668 2856 819 2919 puto.
852 2845 1093 2911 Quorum
1122 2841 1314 2894 verbo-

283 2949 419 2985 rum
453 2927 579 2980 loco
612 2926 667 2975 in
687 2926 863 2976 Turic.
895 2923 973 2977 hae
1002 2923 1315 2995 repetitione

288 3009 511 3063 tur-bin:
548 3004 583 3054 ἰ.
618 3022 671 3055 n.
704 3020 742 3054 s.
778 3002 850 3053 ad
872 3001 1201 3074 prioresqcati
1232 3017 1317 3051 me

277 3087 612 3166 qraohisque
641 3085 816 3155 itaque
842 3081 930 3135 sed
956 3099 1022 3132 ne
1047 3080 1117 3131 ad
1145 3078 1237 3132 hos
1261 3098 1313 3151 q.

282 3189 339 3222 o.
363 3188 420 3220 a.
442 3176 578 3238 puto
596 3172 751 3233 atque
763 3157 1039 3232 affectibus
1048 3155 1317 3228 postulan-

282 3252 355 3304 tis
391 3249 583 3316 itaque
619 3260 726 3294 non
761 3238 929 3292 solum
960 3237 1032 3288 ad
1061 3235 1317 3307 prioribus

281 3329 500 3383 catime
512 3319 816 3395 qmclu'sqne
829 3318 916 3370 sed
927 3335 994 3369 ne
1009 3316 1081 3367 ad
1098 3313 1189 3367 hos
1206 3313 1317 3386 qui-

277 3409 417 3465 dem
447 3402 572 3475 ipsis
593 3420 643 3452 o.
666 3419 718 3453 a.
743 3418 801 3471 p.
830 3400 889 3449 In
925 3395 1118 3468 quibus
1149 3395 1317 3465 inpri-

276 3489 392 3542 mis
403 3478 793 3538 attendendum
799 3475 1004 3550 qracht's
1014 3474 1093 3526 bis
1109 3476 1164 3525 in
1178 3473 1318 3524 abla-

274 3569 405 3621 tivo
420 3601 441 3629 ‚
458 3572 516 3614 et
529 3577 629 3631 pro
640 3557 857 3609 Catonis
872 3555 1139 3606 mentione
1154 3554 1319 3625 priori

273 3648 422 3701 loco
447 3641 559 3693 cati
576 3657 687 3705 me,
703 3650 814 3688 turn
833 3635 1048 3701 catt'me,
1069 3645 1191 3705 post
1205 3650 1318 3682 ver-

273 3728 360 3780 ba
381 3734 575 3778 nutem
596 3718 665 3770 ad
685 3717 774 3770 hos
785 3716 995 3788 quidem
1013 3712 1176 3764 altero
1197 3711 1318 3763 loco

276 3801 553 3859 additum
582 3796 717 3869 ipsis.
754 3796 830 3846 Ex
861 3792 1000 3845 Flor.
1035 3790 1189 3843 nullae
1218 3789 1321 3841 hu-

264 3877 544 3956 jusmodi
576 3875 774 3941 turbe,
805 3872 899 3926 sed
927 3869 1037 3923 haec
1067 3869 1321 3923 mendosa

274 3973 521 4017 nantum
563 3957 858 4008 afferuntur
897 3954 1086 4005 catime
1118 3948 1325 4023 grachis

276 4045 495 4113 itaque
517 4036 602 4089 sed
624 4054 687 4086 ne
705 4033 773 4087 ad
798 4032 888 4084 hos
905 4030 1113 4104 quidem
1135 4028 1256 4102 ipsis
1274 4048 1322 4080 o.

272 4141 339 4173 a,
366 4136 435 4189 p,
468 4115 532 4165 In
555 4111 729 4165 Guelf.
757 4124 835 4185 est
858 4110 1043 4164 Catoni
1068 4126 1150 4159 me
1175 4107 1328 4161 Grac-

260 4197 557 4269 dtisqm:
596 4193 651 4245 in
684 4193 845 4246 Cain.
875 4188 1185 4264 qmchisque
1212 4200 1328 4243 tan-

535 4281 588 4350 4.

1397 1039 1507 1078 tum
1521 1066 1537 1094 ‚
1559 1041 1746 1083 caetera
1765 1045 1823 1083 ut
1843 1035 1898 1084 in
1914 1032 2154 1104 vulgata,
2170 1054 2326 1107 quam
2349 1051 2402 1089 et

1396 1105 1557 1161 habet
1586 1110 1733 1162 Jens.
1769 1110 1862 1163 sed
1892 1114 1965 1165 ita
1996 1115 2399 1186 interpolatam:

1396 1185 1467 1236 ad
1483 1187 1679 1258 priores
1696 1208 1780 1241 me
1802 1192 2047 1243 Catonem
2063 1194 2194 1263 (tac.
2211 1194 2405 1267 Gesn.)

1395 1282 1519 1316 cum
1555 1281 1720 1338 postt.
1759 1283 1882 1322 ante
1917 1267 2037 1323 Ald.
2078 1275 2169 1342 qui
2204 1274 2403 1343 primus

1397 1340 1540 1394 dedit
1560 1343 1858 1415 vulgatum,
1878 1360 1937 1398 ut
1958 1351 2232 1419 posuimus
2246 1370 2405 1422 supra

1398 1435 1452 1474 et
1485 1425 1563 1475 uti
1595 1438 1677 1477 est
1705 1427 1761 1476 in
1791 1426 1952 1479 Goth.
1982 1431 2136 1482 Voss.
2174 1448 2201 1483 2
2219 1468 2238 1496 ‚
2267 1430 2401 1483 Vall.

1398 1504 1477 1555 Ex
1498 1504 1634 1556 Alm.
1670 1520 1848 1559 autem
1879 1507 1953 1559 nil
1985 1512 2086 1561 nisi
2117 1511 2252 1582 ipsos
2282 1525 2406 1584 post

1398 1581 1489 1635 illa
1523 1583 1594 1634 ad
1631 1584 1721 1637 hos
1757 1586 1968 1658 quidem
2002 1602 2311 1651 enotatumg
2349 1604 2410 1642 ut

1397 1658 1485 1733 iiic
1519 1663 1677 1715 etiam
1707 1664 1763 1715 in
1790 1666 1988 1717 caeteris
2017 1665 2280 1736 vulgatam
2310 1667 2407 1720 ha—

1398 1735 1524 1792 bere
1545 1739 1800 1797 videatur.
1832 1744 1980 1797 Hanc-
2009 1746 2167 1815 igitur
2188 1747 2403 1800 Gesner.

1398 1817 1468 1868 ita
1490 1818 1815 1890 explicabat,
1833 1835 1894 1872 ut
1916 1821 2008 1875 hos
2028 1822 2229 1877 dictum
2249 1839 2407 1897 puta-

1397 1909 1477 1948 ret
1490 1895 1557 1951 de
1572 1897 1675 1950 illis
1703 1923 1725 1946 ι
1742 1902 1830 1971 qui
1846 1919 2018 1972 nuper
2031 1902 2179 1955 fuere
2194 1916 2246 1955 et
2263 1923 2406 1956 nunc

1406 1996 1428 2020 u
1450 1988 1587 2028 sunt.
1612 1999 1634 2022 ι
1664 1977 1824 2045 Quod
1856 1998 1952 2049 per
1983 1998 2038 2032 se
2071 1979 2157 2032 hic
2186 1981 2405 2035 durissi-

1398 2071 1542 2103 mum
1565 2052 1724 2123 (nam
1743 2057 1858 2126 quis
1878 2058 2162 2127 interjectis
2180 2062 2404 2112 nomini·

1396 2130 1498 2182 bus
1530 2151 1826 2203 pronomen
1862 2134 1953 2187 hos
1982 2148 2090 2187 tam
2127 2135 2302 2204 nude,
2338 2158 2407 2191 ne

1396 2212 1660 2266 vocabulo
1687 2212 1896 2284 quidem
1922 2227 2146 2268 oratores
2167 2216 2406 2289 adjecto,

1395 2293 1469 2343 ita
1505 2292 1856 2363 intellig-affl),
1888 2293 1959 2346 ob
1984 2294 2248 2367 adjectum
2272 2296 2406 2350 illud

1396 2372 1489 2443 qui
1515 2391 1685 2445 nuper
1702 2374 1860 2444 plane
1879 2374 2154 2428 ferendum
2174 2395 2285 2428 non
2303 2391 2398 2431 est.

1394 2452 1631 2522 Apparet
1653 2454 1821 2518 enim,
1842 2454 2134 2506 Gesner-um
2160 2453 2227 2506 de
2251 2455 2405 2508 Cice-

1393 2530 1537 2585 roni-s
1577 2531 1913 2602 potissimum
1954 2551 2063 2585 aevo
2107 2535 2366 2603 cogitasse
2388 2556 2400 2586 ε

1393 2625 1517 2660 nam
1542 2611 1659 2680 quis
1685 2607 1752 2661 ad
1777 2611 2002 2663 seriores
2025 2610 2146 2665 illos
2177 2634 2199 2659 ι
2219 2625 2401 2665 orato-

1400 2710 1422 2734 «
1440 2706 1550 2741 rem
1567 2686 1807 2758 alligasse
1823 2713 1845 2736 ιι
1859 2690 2130 2761 putandus
2145 2693 2404 2759 est?Aut,

1396 2767 1439 2817 si
1462 2765 1567 2817 hoc
1600 2779 1806 2818 tantum
1834 2782 1914 2820 est
1944 2768 2196 2841 alligare,
2225 2783 2402 2823 vetare

1393 2863 1461 2896 ne
1488 2847 1605 2916 quis
1628 2846 1843 2899 nitidior
1865 2860 1917 2899 et
1941 2850 2179 2900 ornatior
2201 2851 2293 2914 sit,
2316 2868 2404 2901 re-

1395 2942 1586 2987 verane
1610 2923 1965 2992 Quintilianus
1994 2927 2047 2977 in
2076 2925 2180 2977 hoc
2208 2944 2399 2996 genere

1394 3001 1530 3053 ultra
1559 3004 1639 3054 sui
1668 3004 1823 3054 etiam
1853 3007 2106 3074 temporis
2133 3003 2398 3057 declama-

1396 3093 1534 3132 tores
1571 3079 1860 3151 procedere
1897 3085 2102 3135 interim
2136 3098 2399 3137 oratorem

1394 3159 1592 3212 voluit?
1617 3161 1683 3213 Et
1706 3161 1976 3231 quomodo
1995 3162 2208 3215 tandem
2229 3164 2311 3218 his
2330 3169 2402 3219 ita

1394 3239 1580 3311 positis
1619 3240 1865 3292 transitus
1901 3258 1999 3312 per
2035 3243 2205 3313 Aeque
2238 3243 2296 3293 id
2337 3242 2404 3298 ad

1396 3315 1702 3368 Ciceronem
1723 3317 1837 3369 fieri
1856 3320 2061 3389 potest?
2084 3321 2175 3371 His
2193 3324 2401 3373 saniora

1398 3414 1559 3467 quum
1586 3415 1615 3448 e
1639 3394 1847 3466 vulgata
1875 3395 2012 3450 effici
2035 3417 2144 3450 non
2171 3402 2400 3468 possint,

1396 3475 1698 3529 Obrechtus
1713 3476 1858 3529 solus
1873 3476 2149 3548 hucusque
2167 3483 2405 3549 reposuit

1391 3555 1589 3626 priores
1607 3558 1798 3608 Catone
1816 3557 2188 3628 Gracchisque,
2204 3562 2312 3611 sive
2327 3558 2403 3611 di·

1397 3646 1534 3686 serte
1553 3632 1703 3697 illud,
1724 3637 1829 3686 sive
1849 3649 1956 3686 tam
1977 3637 2254 3693 manifesta
2273 3639 2316 3706 ej
2325 3656 2403 3705 us,

1402 3713 1576 3783 qualia
1611 3715 1664 3764 in
1699 3714 1909 3785 optimis
1941 3718 2165 3777 nostris,
2189 3717 2406 3786 vestigia

1399 3793 1454 3842 in
1474 3794 1597 3860 Arg.
1620 3792 1777 3842 etiam
1796 3790 1992 3843 Codice
2012 3794 2240 3845 invenit:
2266 3812 2404 3845 eam-

1404 3888 1506 3940 que
1548 3885 1862 3940 scripturam
1892 3869 2070 3941 Spald.
2110 3875 2162 3925 in
2200 3872 2405 3925 schedis

1405 3950 1558 3999 unice
1586 3948 1841 4019 probavit.
1874 3951 1970 4001 Ctti
2006 3968 2104 4003 nos
2142 3953 2196 4001 in
2230 3951 2406 4021 subje-

1406 4029 1502 4078 ctis
1522 4027 1692 4080 verbis
1713 4047 2005 4099 pronomen
2025 4028 2152 4081 illud
2175 4032 2308 4102 ipsos
2325 4029 2412 4082 ad·

1407 4106 1664 4173 didimus,
1690 4107 1836 4180 quod
1860 4127 1924 4161 eo
1948 4111 2144 4161 certius
2166 4124 2273 4177 est,
2301 4128 2406 4180 quo

1407 4188 1573 4257 magis
1610 4206 1767 4242 sensu
1803 4201 1945 4242 caret
1980 4192 2036 4241 in
2073 4208 2288 4257 eorum,
2320 4191 2410 4261 qui

2065 4277 2130 4333 35
