3200 5159
700 487 1349 557 ms'rrrn'rroms
1387 489 1641 558 onAT.
1683 489 1844 555 Lm.
1886 491 2043 570 x11,
2083 517 2145 580 9.

2344 490 2465 581 507

376 611 769 687 mosthenes
817 615 978 705 ait¹,
1020 614 1076 687 si
1118 613 1509 713 continget,
1555 635 1624 686 et
1662 615 1955 714 sculpta.
1995 615 2131 689 Sed
2172 615 2302 688 hoc
2347 637 2473 689 aut

373 727 615 825 prime
656 729 991 818 actiones,
1043 749 1163 800 aut
1204 756 1356 827 quae
1400 728 1475 800 in
1511 726 1812 829 publicis
1835 744 1860 774 ²
1887 729 2165 831 judiciis
2189 750 2345 830 post
2379 732 2476 802 in-

376 842 689 942 terjectos
736 843 883 916 dies
926 843 1217 936 dantur,
1265 845 1747 944 permiserint:
1785 864 1857 917 at
1889 871 2112 943 quum
2156 846 2475 946 protinus

377 957 938 1056 respondendum
976 981 1108 1050 est,
1139 960 1381 1032 omnia
1408 959 1635 1058 parari
1667 983 1812 1031 non
1843 979 2162 1058 possunt3
2197 958 2371 1031 adeo
2396 979 2478 1030 ut

374 1074 585 1170 paulo
627 1076 867 1147 minus
909 1077 1254 1176 promptis
1300 1076 1513 1148 etiam
1554 1097 1800 1148 noceat
1837 1076 2220 1175 scripsisse,
2255 1076 2311 1148 si
2340 1076 2477 1148 alia

380 1213 458 1259 ex
495 1188 801 1282 diverso,
846 1217 1063 1289 quam
1097 1192 1365 1292 opinati
1399 1189 1733 1279 fuerimss,
1772 1190 2220 1263 occurrerint.
2267 1189 2474 1262 Inviti
2516 1214 2576 1267 ι7

371 1359 589 1429 patitur.
622 1391 696 1401 —-
715 1359 850 1413 Vide
873 1362 976 1428 xl,
1011 1357 1071 1426 3,
1115 1361 1146 1414 5
1168 1399 1185 1426 ,
1221 1380 1383 1434 quam

300 1481 309 1490 .
372 1447 538 1509 posset
554 1437 814 1510 plurimos
837 1455 1019 1493 versus.
1040 1441 1134 1493 En.

454 1534 498 1568 1.
522 1518 593 1570 Ut
603 1519 968 1572 Demosthenes
985 1521 1078 1572 ait.
1101 1517 1385 1571 «Nondum

381 1618 403 1641 ιι
424 1598 626 1667 inveni,
642 1597 751 1649 ubi.
776 1597 878 1650 Sed
897 1597 1061 1649 multa
1075 1595 1383 1649 Plutarchus

380 1697 403 1720 ι
422 1677 477 1726 in
490 1677 591 1727 vita
604 1714 622 1741 ,
640 1695 695 1747 p.
722 1692 740 1726 t
751 1674 851 1746 557
871 1693 1003 1748 seq.,
1019 1694 1178 1747 quam
1191 1673 1384 1746 fugerit

379 1776 402 1799 ι
423 1771 485 1806 ex
500 1767 739 1826 tempore
752 1753 928 1806 dicere
939 1794 956 1820 ,
972 1772 1237 1827 quamque
1253 1772 1313 1805 ea
1327 1755 1383 1805 in

381 1853 403 1878 α
421 1850 476 1883 re
492 1831 743 1885 Periclem
766 1834 1000 1885 imitatus
1017 1836 1100 1885 sit.
1120 1857 1143 1881 υ
1163 1833 1380 1886 Gesner.

372 1911 572 1962 Dixerit
603 1910 708 1963 hoc
740 1910 1125 1965 Demosthenes
1155 1929 1383 1982 respon-

373 1987 503 2041 dens
527 1988 857 2055 adversario,
896 1992 987 2060 qui
1008 1989 1140 2043 illud
1164 1992 1214 2042 ei
1242 1989 1387 2059 obje-

372 2068 529 2120 cisset
563 2090 575 2119 :
624 2071 759 2120 sicut
805 2069 1006 2122 factum
1044 2068 1284 2122 videmus
1329 2071 1384 2121 in

375 2147 635 2214 Midiana,
656 2147 753 2200 ubi
778 2168 834 2202 se
857 2145 1099 2215 inissa·
1123 2147 1202 2200 καὶ
1221 2169 1387 2215 ,usma-

374 2225 504 2278 viioou
530 2225 599 2278 τὰ
625 2227 793 2278 &lnam
824 2225 971 2294 λὸγιη
1012 2227 1286 2294 concedit,
1331 2242 1385 2281 et

373 2305 476 2358 alio
501 2319 655 2358 acute
678 2304 823 2359 dicto
852 2306 1017 2359 telum
1044 2305 1175 2359 illud
1200 2305 1405 2359 adver-⁴

373 2385 490 2437 sarii
511 2395 802 2456 retorquet.
824 2387 1008 2458 Itaque
1024 2388 1079 2438 in
1098 2404 1257 2439 sensu
1270 2403 1382 2438 verv

370 2463 562 2516 borum
576 2463 778 2536 sculpta
792 2465 983 2529 dicere,
1007 2468 1097 2537 qui
1112 2483 1288 2520 merus
1303 2477 1383 2518 est

365 2549 550 2617 jocus,
592 2561 703 2596 non
736 2543 961 2598 multum
998 2543 1382 2608 laborandum;

375 2642 697 2696 quamquam
734 2629 905 2697 major
944 2627 1129 2697 utique
1171 2643 1297 2678 cura
1331 2626 1386 2676 in

376 2702 727 2776 expoliendis,
758 2721 870 2776 quae
894 2704 1133 2757 dicturus
1158 2718 1238 2757 est
1263 2722 1387 2756 ora-

374 2797 486 2850 tor,
530 2785 835 2855 exprimitur
870 2783 976 2836 hoc
1011 2786 1156 2837 nimii
1203 2803 1387 2837 sensus

374 2861 561 2924 verb03
597 2864 684 2914 cui
704 2863 992 2935 aptandum
1017 2865 1242 2916 fortasse
1267 2882 1387 2917 con-

374 2942 593 3015 tinqeret
627 2939 764 3011 (vid.
792 2955 902 2994 not.
937 2942 1147 3015 super.)
1181 2943 1386 3015 Gedoy-

375 3038 503 3072 num
529 3032 706 3072 autem
754 3023 845 3093 qui
880 3023 1035 3073 vertit
1085 3043 1107 3067 ι
1128 3031 1181 3073 et
1216 3023 1386 3074 meme

382 3126 404 3148 ι
424 3097 556 3171 qu'il
585 3097 714 3152 n'ait
743 3098 1132 3174 perfectionne,
1164 3099 1244 3153 s’il
1269 3120 1315 3171 y
1354 3122 1386 3152 a

384 3201 406 3226 κ
425 3195 613 3250 moyen
632 3201 653 3225 a
668 3180 723 3230 in
739 3196 968 3231 errorem
989 3178 1265 3231 inductum
1281 3197 1390 3231 cre-

380 3257 451 3310 do
488 3275 518 3307 a
558 3255 822 3308 Philandri
858 3271 1016 3323 nota,
1061 3256 1388 3310 observantis

377 3337 763 3406 Quintilianum
799 3336 916 3402 hic,
956 3351 1144 3392 contra
1172 3335 1387 3390 Diome-

376 3417 457 3470 dis
499 3417 733 3489 regulam
750 3457 765 3473 .
813 3417 1003 3470 dixisse
1044 3415 1246 3489 sculpta
1285 3433 1386 3489 pro

378 3495 592 3569 scalpta.
610 3496 823 3568 Quippe
839 3494 1123 3548 Diomedes
1142 3496 1213 3567 (v.
1225 3491 1382 3548 Gesn.

377 3572 570 3643 Thes.)
591 3572 817 3643 scalpere
835 3576 980 3626 omni
996 3591 1157 3626 sensu
1181 3591 1389 3645 semper

379 3652 663 3705 dicendum
685 3652 974 3705 contendit.
990 3651 1276 3727 Gedoynus
1296 3672 1387 3706 au·

380 3745 484 3784 tem
503 3729 711 3784 videtur
732 3733 912 3784 nescio
939 3732 1067 3803 quid
1088 3731 1155 3785 de
1180 3732 1388 3806 scalpro

380 3809 655 3864 credendis
680 3807 862 3863 litteris
889 3809 1226 3864 intellexisse.

431 3889 942 3963 2.Publicisjudicit's;
956 3891 1030 3941 sic
1039 3890 1199 3942 Cute.
1211 3887 1385 3942 Guelf.

380 3969 609 4023 Gothan.
633 3971 778 4023 Jens.
801 3971 934 4038 (tac.
955 3968 1147 4037 Gesn.)
1169 3982 1221 4020 et
1241 3968 1387 4021 editt.

383 4065 504 4103 ante
534 4050 678 4103 Leid.
710 4052 800 4123 qui
837 4051 1067 4122 primus,
1114 4053 1292 4102 nescio
1322 4068 1390 4102 an

382 4121 509 4182 casu
520 4170 536 4197 ,
536 4130 661 4204 Jud
677 4131 820 4203 publ.
841 4147 1068 4203 eumque
1084 4133 1251 4182 secuti
1266 4143 1390 4182 sunt

380 4213 694 4281 posteriores
716 4228 914 4263 omnes
934 4207 1035 4263 Sed
1049 4209 1225 4262 Tur-ic.
1244 4211 1384 4263 Flor.

1462 1359 1734 1433 Supplices
1748 1359 1947 1433 judicis
1965 1397 1983 1424 ,
2014 1378 2135 1411 cum
2163 1357 2351 1412 Almel.
2377 1359 2480 1411 nisi

1466 1438 1611 1510 quod
1633 1457 1695 1490 ex
1718 1437 1826 1491 boc
1830 1437 2061 1511 judiciis.
2079 1439 2216 1490 Tum
2233 1447 2351 1509 post
2369 1455 2476 1488 om.

1463 1518 1640 1571 Guelf.
1675 1520 1787 1569 Aut
1819 1528 1958 1583 tum,
1984 1518 2159 1571 Guelf.
2195 1517 2305 1570 Aut
2325 1535 2479 1584 cum,

1463 1599 1619 1649 Voss.
1641 1613 1664 1648 ι
1683 1636 1701 1663 ,
1723 1596 1776 1649 3.
1801 1597 1926 1649 Mox
1948 1616 2112 1668 marg.
2138 1596 2293 1649 Basil.
2316 1596 2481 1649 babet

1465 1675 1580 1730 ideo
1606 1690 1657 1728 et
1697 1689 1869 1729 narret
1894 1696 1990 1747 pro
2029 1686 2228 1729 noceat.
2266 1679 2349 1730 An
2378 1677 2481 1728 fuit

1463 1756 1578 1808 ideo
1602 1754 1771 1828 paulo
1795 1773 1866 1807 m.
1889 1776 1945 1828 p.
1972 1775 2014 1807 e.
2035 1758 2218 1808 nocet?
2239 1755 2340 1810 Sed
2363 1755 2481 1808 vul-

1462 1848 1583 1906 gata
1603 1849 1830 1907 praestat.
1851 1837 2119 1889 omittunt
2131 1835 2310 1888 Turic.
2335 1834 2472 1887 Flor.

1462 1944 1533 1954 -
1573 1915 1642 1966 In
1672 1913 1904 1989 publicis
1927 1915 2159 1988 judiciis.
2202 1913 2343 1967 Dum
2378 1933 2438 1967 ea
2460 1954 2477 1982 ,

1464 2011 1579 2064 quse
1600 1993 1669 2045 ad
1684 1996 1984 2046 accuratius
2004 1992 2116 2046 haec
2136 1992 2480 2065 intelligenda

1467 2074 1694 2139 faciant,
1733 2072 1801 2125 ab
1825 2073 1940 2125 aliis
1964 2074 2019 2124 in
2047 2072 2282 2126 medium
2305 2073 2483 2145 profe-

1464 2165 1675 2218 rantur,
1718 2151 1831 2206 haec
1860 2154 2071 2206 interim
2104 2152 2384 2205 sufficiant.
2420 2156 2481 2205 ln

1463 2233 1681 2304 privatis
1700 2231 1916 2304 judiciis
1941 2232 2104 2284 semel
2122 2235 2289 2304 prima
2315 2235 2479 2285 actio-

1462 2329 1531 2361 ne
1569 2309 1640 2361 ad
1663 2309 1935 2364 docendos
1957 2309 2165 2381 judices
2187 2314 2334 2381 justa
2364 2330 2481 2364 ora·
2579 2351 2586 2361 .

1465 2389 1610 2439 tione
1626 2387 1906 2458 agebatur:
1932 2401 2119 2441 caetera
2140 2389 2482 2442 altercatione

1462 2467 1572 2518 fere
1596 2466 2026 2520 absolvebantur.
2061 2467 2120 2520 ln
2148 2468 2377 2541 publicis
2396 2471 2483 2541 ju·

1467 2545 1616 2600 diciis
1659 2549 1827 2617 major
1866 2548 2187 2601 solemnitas.
2227 2549 2407 2618 Quare
2441 2551 2485 2602 si

1466 2628 1635 2698 prima
1660 2628 1870 2679 actione
1891 2625 2058 2680 multa
2091 2627 2159 2680 ab
2184 2626 2484 2681 adversario

1467 2704 1676 2776 prolata
1702 2719 1906 2772 essent,
1947 2724 2062 2777 quae
2096 2706 2486 2777 diligentiorem

1468 2783 1843 2836 refutationem
1884 2786 2247 2855 requirerent;
2296 2785 2367 2837 ob
2411 2786 2488 2838 rei

1464 2865 1774 2949 pravitatem
1797 2861 2095 2934 judiciique
2135 2861 2481 2933 dignitatem,

1467 2961 1601 2993 nova
1627 2955 1752 3013 post
1776 2939 1981 3013 aliquot
2003 2941 2116 2995 dies
2141 2945 2279 2995 actio
2311 2942 2481 2996 daba-

1466 3035 1579 3085 tur,
1607 3021 1659 3071 in
1675 3038 1780 3092 qua
1796 3021 1863 3073 ab
1880 3035 2102 3092 utraque
2122 3036 2272 3092 parte
2287 3040 2484 3093 praepa-

1469 3100 1592 3152 ratis
1608 3101 1801 3151 iterum
1812 3097 2141 3152 orationibus
2153 3102 2237 3170 agi
2249 3113 2478 3173 poterut.

1478 3175 1491 3190 ⁸
1539 3176 1588 3230 3.
1605 3177 1842 3242 Fuerint,
1859 3177 2173 3230 occurrerint
2183 3201 2202 3240 ;
2220 3178 2481 3231 sicTuric.

1466 3255 1609 3309 Flor.
1635 3256 1810 3309 Guelf.
1837 3253 1999 3309 Goth.
2027 3276 2148 3309 cum
2164 3261 2316 3310 Voss.
2343 3275 2360 3309 ι
2381 3297 2396 3324 ,
2423 3277 2450 3310 α
2466 3297 2484 3325 ,

1469 3336 1532 3402 3,
1573 3335 1708 3406 (nisi
1742 3331 1890 3406 quod
1922 3355 1940 3389 1
1958 3373 1975 3401 ,
2004 3333 2167 3388 habet
2196 3337 2485 3407 occur-rint)

1464 3416 1609 3468 Jens.
1638 3429 1691 3467 et
1720 3415 1840 3468 edd.
1867 3427 2007 3488 post.
2040 3429 2162 3467 ante
2189 3413 2316 3467 Bad.
2346 3415 2483 3468 Fue-

1468 3496 1600 3564 rint,
1631 3508 1992 3563 ocean-erunt,
2025 3496 2189 3548 Cnu’.
2215 3494 2481 3563 Fuerunt,

1468 3578 1800 3643 occurrerint,
1817 3573 1942 3628 Bad.
1957 3573 2107 3628 Basil.
2122 3573 2324 3648 Gryph.
2340 3573 2478 3627 nou,

1468 3657 1695 3730 Capper.
1725 3669 1777 3709 et
1802 3655 1888 3708 alii
1913 3674 1998 3727 ap.
2026 3657 2197 3707 Burm.
2226 3655 2482 3720 Fuerant,

1470 3739 1818 3802 occurrerint,
1858 3736 2027 3789 Stoer.
2067 3733 2291 3787 Chouet.
2334 3733 2482 3786 Gibs.

1469 3815 1598 3868 Obr.
1620 3813 1795 3867 Burm.
1816 3814 1977 3867 Gesn.
2000 3812 2109 3885 Bip.
2126 3811 2380 3878 Fuerant,
2402 3830 2484 3863 oc·

1469 3907 1705 3962 current,
1731 3894 1877 3946 solus
1890 3891 2035 3945 Leid-
2051 3885 2210 3944 Vides
2225 3911 2254 3943 e
2275 3892 2480 3962 scriptis

1471 3978 1563 4042 iis,
1608 3977 1697 4048 qui
1734 3973 2035 4045 diligentius
2074 3959 2352 4024 memorari
2393 3990 2483 4024 so-

1470 4055 1608 4122 lent,
1633 4053 1802 4107 solum
1823 4051 2013 4106 Almel.
2043 4050 2130 4103 hic
2159 4050 2333 4112 sileri;
2370 4068 2477 4122 quo

1470 4146 1646 4184 tamen
1657 4133 1966 4202 neutiquam
1983 4128 2221 4181 adducor
2231 4167 2248 4195 ‚
2264 4141 2321 4180 ut
2336 4127 2477 4180 bunc

1468 4210 1592 4263 dare
1609 4209 1892 4262 Burmanni
1912 4210 2224 4279 scripturam
2246 4204 2477 4257 credam.
