3200 5159
737 425 861 506 384

1304 425 1398 489 M.
1436 423 1664 487 FABn
1702 422 2255 506 QUINTILIANI

737 546 1035 647 poplites
1072 572 1292 645 usque
1338 545 1772 644 perveniant;
1816 572 1984 615 nam
2027 546 2212 616 infra
2255 542 2636 615 mulierum
2678 563 2780 615 est
2805 598 2826 629 ,

606 676 704 747 ¹39
738 689 949 761 supra
976 658 1489 734 centurionum.
1520 662 1619 731 Ut
1641 658 1972 759 'purpurae
1993 673 2009 703 ¹
2053 681 2227 732 recte
2253 658 2698 744 descendant,
2727 657 2831 729 le-

736 778 839 848 vis
865 804 1031 849 cura
1055 798 1187 866 est;
1217 798 1494 849 notatur
1516 775 1794 848 interim
1820 775 2266 874 negligentia.
2285 777 2542 847 Latum
2569 774 2832 845 haben-

744 894 921 965 tium
950 892 1225 965 clavum
1252 891 1505 963 modus
1527 913 1661 982 est,
1689 913 1766 965 ut
1785 892 1872 961 sit
1894 890 2188 990 paulum
2211 890 2480 963 cinctis²
2508 886 2835 959 summis-

742 1006 900 1077 sior.
918 1008 1146 1105 Ipsam
1170 1026 1402 1104 togam
1427 1005 1800 1077 rotundam
1814 1004 1841 1049 3
1861 1032 2004 1078 esse
2023 1062 2041 1094 ‚
2065 1026 2131 1078 et
2146 1027 2302 1105 apte
2321 1031 2569 1079 caesam
2584 1002 2826 1075 velim:

742 1120 938 1192 aliter
980 1120 1168 1193 enim
1213 1120 1455 1192 multis
1489 1121 1718 1193 modis
1762 1121 1881 1193 fiet
1919 1121 2242 1193 enormis.
2273 1123 2436 1192 Pars
2461 1120 2609 1222 ejus
2647 1116 2837 1216 prior

746 1356 839 1427 qui
852 1353 1017 1406 latum
1035 1353 1240 1406 clavum
1260 1353 1519 1407 haherent
1536 1357 1750 1407 interio-

743 1453 824 1486 res
859 1432 1020 1485 modo
1054 1434 1258 1485 tunicas
1291 1432 1602 1503 cingebant,
1638 1452 1748 1485 non

743 1533 888 1580 eam,
907 1516 964 1565 in
988 1532 1093 1585 qua
1118 1526 1256 1566 esset
1273 1533 1538 1585 purpura3
1562 1528 1749 1567 contra

744 1593 916 1646 Cesar
938 1612 1099 1664 super
1120 1597 1287 1664 ipsam
1320 1593 1645 1664 cingebatur.
1674 1596 1749 1646 lta

747 1685 965 1743 apparet
982 1673 1176 1724 cinctos
1199 1672 1457 1744 appellari
1480 1693 1510 1725 a
1532 1675 1749 1740 Nostro,

746 1752 839 1822 qui
859 1763 1083 1819 angusto
1102 1749 1254 1802 clavo
1272 1764 1560 1818 uterentur,
1580 1752 1752 1823 qualis

744 1831 846 1882 fuit
865 1830 1124 1882 Maecenas
1144 1849 1308 1902 eques
1320 1870 1336 1896 ,
1355 1835 1508 1903 cujus
1531 1837 1646 1904 ipse
1665 1851 1754 1884 an·

745 1921 931 1979 gustus
976 1907 1154 1960 clavus
1203 1907 1491 1961 discinctus
1537 1910 1751 1963 fluebat.

748 1989 908 2040 Latus
960 1986 1138 2039 clavus
1195 1988 1411 2040 inferius
1462 1988 1756 2041 demittitur

751 2083 909 2137 quam
928 2080 1182 2136 angustus
1199 2103 1215 2132 ,
1236 2070 1327 2138 qui
1342 2106 1359 2134 ,
1385 2081 1444 2119 ut
1465 2082 1608 2121 recte
1630 2071 1756 2122 Ges-

752 2164 908 2198 nerus
922 2184 939 2212 ,
961 2159 1181 2217 propter
1202 2147 1373 2217 ipsam
1397 2147 1643 2218 cingendi
1673 2168 1755 2201 ra-

750 2227 949 2276 tionem
988 2222 1259 2277 attollitur.
1279 2255 1351 2264 —
1376 2228 1433 2277 In
1464 2226 1563 2280 hac
1598 2227 1754 2299 Spal-

748 2305 911 2374 dingii
942 2317 1069 2355 nota
1101 2304 1329 2376 paucula
1360 2306 1754 2376 reprehendun·

754 2396 840 2435 tur
863 2400 895 2433 a
924 2383 1277 2434 Buttmannoz
1318 2385 1517 2436 scilicet
1552 2388 1631 2438 vir
1663 2386 1753 2439 ille

754 2459 990 2511 eruditus
1028 2458 1181 2512 binos
1218 2459 1337 2513 illos
1366 2462 1677 2528 Quintiliani
1702 2477 1754 2517 et

752 2540 987 2592 Suetonii
1002 2537 1149 2589 locos
1162 2576 1180 2604 ,
1197 2542 1237 2589 si
1255 2541 1545 2593 naturalem
1568 2546 1758 2595 utrius-

755 2636 858 2689 que
883 2634 1093 2669 sensum
1118 2619 1334 2670 intueris
1350 2656 1366 2683 ,
1393 2634 1499 2671 tam
1522 2622 1661 2674 belle
1684 2625 1758 2674 in-

756 2712 834 2750 ter
857 2714 912 2747 se
935 2698 1242 2765 conspirare
1269 2697 1564 2765 arbitratur,
1594 2715 1655 2753 ut
1677 2716 1757 2754 te-

755 2775 1035 2828 merarium
1057 2774 1121 2824 sit
1140 2773 1303 2825 solius
1322 2776 1577 2830 Macrobii
1597 2798 1756 2832 causa

756 2872 941 2908 vexare
966 2865 1269 2924 utrumque.
1295 2856 1545 2908 Praeterea
1572 2857 1664 2911 illa
1688 2870 1760 2911 to-

755 2953 836 3009 9oe
866 2937 920 2986 in
952 2932 1182 2985 tunicam
1210 2937 1431 2987 mutatio
1460 2936 1628 2989 eidem
1652 2937 1761 2990 dis-

756 3016 917 3089 plicet
936 3053 952 3080 .,
985 3012 1129 3085 quod
1161 3013 1368 3066 insolite
1406 3034 1620 3086 prorsus
1648 3017 1758 3069 dic-

759 3108 874 3146 tum
905 3093 1041 3143 foret
1071 3092 1320 3164 proecinqi
1356 3096 1529 3146 mnica
1565 3114 1663 3167 pro
1701 3098 1756 3147 in

763 3172 971 3237 tunica,
999 3170 1080 3222 vel
1114 3174 1272 3222 etiam
1299 3173 1639 3246 proecinqere,
1679 3176 1764 3227 in-

761 3255 965 3327 cingere
997 3249 1260 3312 mnicatm·
1298 3251 1389 3304 sed
1425 3252 1581 3322 longe
1611 3253 1761 3306 aliter

763 3351 877 3386 esse
918 3332 973 3382 in
1010 3343 1132 3399 toga
1170 3344 1350 3382 censet
1384 3332 1760 3396 Buttmannus;

762 3429 953 3480 nempe
971 3407 1039 3459 de
1059 3425 1119 3459 ea
1137 3422 1188 3460 et
1202 3409 1555 3482 proecinqendt‘
1578 3424 1630 3463 et
1648 3412 1761 3463 cin-

758 3490 943 3563 gendi,
970 3500 1023 3539 et
1044 3486 1348 3558 incinqendt'
1369 3487 1585 3540 verbum
1611 3508 1758 3541 usur-

758 3571 875 3643 pari
889 3578 1079 3640 potest.
1098 3569 1316 3637 Insuper
1330 3567 1475 3618 addit
1489 3568 1756 3635 laciniam,

763 3665 921 3720 quam
945 3647 1160 3697 traxisse
1183 3642 1375 3696 dicitur
1391 3648 1580 3713 Cesar,
1602 3650 1658 3699 in
1681 3661 1760 3700 tu-

762 3730 881 3778 nica
899 3722 1095 3775 nullam
1120 3739 1234 3773 esse
1256 3726 1511 3793 potuisse.
1538 3727 1629 3777 En.

843 3822 886 3858 ι.
914 3805 1181 3872 Purpuroe.
1203 3801 1393 3868 Caum,
1407 3823 1648 3876 purpura
1662 3847 1680 3873 ,
1708 3820 1760 3860 et

762 3903 884 3939 mox
901 3883 1077 3934 Turic.
1098 3881 1239 3933 Flor.
1260 3883 1419 3934 Cntr.
1433 3921 1450 3949 ‚
1472 3885 1757 3939 descendat.

763 3963 896 4017 Satis
925 3973 1146 4033 apparet
1177 3962 1385 4011 occasio
1414 3965 1576 4015 errori
1603 3962 1759 4030 data,

764 4055 825 4093 ut
852 4054 1096 4113 purpuroe
1133 4040 1471 4108 scriberetur,
1510 4047 1760 4113 quoniam

758 4124 998 4193 sequitur
1020 4139 1073 4174 re
1094 4121 1149 4171 in
1173 4131 1329 4181 recte;
1349 4138 1447 4175 nec
1466 4120 1761 4177 dubitarem

1830 1369 2009 1407 tenere
2023 1355 2359 1425 singularem,
2379 1356 2479 1405 nisi
2493 1352 2596 1405 hoc
2615 1370 2700 1403 me
2715 1370 2838 1403 mo·

1827 1436 2140 1507 veret,quod
2151 1436 2324 1487 adbuc
2335 1453 2472 1505 angu
2479 1447 2616 1486 stum
2626 1432 2838 1484 clavum

1829 1514 2139 1567 habentium
2157 1517 2419 1567 actionem
2436 1532 2614 1583 regere
2629 1512 2838 1563 videtur

1829 1593 2051 1659 Noster,
2089 1596 2201 1664 ejus
2240 1606 2415 1645 autem
2451 1592 2601 1643 binas
2634 1610 2839 1663 purpu-

1831 1691 1913 1725 ras
1943 1674 2104 1725 fuisse
2136 1693 2244 1725 non
2272 1671 2376 1724 boc
2407 1671 2523 1724 solo
2547 1672 2668 1723 loco
2703 1684 2840 1722 teste

1831 1750 2022 1804 doceat
2043 1753 2345 1815 Rubenius;
2370 1751 2487 1804 vide
2516 1764 2626 1802 not.
2654 1767 2835 1822 supra.

1832 1831 2010 1899 Quare
2043 1844 2096 1882 et
2120 1831 2373 1896 adducor,
2399 1844 2459 1882 ut
2473 1831 2620 1892 vm,
2647 1829 2707 1889 5,
2735 1830 2836 1891 28,

1835 1907 2002 1960 latum
2029 1911 2226 1981 pariter
2249 1922 2303 1961 et
2323 1918 2596 1981 angustum
2627 1905 2838 1958 clavum

1833 1989 2053 2041 indicari
2081 1989 2308 2041 credam.

1909 2088 1955 2122 2.
1986 2070 2189 2122 cinctis.
2210 2066 2606 2139 Guelferbytan.
2620 2103 2638 2131 .,
2656 2065 2834 2117 cruris.

1833 2150 2097 2201 Omittunt
2111 2145 2217 2220 fiet
2244 2149 2513 2199 Turicens.
2549 2145 2839 2197 Florentia.

1834 2248 1955 2280 cum
1979 2228 2305 2282 Almeloven.
2323 2227 2606 2281 Posten‘ore
2627 2225 2808 2277 eadem
2820 2262 2839 2290 ,

1832 2309 2103 2361 Tuticens.
2128 2308 2362 2361 Florent.

1905 2390 1953 2441 3.
1979 2388 2173 2461 Toqam
2195 2387 2468 2440 rotundam
2487 2405 2643 2440 esse...
2661 2385 2837 2437 velim.

1834 2468 2100 2537 Hoectogae
2116 2465 2413 2519 rotunditas
2429 2483 2494 2517 an
2510 2467 2666 2517 fuerit
2679 2464 2841 2536 plane

1836 2544 2103 2598 circularis
2122 2584 2139 2611 ,
2203 2544 2540 2597 vehementer
2604 2542 2794 2595 dubito
2819 2579 2839 2607 .,

1837 2644 1998 2697 quum
2034 2623 2232 2677 ‹ric-mv
2264 2626 2546 2697 Dionysius
2578 2625 2682 2674 aiat
2721 2640 2838 2674 esse

1836 2701 2091 2769 §piscamur
2122 2705 2192 2772 τᾷ
2222 2702 2449 2769 emmo.
2483 2704 2662 2771 Quare
2692 2696 2841 2773 quod

1835 2785 2100 2836 Gesnerus
2136 2782 2204 2835 ad
2239 2783 2285 2855 §.
2314 2783 2404 2836 131
2436 2779 2723 2833 tenendum
2751 2779 2842 2829 fir·

1837 2864 1990 2913 miter
2011 2875 2218 2928 censet,
2248 2886 2270 2908 α
2292 2880 2403 2914 esse
2427 2858 2712 2912 rotundam
2736 2861 2842 2910 cir-

1843 2962 1867 2986 ·
1885 2940 2049 2992 culari
2070 2944 2302 2992 sectione
2324 2943 2378 2992 in
2398 2939 2571 2990 medio
2600 2950 2844 3009 apertam

1844 3042 1868 3065 ι
1888 3019 1957 3071 ad
1988 3038 2109 3071 eum
2131 3019 2382 3087 modum,
2405 3032 2497 3082 ut,
2532 3019 2575 3070 si
2607 3016 2843 3088 explica·—

1845 3119 1867 3142 ι
1887 3113 1995 3149 tam
2034 3097 2183 3150 humi
2221 3116 2390 3169 ponas
2406 3135 2423 3162 ,
2465 3111 2685 3168 utraque
2727 3097 2845 3166 ejus

1846 3199 1869 3222 σι
1890 3195 1981 3227 ora
2027 3175 2336 3227 circularem
2376 3174 2568 3227 lineam
2613 3175 2840 3238 referat,

1847 3279 1869 3301 ιι
1889 3258 2143 3307 minorem
2164 3258 2350 3327 majori
2380 3255 2635 3306 inclusam
2657 3277 2679 3299 ι
2713 3251 2843 3304 mihi

1840 3351 2176 3404 nequaquam
2244 3333 2542 3405 persuadet.
2606 3334 2843 3384 Tantum

1838 3430 1967 3464 sane
1981 3413 2145 3484 liquet
2155 3451 2173 3480 ,
2187 3415 2388 3484 opponi
2404 3412 2669 3483 quadratis
2683 3413 2843 3463 vesti-

1837 3490 1937 3543 bus
1958 3494 2244 3555 Romanas,
2266 3491 2407 3543 velut
2429 3511 2591 3563 quum
2606 3530 2623 3558 ,
2649 3493 2742 3562 qui
2763 3504 2844 3542 to-

1837 3588 1956 3640 gam
2004 3585 2254 3624 exuerant
2299 3585 2441 3624 metu
2487 3569 2840 3635 Mithridatis,

1837 3649 2087 3702 dicuntur
2121 3648 2530 3716 μηαμοιὸσαισθυ
2563 3646 2842 3718 ‘nepai-‘yuu-

1838 3724 2008 3793 ῖμὼηει
2026 3729 2168 3801 apud
2185 3729 2494 3782 Athenaeum
2510 3728 2621 3794 LV,
2640 3748 2694 3799 p.
2714 3730 2840 3795 213,

1838 3807 1960 3860 coll.
1982 3809 2088 3861 Cic.
2115 3828 2213 3882 pro
2242 3808 2419 3860 Rabir.
2445 3809 2583 3860 Post.
2606 3826 2724 3879 cap.
2754 3824 2836 3861 ιο.

1841 3886 1940 3939 Sed
1966 3886 2069 3939 hoc
2091 3906 2160 3939 ne
2184 3887 2319 3939 forte
2348 3889 2627 3958 quisquam
2650 3904 2717 3939 eo
2740 3900 2840 3938 tra-

1839 3963 2016 4032 heret,
2052 3979 2111 4017 ut
2142 3964 2332 4018 clausoe
2361 3967 2554 4017 fuerint
2588 3979 2720 4036 togae
2756 3968 2835 4016 in-

1838 4044 2110 4098 dusiorum
2130 4059 2431 4097 nostrorum
2450 4048 2630 4113 instar,
2646 4044 2740 4098 diu
2758 4059 2842 4099 eat

1840 4144 2004 4197 quum
2023 4137 2270 4179 caverunt
2285 4127 2393 4177 VV.
2419 4126 2531 4179 DD.
