3200 5159
710 355 837 429 536

1275 378 1368 442 M.
1409 380 1638 447 FABII
1675 385 2229 469 QUINTILIANI

714 491 1365 625 antiquis-simorum
1391 507 1680 606 quidem
1698 568 1718 603 ‚
1743 513 1864 586 sed
1895 536 2132 590 tamen
2158 540 2471 620 veterum
2491 578 2511 613 ‚
2536 523 2818 598 mollire

712 623 1157 702 tentaverint,
1203 643 1345 690 non
1384 620 1614 695 solum
1653 644 1928 701 aversa¹
1971 658 2100 729 pro
2140 632 2434 709 abversis
2475 637 2815 729 dicende,

710 721 832 793 sed
885 745 950 797 et
992 726 1065 799 in
1119 736 1599 833 praepositione
1646 738 1687 813 b
1730 743 1972 817 litterae
2013 747 2353 822 absonam
2398 773 2465 824 et
2510 752 2732 852 ipsam
2785 782 2817 827 s

613 832 680 884 33
713 837 1168 939 subjiciendo.
1210 849 1345 921 Sed
1376 875 1702 929 accentus
1729 885 2043 960 qnoque,
2074 891 2300 963 quum
2338 867 2604 967 rigore²
2639 895 2817 968 quo·

716 951 910 1049 dam,
944 979 1097 1033 tum
1131 963 1592 1044 similitudine
1627 973 1774 1073 ipsa
1797 1032 1816 1064 ‚
1847 978 2085 1053 minus
2108 981 2393 1055 suaves³
2433 983 2815 1074 habemus;

715 1073 879 1170 quia
918 1076 1161 1152 ultima
1196 1083 1460 1182 syllaba
1501 1115 1632 1162 nec
1673 1113 1877 1165 acuta
1920 1122 2235 1195 unquam
2281 1100 2643 1192 excitatur,
2684 1127 2814 1173 nec

716 1187 890 1262 flexa
937 1193 1512 1294 circumducitur,
1546 1207 1668 1279 sed
1716 1206 1836 1280 inl*
1872 1237 2186 1309 gravem,
2222 1215 2328 1287 vel
2371 1216 2542 1289 duas
2579 1242 2818 1315 graves

715 1304 900 1379 cadit
927 1334 1240 1410 semper:
1272 1316 1505 1415 itaque
1539 1342 1737 1395 tanto
1772 1346 1874 1397 est
1903 1352 2132 1400 sermo
2166 1356 2425 1428 graecus
2456 1331 2671 1403 latino
2697 1330 2815 1431 ju-

716 1420 1037 1515 cundior,
1057 1448 1132 1498 ut
1147 1432 1359 1503 nostri
1376 1455 1620 1532 poetae,
1633 1440 1906 1537 quoties
1922 1441 2124 1515 dulce
2140 1470 2420 1519 carmen
2437 1472 2583 1520 esse
2598 1446 2823 1519 volue-

610 1526 680 1595 34
712 1533 855 1606 rint
873 1536 926 1625 ⁵,
970 1539 1254 1616 illorum
1292 1546 1364 1619 id
1405 1553 1818 1627 nominibus
1848 1581 2199 1632 exornent.
2239 1561 2372 1633 His
2409 1562 2529 1636 illa
2570 1582 2820 1662 poten-

712 1647 888 1723 tiora
902 1651 956 1743 ⁶,
984 1659 1175 1753 quod
1205 1687 1309 1733 res
1340 1664 1662 1774 plurimae
1692 1692 1927 1769 carent
1949 1674 2560 1774 appellationibuS,
2590 1699 2670 1751 ut
2700 1703 2818 1751 eas

712 1859 943 1913 abversus
955 1859 1147 1915 dixisse
1161 1875 1253 1915 ant
1268 1862 1496 1927 sciebat,
1518 1877 1613 1916 aut
1624 1867 1725 1916 sci·
1803 1867 2020 1933 ciendo,
2055 1865 2195 1922 Flor.
2224 1867 2401 1921 Guelf.
2428 1887 2549 1921 enm
2573 1868 2733 1922 Goth.
2759 1883 2778 1919 1
2799 1907 2818 1937 ‚

711 1959 771 1992 re
789 1939 1081 1995 videbatur.
1100 1943 1252 1995 Hanc
1271 1958 1414 1996 certe
1432 1943 1539 1996 loci
1557 1947 1727 1998 nostri

711 2021 1117 2094 explicationem
1147 2030 1466 2098 conjecturis
1494 2031 1726 2081 virorum

710 2101 1023 2175 doctorum,
1049 2126 1163 2180 quae
1195 2108 1338 2178 apud
1369 2110 1725 2161 Bur-mannum

714 2196 768 2236 et
817 2185 1107 2238 Gesner-um
1158 2189 1425 2251 visuntur,
1477 2187 1725 2240 omnibus

710 2268 953 2338 praefero.

791 2363 836 2398 1.
878 2345 1071 2402 Aversa
1117 2367 1215 2419 pro
1259 2350 1492 2402 abverstk.
1541 2350 1692 2401 Hanc
1707 2386 1724 2415 ,

716 2441 878 2493 quam
917 2427 972 2477 in
1015 2425 1159 2478 Leid.
1202 2429 1431 2499 primum
1478 2429 1691 2480 invenio
1709 2466 1726 2495 ,

714 2504 1026 2573 scripturam
1051 2517 1104 2556 et
1128 2507 1294 2577 ipsam
1315 2518 1530 2557 tuentur
1546 2506 1725 2558 Turio.

712 2581 946 2634 Flos-ent.
978 2601 1119 2635 versa
1145 2601 1246 2654 pro
1271 2585 1488 2637 abversis
1510 2583 1726 2651 dantes,

711 2677 875 2710 unam
888 2657 1117 2712 litteram
1132 2662 1463 2728 omittentes,
1479 2681 1640 2735 qnam
1653 2681 1730 2714 ra-

715 2740 791 2791 tio
813 2739 1043 2811 supplet.
1061 2739 1232 2808 Quin,
1253 2744 1297 2794 si
1315 2744 1599 2795 Burmanni
1614 2740 1730 2815 (qui

715 2816 836 2870 edd.
863 2817 951 2869 hic
970 2831 1175 2871 tantum
1203 2820 1490 2891 memorat)
1519 2820 1728 2874 silentio

715 2896 874 2962 fides,
903 2897 1047 2951 MSS.
1072 2898 1186 2967 ejus
1210 2900 1463 2970 integram
1493 2898 1622 2952 dant
1647 2914 1732 2952 re-

717 2988 954 3047 ceptam3
991 2989 1179 3049 praeter
1202 2979 1353 3030 Bern.
1388 2997 1451 3031 ex
1487 2997 1595 3051 quo
1632 2980 1730 3032 ad-

719 3055 872 3108 versis
897 3057 1148 3120 affertur-3
1187 3070 1239 3109 et
1271 3059 1343 3110 sie
1382 3056 1592 3128 (aversa
1629 3078 1730 3130 pro

719 3134 976 3206 adversis)
1010 3137 1172 3189 Cam.
1200 3138 1357 3189 etiam
1390 3151 1441 3189 et
1470 3135 1589 3190 Ald.
1616 3137 1730 3189 Ad-

721 3233 861 3268 versa
889 3234 987 3285 pro
1023 3216 1247 3269 adversis
1275 3216 1451 3269 Guelf.
1478 3216 1638 3269 Goth.
1672 3235 1730 3285 2,

718 3296 864 3347 Jens.
880 3295 1035 3347 Tarv.
1056 3295 1212 3348 Basa.
1241 3294 1455 3366 (Locat.
1485 3298 1617 3349 Ven.
1637 3316 1732 3368 per

718 3371 960 3444 sphalma
982 3391 1086 3424 om.
1108 3392 1206 3444 pro
1224 3374 1341 3426 adv.
1359 3374 1381 3444 )
1398 3373 1610 3426 Asuersa
1632 3392 1730 3444 pro

720 3451 943 3504 abversis
961 3451 1087 3504 Bad.
1105 3471 1226 3505 cum
1245 3451 1346 3504 hac
1369 3465 1526 3504 nota:
1547 3476 1570 3499 α
1587 3471 1732 3503 aver-

726 3552 751 3576 «
771 3548 828 3583 sa
847 3550 946 3603 pro
970 3531 1202 3583 adversis
1227 3533 1301 3583 sic
1312 3530 1496 3584 Aldus.
1515 3529 1732 3582 Vallen-

726 3630 750 3656 α
771 3611 841 3661 sis
861 3622 1037 3661 autem
1057 3627 1155 3680 pro
1181 3608 1411 3661 abversis
1437 3631 1449 3660 ε
1479 3608 1625 3681 qnod
1647 3628 1731 3661 se·

728 3710 750 3735 a
771 3705 920 3760 quar.
939 3711 961 3734 ι
977 3685 1136 3740 Vides
1145 3707 1265 3740 eum
1282 3707 1343 3740 ex
1352 3687 1488 3740 Van.
1501 3688 1730 3742 voluisse

719 3765 847 3820 dare
871 3781 1121 3819 nostram.
1152 3767 1367 3820 Asuersa
1386 3785 1482 3838 pro
1506 3767 1733 3821 adversis

718 3843 787 3897 de
812 3846 939 3896 meis
949 3844 1149 3918 Gryph.
1174 3846 1344 3897 Stoer.
1365 3843 1590 3898 Chouet.
1614 3845 1728 3896 Cae-

718 3936 860 3977 teros
883 3924 1003 3976 vide
1023 3943 1109 3997 ap.
1135 3927 1311 3977 Bur-m.
1335 3937 1386 3978 et
1400 3926 1560 3977 Gesn.
1588 3924 1731 3976 Proe-

713 4004 1053 4075 positionibus
1068 4003 1250 4057 litteroe
1258 4041 1276 4070 ‚
1298 4005 1570 4056 Turicens.
1584 4004 1727 4056 Flor-

715 4080 1017 4151 Adsonam,
1044 4081 1207 4136 Goth.
1236 4100 1285 4136 2.
1316 4083 1493 4155 Ipsam
1510 4082 1731 4157 ssuly'i-

1809 1965 1836 2000 2
1849 1949 2016 2015 ,Vult
2034 1951 2186 2002 Voss.
2204 1966 2232 2002 2
2246 1987 2264 2015 ,
2278 1948 2427 2001 Bodl.
2445 1952 2636 2001 Joann.
2653 1949 2817 2000 Can.

1807 2039 1860 2078 et
1886 2027 2008 2079 edd.
2031 2041 2154 2080 ante
2179 2027 2302 2079 ΔΜ.
2331 2045 2446 2079 acc.
2470 2026 2627 2079 Basil.
2648 2041 2701 2079 et
2718 2024 2817 2077 ali-

1807 2120 1938 2177 quot
1967 2125 2050 2179 ap.
2084 2108 2258 2158 Burm.
2298 2106 2348 2157 I.
2372 2106 2436 2156 P.
2462 2126 2531 2170 s.‚
2555 2105 2817 2178 Kapp.—

1806 2188 1977 2250 Hanc,
1991 2204 2147 2256 quam
2163 2188 2218 2238 in
2228 2184 2606 2256 Leid.primum
2618 2185 2819 2235 invenit

1805 2265 1998 2315 Buttm.
2015 2301 2031 2328 ‚
2052 2265 2368 2334 scripturam
2390 2263 2585 2333 (aversa
2610 2280 2707 2335 pro
2729 2263 2820 2314 ab·

1807 2340 1979 2407 versis)
1996 2339 2255 2394 babemus
2277 2359 2494 2414 quoque
2517 2341 2663 2415 apud
2679 2341 2816 2394 vall.

1807 2420 1898 2473 lib.
1924 2423 2032 2474 RR.
2060 2422 2121 2488 8,
2140 2439 2193 2491 9.
2224 2422 2319 2473 En.

1881 2519 1930 2553 2.
1955 2503 2157 2574 Rt‘qore.
2183 2502 2337 2553 Hunc
2355 2503 2412 2553 in
2438 2503 2553 2574 ipsa
2581 2520 2818 2574 pronun-

1806 2580 2049 2632 ciationis
2082 2579 2283 2645 latinae,
2325 2598 2483 2651 quam
2513 2579 2678 2632 hodie
2709 2599 2817 2632 non

1809 2658 2079 2725 audimus,
2121 2673 2312 2713 natura
2350 2662 2508 2712 situm
2547 2672 2698 2732 puto.
2738 2660 2818 2711 De

1810 2741 2009 2792 caeteris
2032 2738 2218 2807 videl,
2243 2739 2303 2808 5,
2328 2741 2424 2805 30,
2445 2740 2531 2792 31.

1882 2820 1933 2872 3.
1949 2819 2144 2872 Suanos
2164 2820 2417 2872 habemas.
2444 2820 2620 2872 Turic.
2647 2819 2818 2885 Flor.‚

1806 2915 1986 2951 suaves
2008 2896 2072 2949 al*
2094 2899 2157 2950 ab
2180 2903 2304 2972 ejus.
2322 2897 2592 2951 Guelferb.
2620 2898 2819 2971 inteqra

1808 2996 1906 3049 pro
1933 2977 1987 3028 in
2009 2996 2242 3050 gravem.
2271 2977 2448 3029 Tui-ic.
2474 2976 2646 3043 Pion,
2670 2975 2819 3030 duloe

1812 3069 1985 3109 tamen
2009 3075 2136 3122 esse,
2168 3075 2288 3108 cum
2314 3055 2450 3108 Alm.

1880 3136 1932 3203 4.
1953 3136 2057 3188 Sed
2080 3138 2192 3187 in...
2218 3134 2359 3187 cadit
2379 3152 2590 3206 semper.
2617 3137 2699 3187 An
2723 3152 2820 3186 ne·

1807 3215 2337 3285 gligentiuslocutum
2348 3214 2820 3282 Quintilianumdi·

1810 3294 2028 3345 camus?
2051 3314 2116 3345 an
2138 3312 2239 3347 vox
2260 3292 2544 3346 inserendo
2572 3307 2691 3366 post
2701 3312 2818 3366 qra-

1812 3392 1892 3425 ves
1921 3370 2096 3425 locum
2123 3371 2501 3424 emendemus?

1882 3451 1933 3505 5.
1963 3454 2018 3506 V
2013 3452 2268 3513 oluere'nt‚·
2292 3453 2366 3504 sic
2384 3452 2430 3501 T
2434 3454 2655 3503 uricens.
2675 3451 2816 3503 Flor.

1810 3532 1974 3586 Came.
2005 3531 2319 3597 Voluerunt,
2345 3530 2626 3603 reliqni.—
2642 3532 2820 3583 Nostri

1810 3610 2010 3675 codd.‚
2038 3607 2333 3661 voluerunt.
2363 3612 2455 3661 En.

1881 3689 1930 3741 6.
1973 3689 2290 3741 Potentiora.
2322 3689 2497 3739 Turio.
2522 3688 2661 3740 Flor.
2680 3727 2696 3753 ‚
2721 3706 2820 3759 po-

1814 3768 2003 3833 tentia,
2028 3785 2149 3819 cum
2184 3763 2369 3817 Almel.
2406 3767 2562 3836 Quod
2587 3786 2690 3818 non
2720 3785 2818 3829 res,

1809 3849 1984 3899 Turio.
2002 3846 2142 3897 Flor.
2170 3864 2289 3896 cnm
2319 3843 2499 3895 Almel.
2523 3843 2626 3914 (nn
2644 3847 2821 3896 nobis?

1808 3924 1941 3976 Vide
1973 3922 2016 3995 §.
2054 3922 2171 3985 38).
2210 3924 2323 3993 Quo
2355 3940 2454 3986 res,
2491 3924 2642 3973 Voss.
2683 3938 2736 3985 ι,
2764 3922 2819 3974 3.

1808 4001 2058 4062 Νεεεςςίε,
2091 4001 2226 4051 Flor.
2263 4001 2326 4050 In
2362 3998 2437 4051 his
2473 4018 2616 4071 quw,
2642 4000 2817 4051 Guelf-

1809 4084 1951 4135 Jens.
1977 4081 2101 4152 (tac.
2123 4080 2314 4149 Gesn.)
2337 4092 2391 4130 et
2415 4077 2535 4130 edd.
2562 4079 2684 4152 aliq.
2712 4079 2822 4130 Do-
