3200 5159
719 420 843 499 504
1278 421 1370 484 M.
1410 420 1637 483 FABII
1675 420 1790 503 QU
1808 419 2229 485 {NTILIANI

616 570 679 606 10
716 564 865 631 stat,
894 542 1025 614 nisi
1043 542 1684 641 occasione.Turpis
1702 541 2014 641 voluptas
2036 563 2100 614 et
2118 542 2510 615 inhumana
2533 562 2605 614 et
2627 539 2806 612 nulli

716 659 1153 731 audientium
1209 658 1397 730 bono
1452 673 1678 757 grata¹
1727 686 1769 732 a
1819 658 2278 758 litigatoribus
2334 658 2626 758 quidem
2673 658 2810 728 fre-

716 793 1008 870 quenter
1045 772 1377 871 exigitur,
1418 773 1539 870 qui
1575 773 1910 846 ultionem
1952 773 2271 864 malunt,
2312 801 2528 871 quam
2574 772 2822 844 defen:

714 886 985 958 sionem
1011 915 1026 958 :
1060 887 1177 959 sed
1205 887 1430 986 neq'ue
1456 888 1594 959 alia
1615 903 1639 933 ²
1672 888 1893 960 multa
1923 888 2013 961 ad
2036 888 2405 961 arbitrium
2429 914 2674 960 eorum
2703 888 2807 958 fa-

717 1003 959 1074 cienda
998 1026 1197 1076 sunt:
1236 1005 1368 1076 hoc
1410 1006 1699 1103 quidem
1746 1005 1903 1104 quis
1943 1004 2318 1076 hominum
2360 1004 2558 1078 liberi
2593 1000 2803 1074 modo

715 1120 1074 1216 sanguinis
1093 1120 1447 1209 sustineat,
1466 1120 1782 1220 petulans
1802 1147 1945 1192 esse
1960 1118 1988 1164 3
2006 1121 2094 1192 ad
2112 1120 2387 1193 alterius
2406 1114 2804 1192 arbitrium?

716 1234 931 1331 Atqui
968 1235 1176 1307 etiam
1217 1236 1289 1306 in
1320 1236 1682 1309 advocatos
1714 1236 1922 1335 partis
1962 1236 2256 1307 adversae
2288 1235 2586 1307 libenter
2618 1260 2805 1305 non-

720 1347 896 1420 nulli
937 1348 1365 1422 invehuntur
1404 1378 1418 1421 :
1473 1351 1696 1449 quod,
1748 1349 1928 1422 nisi4
1962 1351 2017 1423 si
2051 1352 2224 1422 forte
2253 1369 2698 1437 meruerunt,
2740 1368 2810 1418 et

720 1464 1191 1536 inhumanum
1238 1486 1338 1536 est
1381 1487 1689 1565 respectu
1728 1466 2220 1538 communium
2263 1464 2693 1550 officiorum,
2738 1481 2808 1532 et

717 1608 940 1678 quum
971 1581 1136 1679 ipsi,
1172 1581 1292 1680 qui
1327 1581 1524 1671 dicit,
1555 1582 1803 1654 inutile
1838 1584 2042 1677 (nam
2083 1581 2268 1653 idem
2307 1579 2487 1683 juris
2518 1604 2806 1678 respon-

714 1756 832 1803 cus,
864 1738 950 1790 alii
978 1740 1311 1802 maledic-tta,-
1341 1761 1524 1796 omnes
1553 1762 1586 1793 a
1610 1761 1722 1793 ma·
1801 1743 1927 1795 Bad.
1953 1742 2121 1809 Utile,
2141 1741 2299 1794 Goth.
2318 1739 2450 1813 (tac.
2472 1737 2680 1808 δεδι).
2705 1737 2808 1807 Qui

719 1814 883 1888 Iefico.
914 1819 1001 1869 En.

796 1915 839 1948 ι.
877 1898 1022 1950 Bono
1048 1912 1217 1972 yram.
1242 1902 1418 1952 Turic.
1454 1899 1688 1953 Florent.
1709 1948 1725 1974 ‚

718 1978 851 2028 bona
884 1979 1071 2049 qratia.
1112 1980 1288 2031 Guelf.
1325 2000 1447 2033 cum
1475 1982 1624 2033 Voss.
1659 1981 1726 2046 3,

720 2056 853 2107 bona
867 2070 1037 2128 grata.
1060 2059 1238 2111 Turic.
1254 2099 1270 2125 ‚
1288 2062 1332 2111 si
1352 2080 1530 2132 neque.
1547 2061 1725 2113 Turic.

714 2135 858 2188 Flor.
879 2156 1000 2189 cum
1021 2136 1154 2190 Alm.
1169 2179 1185 2202 ‚
1201 2159 1260 2191 eo
1272 2141 1544 2212 facienda.
1561 2139 1723 2191 Goth.

718 2215 960 2283 (tacente
993 2215 1190 2289 Gesn.)
1221 2237 1397 2270 comm
1431 2221 1721 2271 arbitrium.

719 2293 894 2347 Guelf.
908 2333 924 2358 ‚
951 2294 1194 2347 liber-inus
1215 2300 1495 2369 sanquinis.

796 2389 843 2423 2.
861 2372 961 2424 Sed
977 2393 1142 2446 neque
1154 2374 1319 2427 alia...
1342 2375 1722 2448 hocquidem...

722 2451 1163 2505 pronunciatione
1170 2455 1403 2522 juvanda
1421 2468 1499 2506 est
1514 2455 1696 2508 relatio
1709 2493 1725 2519 ‚

726 2548 839 2602 qum
865 2543 942 2582 est
964 2531 1099 2582 inter
1122 2532 1231 2584 haec
1256 2533 1363 2585 duo
1386 2535 1646 2596 membra,
1673 2527 1726 2586 i'n

722 2607 792 2659 hu
801 2628 865 2660 nc
882 2628 1118 2661 sensum:
1143 2635 1164 2657 ιι
1186 2611 1287 2663 Sed
1304 2614 1438 2663 sicut
1453 2612 1553 2664 alia
1571 2616 1725 2664 etiam

729 2685 933 2737 «multa
972 2686 1041 2738 ad
1077 2706 1263 2740 eorum
1303 2689 1575 2742 arbitrium
1617 2709 1725 2742 non

729 2786 750 2809 ιι
775 2766 1013 2819 facienda
1038 2782 1189 2834 sunt,
1212 2770 1282 2820 ita
1306 2767 1413 2822 boc
1436 2782 1569 2823 certe
1590 2768 1730 2841 (qui-

730 2866 752 2889 n
772 2842 928 2912 dem)
957 2846 1199 2898 minime:
1227 2866 1350 2899 nam
1375 2849 1548 2918 quis...
1575 2850 1729 2900 susti-

731 2947 752 2969 ·
773 2928 929 2977 neat?
948 2950 969 2974 a

796 3005 847 3057 3.
884 3005 1135 3059 Petulans
1166 3026 1282 3059 esse.
1316 3010 1437 3060 Non
1470 3021 1549 3059 est
1583 3007 1731 3078 quod

726 3085 977 3135 rariorem
1014 3084 1153 3137 hanc
1190 3088 1241 3136 in
1283 3085 1451 3138 soluta
1492 3088 1730 3138 oratione

723 3165 1170 3215 constructionem
1230 3167 1548 3235 pronunciet
1602 3167 1732 3216 Bur-

725 3259 981 3304 ηιειηηιιε,
1007 3261 1165 3314 quam
1196 3262 1356 3314 supra
1389 3263 1605 3315 quoque
1633 3247 1731 3304 111,

724 3321 787 3385 6,
817 3321 883 3387 64
915 3321 1226 3387 habuimus,
1256 3341 1474 3394 quaeque
1494 3325 1547 3373 in
1566 3322 1730 3374 verbo

724 3405 966 3456 sustinere
986 3441 1001 3465 ,
1029 3407 1235 3475 quoties
1263 3402 1451 3455 eodem
1484 3405 1593 3456 fere
1623 3423 1732 3476 quo

725 3483 913 3534 audere
936 3501 1094 3535 sensu
1119 3495 1432 3554 usurpatur,
1458 3480 1617 3554 plane
1642 3503 1733 3535 ne·

722 3580 949 3614 cessat-ta
977 3575 1072 3613 est.

794 3640 844 3706 4.
871 3640 989 3693 Nise·
1013 3642 1055 3693 si
1071 3640 1231 3711 forte.
1263 3640 1535 3693 Guelferb.
1564 3638 1724 3691 Goth.

721 3721 883 3773 Cam».
915 3732 968 3769 et
994 3717 1114 3770 edd.
1148 3731 1269 3770 ante
1300 3718 1446 3773 Gibs.
1482 3721 1730 3771 omittunt

722 3799 795 3864 si,
823 3818 933 3851 exc.
958 3797 1079 3850 ΑΜ.
1100 3796 1299 3871 Gryph.
1316 3799 1451 3850 Vide
1476 3812 1585 3850 not.
1614 3818 1723 3869 seq.

725 3880 1017 3929 Meruert‘nt
1036 3915 1051 3941 ,
1102 3877 1263 3929 Cauta
1313 3890 1365 3928 et
1410 3875 1555 3930 editt.
1606 3889 1727 3928 ante

720 3957 917 4030 Gryph.
936 3959 1231 4028 Respectum
1246 3994 1262 4021 ,
1278 3956 1418 4008 Flor.
1436 3958 1726 4009 Criminum

726 4032 868 4108 offic.
890 4073 908 4100 ,
945 4034 1120 4087 Guelf.
1158 4035 1232 4085 Et
1263 4044 1371 4086 tum
1409 4035 1536 4105 ipsi,
1579 4033 1723 4085 Jens.

724 4117 867 4184 (tac.
905 4112 1108 4184 Gesn.)
1145 4128 1197 4166 et
1237 4112 1356 4166 edd.
1400 4126 1559 4187 posu.
1605 4124 1727 4168 ante

1800 1820 1994 1894 plane,
2027 1820 2202 1873 Guelf.
2236 1839 2358 1873 cum
2383 1821 2536 1869 Voss.
2573 1833 2619 1883 1,
2651 1816 2806 1868 Bet-u.

1807 1902 1945 1953 Tum
1991 1913 2040 1953 et
2086 1913 2206 1952 ante
2250 1897 2532 1950 adversarii
2575 1896 2809 1947 inserunt

1805 1978 2005 2051 Gryph.
2049 1978 2213 2046 1544,
2250 1989 2302 2028 et
2332 1974 2454 2029 edd.
2489 1986 2649 2047 postt.
2688 1987 2810 2025 ante

1804 2059 1935 2112 Obr.
1977 2058 2131 2110 male.
2170 2059 2294 2109 Mox
2329 2066 2382 2107 et
2409 2067 2531 2107 ante
2561 2050 2807 2125 quantul.

1806 2141 1997 2190 omittit
2023 2137 2195 2191 Guelf.
2227 2167 2300 2176 —
2325 2135 2480 2188 Solus
2503 2135 2681 2198 Avia„
2709 2133 2811 2184 nisi

1804 2218 1847 2270 si
1852 2218 2016 2290 forte.
2034 2219 2216 2270 Ceteri
2231 2214 2287 2268 «ra
2304 2217 2348 2266 si
2365 2216 2629 2266 omittunt.
2645 2210 2811 2263 lidem

1807 2306 2130 2361 meruerant,
2156 2307 2376 2365 excepto
2395 2292 2564 2357 Avia,
2588 2292 2680 2362 qui
2703 2307 2812 2340 me-

1808 2386 2037 2427 ruerunt.
2073 2377 2199 2426 Mox
2227 2374 2312 2425 alii
2339 2383 2392 2424 et
2412 2389 2534 2423 cum
2566 2370 2694 2442 ipsi,
2723 2367 2812 2420 alii

1807 2465 1856 2505 et
1881 2465 1990 2505 tum
2020 2454 2132 2526 ipsi.
2163 2455 2300 2505 Ante
2326 2450 2606 2502 adversarii
2628 2466 2810 2499 omnes

1808 2533 2057 2585 omittunt
2080 2541 2141 2581 et.
2169 2528 2472 2582 En.—-Nt'si
2492 2528 2537 2581 εἰ
2546 2527 2709 2599 forte.
2723 2527 2813 2577 vi-

1807 2611 1873 2662 de
1907 2622 2086 2661 notam
2120 2610 2153 2662 3
2187 2607 2255 2660 ad
2290 2606 2380 2659 ub.
2420 2606 2525 2673 111,
2560 2623 2678 2676 cap.
2718 2620 2808 2668 to,

1808 2689 1855 2755 S.
1885 2705 1932 2738 2.
1959 2687 2083 2737 Non
2111 2685 2310 2755 ubique
2338 2698 2515 2737 tamen
2543 2682 2808 2754 duplicata

1807 2765 1919 2819 haec
1947 2767 2120 2818 forma
2143 2766 2320 2818 locum
2343 2763 2506 2816 habet
2529 2786 2540 2815 ε
2567 2776 2708 2815 certe
2732 2763 2808 2813 fa-

1809 2844 1910 2898 cile
1960 2847 2184 2898 sentitur
2228 2844 2529 2897 differentia
2575 2845 2711 2896 inter
2754 2840 2809 2893 id

1810 2924 1953 2997 quod
1983 2925 2068 2977 hic
2093 2938 2171 2978 est
2195 2925 2293 2977 m’si
2318 2926 2361 2979 si
2376 2924 2556 2995 forte,
2578 2936 2629 2984 et
2651 2924 2807 2975 koni-

1808 3022 1929 3055 cum
1953 3002 2082 3054 illud
2117 3002 2406 3074 nisiforte,
2431 3005 2480 3070 Ι,
2507 3019 2598 3067 ιο,
2621 3002 2684 3068 6,
2708 3000 2807 3064 233

1808 3085 1888 3138 11.
1921 3083 1985 3149 3,
2020 3084 2088 3146 6;
2118 3084 2222 3147 111,
2256 3082 2395 3148 5‚3.
2426 3082 2642 3143 SedIV,
2673 3099 2810 3151 ¹270

1812 3163 1996 3228 etiam,
2016 3175 2175 3233 atque
2196 3163 2268 3214 ibi
2289 3177 2469 3214 notam
2499 3179 2548 3229 ι,
2565 3179 2688 3232 pag.
2713 3161 2811 3227 48,

1813 3241 1905 3292 ubi
1921 3241 2021 3293 nisi
2032 3241 2074 3292 si
2088 3255 2164 3293 est
2179 3242 2234 3292 in
2249 3242 2419 3293 ironia
2430 3280 2448 3308 ,
2464 3241 2508 3293 si
2528 3238 2808 3291 delendum

1811 3333 1942 3371 erat.
1955 3319 2093 3371 Nam
2104 3337 2266 3391 quum
2281 3317 2810 3369 libriomnescareant

1813 3398 1885 3449 ibi
1897 3417 2029 3450 voce
2049 3397 2168 3462 nisi,
2197 3396 2334 3450 male
2356 3399 2556 3468 integra
2573 3395 2675 3448 hac
2693 3416 2810 3468 par—

1814 3478 1976 3530 ticula
2003 3490 2174 3530 sat-tus
2208 3478 2308 3528 fuit
2337 3477 2610 3538 defectus;
2648 3494 2807 3547 quum

1809 3558 1920 3610 sola
1958 3555 2157 3630 syllaba
2201 3556 2260 3608 m'
2294 3575 2417 3609 vere
2447 3554 2688 3607 videatur
2717 3555 2808 3608 ab·

1809 3651 1992 3708 sorpta
2008 3655 2036 3687 a
2050 3635 2378 3709 praecedente
2397 3636 2486 3686 im.
2507 3634 2705 3687 Contra
2724 3637 2808 3702 IV,

1810 3718 1871 3783 3,
1898 3718 1956 3782 5,
1991 3716 2277 3786 legitimum
2299 3727 2380 3768 est
2412 3714 2510 3767 nisi
2537 3714 2616 3781 si,
2637 3731 2808 3786 neque
2867 3780 2872 3784 .

1810 3796 1916 3848 ulla
1941 3797 2014 3848 ibi
2031 3799 2267 3847 varietas.
2293 3795 2470 3846 Alium
2494 3812 2677 3860 usum,
2701 3813 2805 3866 quo

1806 3873 2074 3948 particula.-
2115 3873 2216 3925 m'si
2246 3873 2392 3944 forte
2434 3872 2501 3925 ad
2541 3872 2807 3926 vitandam

1807 3956 1987 4006 ironiae
2026 3953 2256 4026 speciem
2289 3965 2624 4024 separantur,
2662 3950 2803 4025 apud

1806 4035 2115 4087 Ciceronem
2151 4034 2350 4085 notavit
2381 4033 2706 4085 Goerenzius
2736 4031 2803 4084 ad

1807 4114 1919 4165 Pin.
1944 4111 2037 4164 lib.
2062 4113 2113 4177 1,
2137 4129 2255 4184 cap.
2286 4128 2366 4181 ¹7,
2389 4113 2435 4180 S.
2462 4110 2547 4165 56.
