3200 5159
749 400 877 483 ⁵44

1256 392 1263 399 ⁶
1316 400 1409 463 Μ.
1449 399 1678 463 FABII
1716 398 2276 482 QUINTILIANI

746 545 818 595 et
846 522 1149 595 colorem
1183 521 1489 610 trahere,
1526 520 1845 593 naturale
1881 541 2021 607 est;
2068 520 2366 620 ideoque
2405 521 2482 594 in
2519 521 2868 596 omnibus

750 638 1074 736 gentibus
1109 636 1286 709 alius
1323 636 1460 709 alio
1500 635 1873 708 facundior
1913 634 2246 727 habetur,
2280 657 2349 708 et
2380 637 2453 710 in
2501 639 2870 738 loquendo

753 753 976 825 dulcis
1001 754 1263 851 magis:
1292 754 1483 853 quod
1504 753 1559 824 si
1581 780 1727 824 non
1749 751 2084 841 eveniret,
2111 779 2358 826 omnes
2382 781 2579 853 pares
2604 778 2869 844 essent,

755 889 824 940 et
849 869 1040 941 idem
1061 885 1077 915 ¹
1114 895 1360 941 omnes
1395 868 1711 953 deceret3
1758 888 1827 939 at
1857 866 2275 965 loquuntur,
2309 891 2378 942 et
2406 894 2679 945 servant
2711 899 2876 971 per·

754 1011 1084 1058 sonarum
1136 986 1559 1058 discrimen:
1615 984 1708 1057 ita
1746 1011 1888 1084 quo
1935 985 2230 1084 quisque
2278 986 2439 1088 plus
2487 988 2706 1062 efficit
2760 989 2877 1061 di-

762 1100 985 1174 cendo
1012 1159 1031 1192 ‚
1090 1100 1221 1173 hoc
1289 1102 1513 1200 magis
1573 1100 1964 1172 secundum
2015 1115 2040 1145 ²
2065 1123 2389 1174 naturam
2447 1103 2873 1203 eloquentiae

652 1237 723 1305 45
762 1216 946 1288 dicit.
988 1214 1481 1316 Quapropter³
1528 1241 1618 1288 ne
1660 1215 1794 1288 illis
1827 1216 2118 1313 quidem
2158 1217 2468 1292 nimium
2505 1248 2875 1322 repugno,

761 1402 1062 1489 loquenda)
1087 1416 1250 1467 Cum
1283 1414 1457 1467 Guelf.
1491 1434 1615 1466 cum
1636 1414 1774 1466 Alm.

763 1494 924 1547 Goth.
955 1495 1020 1545 In
1050 1494 1185 1566 eloq.
1203 1531 1220 1558 ,
1243 1494 1393 1548 Voss.
1426 1511 1474 1546 2.
1506 1494 1581 1546 Et
1606 1493 1739 1567 eloq.
1755 1531 1775 1560 ,

766 1571 886 1626 edd.
918 1572 1041 1624 inde
1070 1591 1101 1623 a
1128 1574 1272 1625 Jens.
1300 1573 1556 1624 Nostrum
1584 1593 1615 1625 e
1644 1591 1778 1625 cou-

760 1659 983 1723 jectura.

1857 1415 2093 1467 intulerit
2104 1454 2121 1482 ,
2136 1430 2187 1469 et
2203 1435 2269 1469 an
2285 1419 2556 1473 inventum
2571 1423 2625 1472 in
2640 1421 2848 1474 Codice
2859 1459 2879 1485 ,

1858 1493 1984 1545 olim
2007 1495 2227 1565 patebit.
2253 1498 2409 1548 Nunc
2434 1495 2618 1569 utique
2643 1502 2880 1552 retinen-

1857 1571 1985 1623 dum
2010 1574 2080 1625 ob
2104 1588 2302 1626 motam
2330 1574 2472 1628 illam
2499 1576 2705 1648 pridem
2736 1596 2878 1629 con·

1856 1664 1936 1703 tra
1954 1651 2174 1703 verbum
2192 1652 2395 1705 salvare
2412 1658 2649 1722 serioris,
2670 1676 2770 1709 seu
2785 1657 2880 1709 ab·

847 1751 889 1785 1.
927 1731 1135 1784 Idem...
1169 1730 1470 1806 loquuntur.
1500 1733 1777 1786 Turicens.
1852 1733 2091 1802 jectioris
2115 1731 2364 1785 latinismi
2386 1737 2780 1807 suspicionem,
2807 1736 2878 1789 de

767 1813 907 1866 Flor.
922 1851 939 1879 ,
963 1812 1100 1863 idem
1125 1815 1322 1864 omines
1343 1811 1475 1864 alter
1500 1813 1675 1865 decere
1697 1812 1782 1864 al-

772 1890 1044 1954 locuntur,
1077 1891 1179 1942 nisi
1211 1888 1355 1963 quod
1392 1888 1480 1942 hic
1516 1887 1653 1941 alter
1684 1909 1783 1962 per

772 1967 1147 2040 compendium
1159 1965 1240 2018 alt
1251 1985 1374 2020 cum
1388 1967 1582 2021 lineola
1598 1966 1782 2019 litterae

775 2059 797 2099 t
818 2064 1045 2119 superne
1066 2044 1380 2098 adhaerente.
1414 2046 1459 2097 1.
1491 2065 1539 2099 ο.
1564 2045 1617 2097 ά.
1643 2045 1783 2098 allo-

772 2137 1034 2201 quuntur,
1062 2124 1236 2179 Guelf.
1265 2129 1325 2178 lu
1355 2139 1568 2198 recepta
1592 2127 1784 2177 mirum

771 2205 980 2260 videtur
995 2205 1215 2257 verbum
1242 2203 1534 2277 loquuntur
1547 2206 1621 2256 ita
1640 2202 1784 2256 nude

776 2288 1007 2357 positum
1037 2297 1088 2336 et
1117 2301 1239 2336 cum
1268 2295 1553 2354 sequente,
1588 2282 1785 2354 copula

774 2367 848 2417 ita
879 2362 1284 2435 explicandum:
1318 2362 1442 2414 dum
1476 2360 1786 2434 loquuntur,

779 2444 979 2496 scilicet
1003 2443 1061 2494 in
1085 2440 1365 2515 loquendo.
1396 2442 1519 2493 Haec
1540 2438 1789 2503 conside-

778 2523 915 2574 ranti
956 2534 1174 2591 accepta
1211 2520 1435 2571 fortasse
1465 2520 1642 2570 veniat
1673 2519 1790 2573 Ob-

779 2601 947 2655 rechti
980 2604 1237 2672 scriptura
1265 2598 1338 2651 At
1371 2596 1527 2649 aliter
1555 2598 1787 2671 loquun-

782 2694 882 2734 tur.
907 2680 1011 2735 sed
1031 2698 1157 2732 usus
1177 2680 1320 2730 vocis
1336 2677 1494 2729 aliter
1508 2696 1607 2749 pro
1627 2677 1790 2728 diver-

779 2758 975 2813 simode
999 2756 1240 2824 aliunde,
1265 2755 1410 2828 quod
1434 2758 1595 2808 sciam
1611 2794 1629 2823 ,
1654 2775 1790 2810 non-

780 2839 908 2893 dum
922 2836 1183 2910 probatus
1201 2852 1298 2889 est.
1320 2836 1632 2907 Exemplum
1649 2838 1790 2888 enim

783 2916 932 2991 quod
962 2935 1027 2969 ex
1057 2917 1224 2988 ipsius
1252 2915 1433 2967 Nostri
1464 2913 1584 2965 loco
1602 2953 1620 2977 ,
1655 2916 1792 2967 infra

786 2999 830 3069 §.
861 3015 929 3068 70
944 3034 961 3058 .,
983 2998 1095 3068 peti
1119 2996 1318 3066 possit,
1342 3011 1452 3044 non
1476 2992 1698 3045 admitto
1729 3013 1794 3045 ex

785 3081 957 3133 causis
989 3077 1063 3129 ibi
1096 3075 1440 3148 exponendis.
1474 3078 1664 3146 Neque
1700 3075 1793 3128 ino

786 3155 936 3223 alter,
955 3154 1098 3228 quod
1117 3154 1205 3207 hic
1225 3157 1379 3207 estin
1394 3157 1639 3220 vetustis,
1659 3167 1797 3206 tam-

789 3256 948 3309 quam
982 3238 1202 3306 vestigio
1248 3237 1325 3287 uti
1366 3233 1555 3306 aliquis
1593 3237 1796 3308 possit;

788 3315 892 3368 hoc
921 3316 1061 3368 enim
1091 3332 1257 3385 quum
1287 3312 1460 3377 alieno
1494 3313 1617 3364 loco
1649 3316 1799 3385 posi-

790 3408 902 3447 tum
932 3397 1025 3458 sit,
1052 3395 1136 3445 vix
1160 3391 1348 3444 dubito
1372 3405 1554 3444 natum
1581 3411 1646 3443 ex
1668 3392 1799 3463 sigla

792 3475 881 3528 ma
898 3472 961 3530 ai·
974 3511 990 3535 ,
1012 3492 1126 3546 quae
1145 3490 1266 3524 cum
1286 3473 1538 3524 varietate
1555 3469 1802 3524 lectionis

791 3555 969 3607 decere
984 3555 1039 3605 in
1058 3564 1259 3603 textum
1279 3552 1603 3619 migraverit,
1625 3569 1803 3622 quam·

792 3652 898 3706 que
922 3630 1115 3683 similes
1138 3627 1295 3701 plane
1316 3628 1497 3682 turbas
1516 3630 1703 3682 fecisse
1724 3631 1802 3681 vi-

793 3712 969 3765 dimus
986 3726 1145 3780 supra
1168 3703 1246 3777 §S-
1271 3724 1334 3759 υ
1356 3720 1410 3758 et
1433 3705 1518 3759 35.
1540 3710 1803 3777 {ntegrum

794 3793 953 3861 igitur
961 3808 1070 3843 rem
1082 3786 1407 3840 felicioribus
1418 3786 1678 3857 relinquo.
1691 3789 1806 3841 Sat.

795 3882 952 3937 vant,
971 3870 1148 3921 Tui-ic.
1179 3867 1316 3919 Flor.
1342 3867 1616 3919 Guelferb.
1642 3868 1804 3921 Goth.

798 3953 960 4004 Cum
977 3961 1032 4001 et
1045 3945 1167 4000 edd.
1184 3958 1307 4000 ante
1320 3945 1521 4019 Gryph.
1537 3946 1806 4015 salutant,

800 4030 958 4081 Voss.
986 4045 1036 4079 2.
1067 4027 1359 4097 Receptum
1385 4035 1594 4078 servant
1614 4045 1729 4079 esse
1751 4029 1807 4080 in

800 4107 937 4160 Alm.
965 4107 1050 4157 vix
1082 4102 1423 4157 crediderim:
1457 4106 1575 4175 quis
1605 4107 1807 4176 primus

1862 1828 1966 1881 qua
1998 1809 2116 1862 vide
2147 1811 2306 1863 Gesn.
2344 1813 2395 1864 in
2424 1812 2584 1866 Thes.
2617 1815 2879 1882 Quamvis

1862 1891 2003 1940 enim
2035 1888 2150 1940 aliis
2184 1891 2238 1941 in
2272 1890 2436 1955 locis,
2469 1890 2562 1943 ubi
2594 1894 2878 1944 manifesta

1861 1981 1941 2019 est
1962 1964 2162 2019 salvum
2181 1968 2425 2039 faciendi
2449 1972 2630 2036 notio,
2658 1969 2881 2022 dubita-

1863 2048 1996 2098 tioni
2022 2044 2173 2099 locus
2201 2047 2415 2099 relictus
2442 2061 2550 2101 est:
2580 2049 2668 2101 hic
2692 2063 2878 2104 tamen

1863 2144 1961 2198 per
2002 2143 2216 2177 sensum
2259 2128 2416 2177 etiam
2457 2126 2628 2179 aliena
2664 2126 2879 2181 videtur

1864 2205 2028 2257 altera
2050 2206 2250 2257 forma:
2277 2218 2327 2257 et
2352 2204 2472 2258 vide
2496 2207 2572 2272 11,
2597 2224 2680 2277 17,
2700 2208 2765 2275 6,
2785 2208 2878 2259 ubi

1868 2296 1945 2335 est
1974 2307 1996 2330 ι
2017 2296 2077 2335 ut
2100 2282 2315 2336 Antonii
2337 2303 2566 2355 persona
2590 2302 2831 2340 servetur
2849 2311 2872 2334 υ

1867 2363 1980 2413 sine
2017 2360 2124 2412 ulla
2160 2363 2429 2415 varietate.
2466 2364 2844 2418 Discriminum
2859 2406 2881 2433 ,

1867 2441 2006 2494 Flor.
2033 2460 2154 2493 cum
2182 2441 2317 2494 Alm.
2343 2444 2532 2516 Itaque
2553 2464 2657 2516 quo
2667 2485 2686 2512 ‚
2710 2446 2876 2499 Goth.

1867 2521 2006 2590 (tac.
2045 2521 2262 2593 Gesn.).
2299 2552 2371 2561 —
2402 2525 2586 2575 Nostri
2620 2523 2755 2577 dant
2792 2525 2883 2578 alii

1868 2611 1925 2650 at
1955 2598 2265 2673 loquuntur,
2300 2599 2389 2653 alii
2419 2601 2784 2677 alloquuntur.
2813 2607 2882 2656 li-

1867 2679 1988 2732 dem
2011 2678 2218 2732 salvant
2239 2701 2337 2752 pro
2360 2695 2581 2735 servant.
2607 2685 2699 2735 Eu.

1943 2775 1991 2809 2.
2014 2759 2278 2811 Naturam
2300 2760 2645 2833 eloquentioe5
2671 2763 2746 2815 sic
2769 2766 2883 2816 Tu·

1869 2840 2059 2890 ricens.
2075 2839 2215 2891 Flor.
2232 2842 2407 2894 Guelf.
2424 2843 2590 2895 Cur.
2608 2863 2731 2896 cum
2742 2845 2877 2897 Alm.

1871 2915 2020 2968 Bodl.
2041 2922 2195 2970 Voss.
2231 2937 2294 2984 2,
2325 2920 2486 2973 Goth.
2520 2923 2743 2975 Natura.-
2770 2923 2883 2976 elo·

1872 3013 2008 3067 quen
2016 2997 2141 3047 tiam
2152 3036 2171 3063 ,
2187 2996 2306 3050 edd.
2324 2998 2448 3052 inde
2461 3019 2489 3051 a
2503 3003 2536 3052 J
2540 3020 2650 3053 ens.
2668 3021 2854 3056 omnes
2864 3038 2882 3066 ,

1874 3088 2064 3146 praeter
2092 3074 2212 3129 Ald.
2250 3079 2341 3147 qui
2373 3091 2629 3132 nostrum.
2655 3080 2884 3151 Vulgata

1878 3156 2005 3225 quin
2029 3156 2093 3206 sit
2119 3173 2150 3206 a
2173 3171 2473 3209 correctore
2494 3158 2706 3232 aliquo,
2727 3160 2884 3212 dubi-

1878 3236 1976 3284 tari
1991 3235 2072 3284 vix
2091 3247 2265 3304 potest
2284 3257 2296 3286 ε
2313 3237 2384 3287 ita
2401 3237 2531 3303 feei,
2547 3238 2695 3310 quod
2709 3240 2883 3291 facere

1877 3310 2047 3365 voluit
2061 3315 2173 3381 jam
2186 3313 2421 3367 Gesn.—-
2434 3318 2616 3369 Nostri
2637 3329 2884 3370 naturam

1880 3391 2222 3464 eloquentiae,
2248 3413 2359 3447 exc.
2382 3396 2554 3462 Poul.,
2575 3401 2669 3470 qui
2689 3411 2885 3451 naturae

1879 3469 2252 3542 eloquentiam.
2283 3476 2378 3528 Er..
2407 3503 2467 3525 -.-
2492 3477 2754 3530 Naturam
2778 3478 2887 3531 elo-

1881 3551 2122 3622 quentioe.
2147 3551 2282 3620 Illis,
2307 3557 2398 3625 qui
2418 3568 2660 3609 naturam
2681 3574 2885 3630 semper

1884 3642 2130 3701 crepant,
2164 3630 2430 3684 observari
2455 3632 2650 3699 debet,
2682 3648 2890 3687 natura·

1887 3709 2002 3760 liter
2025 3727 2180 3779 agere
2203 3729 2294 3764 eos
2310 3749 2327 3777 ,
2359 3715 2452 3782 qui
2474 3713 2767 3766 secundum
2791 3733 2888 3765 na-

1887 3799 2058 3840 turam
2080 3793 2324 3864 cujusque
2352 3793 2441 3845 rei.
2477 3796 2696 3864 Itaque,
2729 3794 2889 3865 siqui-

1888 3866 2009 3919 dem
2033 3881 2112 3919 est
2144 3869 2343 3941 aliquid
2376 3870 2707 3943 eloquentia,
2741 3885 2890 3925 nam·

1890 3946 2073 4000 raliter
2092 3951 2248 4001 etiam
2266 3951 2449 4002 dicunt
2469 3954 2679 4004 nonnisi
2699 3954 2789 4025 qui
2807 3972 2888 4006 se-

1889 4027 2122 4080 cuudum
2139 4039 2384 4081 naturam
2398 4029 2724 4105 eloquentiae.

1961 4107 2011 4160 3.
2051 4110 2390 4182 Quapropter.
2416 4113 2596 4165 Turic.
2628 4109 2888 4176 Floreat,
