3200 5159
636 464 1289 535 ms'rrrunoms
1324 464 1582 530 ORAT.
1623 463 1983 544 Llss.x11,
2027 464 2087 531 3.
2284 464 2402 546 461

218 569 223 582 Ι
309 609 649 691 praecepta
689 610 757 662 et
795 588 1210 689 composita,
1253 606 1322 660 et
1365 586 1542 660 sicut
1570 606 1842 676 caetera,
1890 611 2046 686 quae
2087 585 2162 658 in
2208 595 2414 658 causa

307 724 510 797 sunt,
558 704 633 777 in
679 703 1008 778 discendo
1048 701 1324 802 cognita
1362 699 1451 773 ad
1487 700 1805 801 judicem
1853 701 2190 800 perferet:
2240 701 2414 800 quid

310 822 431 894 fiet
462 821 537 894 in
575 822 658 895 iis
695 820 1229 919 quaestionibus,
1260 837 1433 918 'quae
1480 818 1712 891 subito
1759 819 1939 890 inter
1979 817 2157 918 ipsas
2190 817 2410 890 actio·—

314 963 435 1009 nes
478 936 667 1009 nasci
712 934 989 1008 solent?
1041 962 1186 1008 non
1234 932 1637 1007 deformiter
1682 953 2010 1033 respectet
2031 988 2050 1022 ,
2116 954 2187 1007 et
2233 933 2414 1006 inter

310 1051 642 1124 subsellia
677 1052 982 1125 minores
1019 1049 1379 1125 advocatos
1421 1049 1838 1149 interroget?
1872 1052 2105 1123 Potest
2138 1064 2410 1123 ¹autern
2481 1058 2515 1111 3

310 1168 469 1240 satis
499 1167 868 1267 diligenter
894 1168 1237 1267 accipere,
1272 1192 1428 1266 quae
1458 1163 1612 1238 tum
1641 1163 1910 1256 audiet,
1951 1193 2178 1266 quum
2213 1166 2277 1239 ei
2311 1167 2417 1238 di-

313 1283 536 1356 cenda
583 1283 793 1357 sunt?
840 1305 964 1358 aut
1015 1284 1282 1385 fortiter
1326 1284 1720 1373 affirmare,
1768 1303 1889 1359 aut
1942 1282 2249 1382 ingenue
2287 1310 2413 1383 pro

312 1398 458 1471 suis
506 1397 784 1472 dicere?
829 1398 1043 1498 possit
1062 1398 1157 1470 :in
1205 1396 1643 1470 actionibus:
1698 1396 1872 1496 quid
1922 1396 2044 1470 fiet
2087 1397 2160 1468 in
2209 1395 2416 1484 alter-

312 1513 578 1585 catione
602 1526 658 1603 ²,
714 1511 840 1584 ubi
894 1511 1403 1604 occurrendum
1451 1511 1835 1601 continue,
1884 1537 2014 1583 nec
2063 1509 2281 1583 libera
2327 1509 2414 1581 ad

313 1630 730 1703 discendum
773 1656 969 1702 mora
1013 1628 1162 1702 est?
1207 1628 1439 1719 Quid,
1484 1627 1540 1700 si
1584 1628 1762 1700 forte
1795 1628 2056 1727 peritus
2083 1628 2266 1731 juris
2293 1627 2412 1699 ille

311 1772 460 1818 non
503 1744 778 1818 aderit?
823 1744 1055 1836 Quid,
1093 1745 1149 1817 si
1191 1743 1350 1844 quis
1397 1770 1543 1815 non
1590 1742 1755 1815 satis
1791 1742 1864 1814 in
1909 1769 1990 1815 ea
2027 1769 2098 1814 re
2137 1743 2412 1832 doctus,

311 1861 567 1933 falsum
624 1860 890 1961 aliquid
947 1857 1371 1961 subjecerit?
1419 1860 1572 1930 Hoc
1628 1858 1823 1930 enim
1879 1878 1980 1930 est
2022 1856 2414 1930 maximum

314 1975 725 2075 ignorantiae
773 1974 1043 2047 malum
1072 2032 1092 2066 ,
1141 1972 1331 2071 quod
1379 1972 1601 2045 credit
1641 1999 1810 2045 eum
1847 1973 2052 2061 scire,
2101 1970 2225 2071 qui
2265 1998 2420 2043 mo-

315 2110 499 2162 neat.
537 2092 783 2189 Neque
816 2117 944 2189 ego
986 2116 1144 2162 sum
1181 2088 1395 2161 nostri
1439 2087 1652 2160 moris
1696 2087 2022 2186 ignarus,
2071 2085 2415 2159 oblitusve
2483 2095 2518 2163 4

315 2232 559 2278 eorum
585 2262 602 2295 ‚
651 2206 774 2305 qui
819 2205 1058 2278 velut³
1101 2206 1192 2279 ad
1231 2205 1498 2278 arculas
1540 2205 1822 2295 sedent,
1873 2223 1943 2276 et
1989 2203 2121 2276 tela
2151 2201 2420 2304 agenti-

315 2322 451 2394 bus
481 2321 1049 2396 sumministrant
1070 2321 1102 2378 4
1120 2353 1138 2412 3
1176 2348 1408 2421 neque
1442 2319 1634 2393 idem
1669 2321 1947 2392 Graecos
1977 2347 2260 2420 quoque
2297 2347 2421 2410 ne-

316 2437 458 2509 scio
482 2436 852 2528 factitasse,
878 2438 1071 2510 unde
1092 2464 1359 2509 nomen
1390 2436 1499 2508 his
1516 2434 2143 2537 praqmaticorum⁵
2176 2434 2417 2507 datum

318 2573 455 2626 est:
501 2553 620 2624 sed
655 2552 901 2654 loquor
933 2554 1019 2627 de
1052 2573 1352 2643 oratore,
1396 2551 1521 2652 qui
1558 2578 1703 2625 non
1737 2547 2169 2624 clamorem⁶
2203 2550 2417 2622 modo

397 2765 439 2800 1.
469 2747 680 2802 Autem.
724 2751 935 2805 Habent
974 2762 1068 2805 aut
1101 2754 1322 2806 Jenson.
1477 2752 1528 2805 3.
1558 2748 1722 2806 Velut
1746 2749 1818 2801 ad
1839 2744 2098 2802 arculas...
2120 2748 2419 2800 summinis-

316 2828 494 2900 (mero
528 2829 851 2901 sphalmate‚
894 2833 1147 2903 quoniam
1176 2851 1243 2883 ne
1270 2832 1326 2882 in
1407 2842 1563 2884 trani.
1590 2829 1724 2882 Vide
1748 2832 1822 2896 V,
1853 2847 1913 2900 7,
1944 2828 1991 2880 8.
2022 2828 2216 2880 Nescio
2240 2840 2417 2880 autem

317 2910 519 2962 Tarvis-
559 2910 769 2981 quidem
794 2911 816 2983 )
853 2911 975 2963 Ald.
1013 2912 1139 2964 Bad.
1171 2911 1324 2964 Basil.
1409 2929 1568 2982 quam
1584 2909 1722 2961 bene
1737 2918 2033 2980 provocant
2051 2905 2120 2957 ad
2136 2907 2278 2974 Virg.
2302 2907 2418 2959 ΔΕΒ.

316 2989 522 3058 ingrato
556 2988 828 3060 asyndeto.
880 2991 1008 3041 Cum
1055 2988 1328 3040 adicienda
1407 2985 1959 3053 X‚333‚ubiAchatae
1974 2982 2421 3036 inclamatAEneas

316 3077 469 3131 sunt,
483 3066 756 3117 Turicens.
778 3067 921 3118 Flor.
939 3066 1118 3119 Ambr.
1136 3084 1163 3118 2
1178 3084 1328 3130 ‚cum
1407 3068 1635 3141 Suqqere
1668 3065 1771 3117 tela
1808 3064 1944 3116 mihi
1956 3100 1975 3129 ,
2016 3080 2261 3132 magnam
2298 3080 2423 3118 mox

319 3142 458 3195 Alm.
496 3142 549 3194 C.
570 3142 863 3215 adjicienda
886 3162 924 3196 s.
937 3182 956 3210 ‚
982 3144 1146 3196 Cute.
1172 3148 1325 3196 voss.
1407 3145 1615 3199 hastam
1631 3161 1932 3216 capessens.
1954 3143 2110 3195 Certe
2127 3141 2318 3213 quibus
2338 3160 2423 3193 ar»

328 3239 348 3274 ι
368 3259 385 3287 ,
410 3220 462 3273 3.
491 3222 545 3273 C.
571 3219 789 3273 dicenda
802 3239 842 3273 s.
854 3259 873 3287 ,
895 3221 1069 3275 Guelf.
1095 3220 1328 3278 Gothan.
1410 3225 1545 3278 culis
1565 3227 1622 3277 in
1643 3226 1762 3296 ipso
1785 3221 1966 3296 praelio
1990 3223 2206 3275 assidere
2229 3233 2422 3292 potue-

320 3298 455 3370 (tac.
472 3299 630 3352 Gesn·
649 3299 671 3371 )
691 3300 926 3373 [προῆκε
939 3299 1100 3371 possit
1114 3318 1210 3370 pro
1228 3299 1332 3352 suis
1410 3307 1475 3357 rit
1503 3302 1733 3356 Achates
1753 3321 1861 3355 non
1884 3301 2038 3354 video
2056 3340 2074 3368 ‚
2099 3302 2205 3354 sive
2227 3302 2282 3351 in
2302 3302 2418 3372 ipso

323 3379 494 3432 dicere
516 3379 569 3430 3⁷⁸
589 3389 689 3432 acl·
703 3416 720 3444 ‚
749 3380 895 3431 Jeuss·
912 3397 1035 3431 cum
1052 3378 1171 3431 edd·
1188 3390 1328 3450 Ρῡθῐ-
1414 3404 1502 3439 eas
1521 3403 1678 3436 curru
1703 3381 1911 3435 militari
1936 3399 2058 3433 cum
2072 3380 2308 3433 Gesnero
2332 3380 2424 3432 fln-

325 3469 448 3511 ante
466 3456 587 3508 Ald-
615 3459 705 3528 qui
728 3456 886 3528 plane
900 3459 1094 3509 omittit
1114 3456 1335 3509 verbum
1415 3483 1536 3537 gas,
1576 3466 1685 3517 sive
1709 3462 1850 3515 alibi.
1890 3462 2071 3529 Quare
2104 3461 2267 3512 fuisse
2295 3459 2425 3512 'tales

321 3535 498 3610 pouit.
536 3534 646 3587 Fiet
671 3538 919 3587 omittunt
941 3534 1172 3589 Gothan.
1196 3534 1333 3586 vall·
1416 3544 1658 3616 suspicor
1672 3545 1727 3593 in
1746 3541 2020 3614 palaeguis'
2041 3538 2219 3593 aliisve
2237 3539 2429 3591 exerci-

327 3616 386 3668 F.
402 3613 1013 3680 intematione,Flor.Ad
1026 3614 1334 3681 dicendum,
1419 3624 1611 3675 tim-nm
1638 3620 1784 3672 locis.
1817 3621 2119 3671 Burmann.

327 3694 491 3748 Goth.
507 3695 631 3766 (tac.
657 3696 844 3769 Gesn.)
868 3697 991 3763 Ora,
1005 3695 1145 3748 Flor.
1161 3696 1337 3762 Hora,
1490 3701 1541 3768 4.
1564 3699 2009 3752 Sumministrant.
2030 3695 2173 3751 MSS.
2195 3694 2282 3748 hic
2311 3696 2428 3767 qui-

329 3778 495 3830 Cnn».
532 3776 687 3846 Quod
708 3776 943 3848 sisoi-te,
971 3777 1147 3828 Turic.
1177 3776 1337 3829 Cin.
1421 3779 1543 3832 dem
1574 3779 1739 3831 subm.
1765 3779 1974 3839 Tur-ic„
2004 3791 2202 3848 qroeco,
2233 3775 2429 3827 omisso

331 3855 517 3909 Aderit
527 3867 577 3908 et
589 3858 744 3928 quid,
761 3856 1178 3928 CAuP.A.quod,
1195 3856 1340 3907 Jens.
1421 3875 1644 3933 quoque.
1673 3856 1818 3908 Tusis
1841 3872 1938 3926 pro
1963 3854 2123 3905 causis
2144 3853 2284 3905 Flor.

334 3937 461 3990 Non
490 3939 611 3991 satis
647 3938 840 3990 omittit
876 3935 1052 4008 Guelf.
1079 3934 1342 4000 Maxime,
1487 3930 2428 4006 5.Pragmaticomm.Vide111,6‚59.

338 4011 478 4066 Flor.
1494 4012 1546 4064 6.
1585 4011 1934 4065 Clamorem...
1963 4027 2132 4061 suum.
2173 4032 2195 4055 ι
2216 4012 2338 4079 Quo
2363 4006 2433 4062 ad

413 4111 465 4144 2.
495 4093 561 4144 In
582 4091 937 4148 altercatione.
961 4093 1095 4147 vide
1128 4092 1220 4146 lib.
1249 4094 1347 4158 VI,
1433 4114 1455 4139 e
1475 4090 1802 4164 clepsydram
1818 4089 2024 4141 latrem.
2044 4112 2065 4136 ιι
2086 4088 2218 4142 Vide
2238 4091 2346 4143 Cic.
2362 4087 2432 4145 (lo

341 4163 461 4244 cap.
490 4173 540 4240 4.
1428 4170 1521 4224 Or.
1545 4171 1643 4234 111,
1666 4167 1765 4234 34,
1786 4165 1907 4218 vide
1929 4178 1982 4218 et
1998 4166 2096 4234 vt,
2120 4165 2179 4234 4,
2209 4165 2259 4219 6.
