3200 5159
800 457 926 523 568

1371 458 1465 520 M.
1506 458 1733 521 FABII
1772 458 2329 540 QUINTILIANI

800 581 922 681 qui
964 579 1289 652 vitiosum
1337 600 1404 652 et
1451 601 1861 679 corruptum
1909 580 2192 652 dicendi
2237 606 2490 679 genuS,
2549 578 2742 679 quod
2790 597 2905 649 aut

796 696 1169 769 verborum
1201 695 1480 768 licentia
1512 695 1802 768 exsultat
1821 711 1869 782 ¹,
1912 716 2034 768 aut
2061 695 2453 795 puerilibus
2481 691 2902 767 sententiolis

798 811 1095 901 lascivit,
1140 833 1262 884 aut
1289 812 1676 884 immodico
1707 834 1981 885 tumore
2018 811 2374 910 turgescit,
2414 834 2540 885 aut
2573 810 2903 883 inanibus

798 925 1011 997 locis²
1064 926 1484 1017 bacchatur,
1535 949 1661 999 aut
1701 927 1999 1017 casuris»,
2043 927 2098 999 si
2147 927 2383 999 leviter
2429 925 2902 1011 excutiantur,

802 1040 1108 1115 flosculis
1154 1043 1368 1133 nitet,
1408 1064 1532 1116 aut
1580 1043 1962 1144 praecipitia
2008 1071 2132 1143 pro
2183 1043 2605 1115 sublimibus
2649 1042 2901 1129 habet,

799 1177 919 1227 aut
964 1158 1191 1256 specie
1234 1157 1563 1255 libertatie
1610 1158 1901 1249 insanit,
1955 1158 2177 1257 magis
2233 1157 2630 1231 existimant
2675 1182 2906 1256 popu-

695 1290 761 1360 74
797 1269 940 1342 lare
975 1293 1188 1368 atque
1218 1272 1613 1371 plausibile.
1649 1273 1864 1364 Quod
1890 1272 2179 1372 quidem
2203 1271 2471 1372 placere
2507 1271 2755 1343 multis
2779 1296 2901 1341 nec

799 1386 1133 1477 infitior3,
1181 1416 1309 1463 nec
1354 1390 1608 1462 miror:
1657 1411 1756 1463 est
1790 1391 1982 1462 enim
2013 1387 2378 1490 jucunda4
2413 1389 2564 1461 auri
2600 1416 2681 1462 ac
2719 1389 2905 1459 favo-

800 1503 1037 1574 rabilis
1080 1503 1590 1604 qualiscunque
1621 1504 2052 1604 eloquentia,
2097 1526 2162 1576 et
2189 1504 2383 1577 ducit
2415 1504 2695 1575 animos
2725 1523 2906 1574 natu·

800 1616 926 1688 rali
971 1616 1319 1717 voluptate
1353 1645 1482 1690 vox
1523 1619 1794 1708 omnis;
1831 1617 2105 1718 neque⁵
2146 1617 2433 1689 aliunde
2470 1617 2571 1689 illi
2608 1644 2736 1717 per
2762 1617 2904 1687 fora

799 1753 1007 1831 atque
1045 1733 1425 1831 aggerem⁶
1454 1734 1740 1807 circuli:
1784 1763 1925 1834 quo
1961 1735 2199 1807 minus
2239 1732 2502 1805 mirum
2543 1753 2676 1824 est,
2721 1729 2904 1832 quod

800 1959 1135 2031 mafallunt)
1149 1973 1201 2012 et
1215 1975 1356 2032 post.
1383 1976 1504 2014 ante
1519 1963 1646 2016 Bad.
1661 2001 1677 2028 ‚
1698 1962 1818 2035 plu-

801 2037 938 2089 rimi.
953 2040 1119 2089 -Sic
1141 2058 1357 2110 quoque
1378 2041 1524 2093 solus
1547 2041 1698 2094 Poul.
1717 2040 1812 2093 Eu.

880 2133 922 2167 1.
940 2116 1183 2169 Exsultat
1192 2141 1209 2179 ;
1233 2122 1307 2171 sic
1332 2139 1432 2173 nos
1456 2140 1521 2173 ex
1538 2120 1812 2172 Turicens.

799 2193 940 2247 Flor.
967 2197 1021 2247 in
1047 2197 1240 2267 quibus
1267 2211 1441 2253 tamen
1470 2200 1668 2253 exultet
1686 2202 1816 2251 scri-

800 2287 972 2344 ptum.
989 2273 1243 2338 Resultet,
1266 2277 1440 2329 Guelf.
1455 2281 1617 2331 Cute.
1636 2279 1818 2332 Resai-

805 2363 907 2416 ται,
936 2353 1158 2424 reliqui3
1189 2355 1309 2408 vide
1334 2356 1434 2423 ΙΧ,
1466 2359 1525 2425 4,
1555 2360 1641 2411 28.
1679 2360 1816 2412 Tum

802 2444 979 2484 oretur
997 2435 1176 2507 gestit,
1216 2435 1352 2487 Flor.
1386 2437 1820 2516 leniter-...flori-

803 2510 891 2562 bus
906 2549 923 2577 ‚
965 2514 1127 2564 Cim.
1171 2514 1308 2564 Avet
1345 2533 1444 2585 pro
1488 2515 1640 2568 habet
1673 2520 1816 2573 Jens.

804 2588 937 2658 (tac.
956 2589 1149 2657 Gesn.)
1166 2605 1219 2641 et
1233 2605 1372 2661 post.
1390 2608 1513 2645 aute
1532 2595 1654 2648 Ald.
1672 2599 1824 2651 Exis-

810 2667 1022 2727 timent,
1048 2668 1210 2720 Goth.
1229 2674 1382 2723 Voss.
1416 2689 1444 2722 2
1461 2710 1478 2737 ‚
1502 2674 1668 2725 CAnn».
1696 2677 1820 2728 Bad.

809 2746 1111 2812 Existimet,
1128 2749 1304 2800 Turic.
1322 2750 1460 2802 Flor.
1477 2754 1654 2805 Guelf.
1677 2756 1823 2808 Jens.

809 2839 861 2875 et
881 2837 1022 2895 post.
1060 2840 1183 2878 ante
1220 2828 1347 2880 Bad.
1386 2831 1546 2883 Vides
1583 2833 1829 2887 indicati-

808 2924 931 2956 vum
956 2905 1105 2958 nullo
1127 2906 1258 2977 (nisi
1285 2909 1434 2980 quod
1450 2911 1587 2965 Alm.
1613 2915 1827 2987 siletur)

809 2987 1009 3056 scripto
1050 2988 1163 3037 uiti.
1207 2989 1617 3060 conjunctivum
1647 3006 1823 3046 tamen

808 3083 984 3135 neque
1031 3065 1283 3137 exemplis
1333 3066 1618 3123 destitutus
1663 3090 1826 3144 repo-

813 3163 965 3207 nere,
987 3162 1161 3216 neque
1180 3149 1333 3200 nimis
1354 3148 1605 3202 festinato
1617 3152 1824 3222 judicio

813 3222 1068 3275 damnare
1091 3227 1280 3276 ausim.
1306 3228 1451 3296 Quid
1474 3233 1615 3282 enim
1648 3235 1692 3283 si
1725 3252 1823 3304 pro

816 3320 880 3354 eo
909 3301 1055 3372 quod
1080 3302 1289 3373 plenius
1320 3320 1460 3359 esset
1488 3330 1510 3352 a
1531 3308 1829 3378 Pelluntur,

820 3406 842 3427 a
865 3383 907 3433 si
925 3385 1182 3453 quisunt,
1199 3387 1288 3454 qui
1307 3388 1605 3439 existiment
1623 3413 1645 3437 υ
1666 3390 1831 3457 Quiu-

816 3460 1029 3512 tiliauus
1048 3464 1282 3532 pressius
1306 3463 1482 3517 dicere
1505 3471 1712 3538 potuit,
1740 3481 1833 3521 aut

815 3540 981 3592 voluit
1002 3564 1023 3587 ιι
1040 3540 1333 3609 falluntur,
1350 3547 1442 3616 qni
1457 3548 1786 3601 existiment?
1802 3574 1824 3598 a

816 3648 889 3658 —
904 3622 1083 3671 Nostri
1098 3619 1270 3674 Codd.
1288 3623 1374 3675 alii
1396 3624 1717 3695 existiment,
1741 3626 1829 3680 alii

816 3696 1089 3749 existimet.
1120 3700 1213 3751 En.

891 3795 942 3828 2.
962 3778 1108 3830 Locis
1125 3778 1417 3835 bacchatur.
1436 3786 1559 3837 Non
1581 3785 1829 3858 displicet

818 3856 1115 3910 observatio
1136 3859 1309 3926 Badii,
1329 3860 1495 3915 alludi
1513 3863 1602 3915 hic
1622 3866 1690 3916 ad
1709 3865 1828 3917 loca

822 3950 964 3987 terrm
978 3977 992 3999 ,
1015 3956 1111 4009 per
1131 3956 1246 4008 quae
1268 3940 1484 3994 Bacchae
1501 3958 1775 4012 vagantur.

891 4019 941 4068 3.
975 4013 1203 4083 Infitior.
1237 4017 1524 4090 Infinitior,
1556 4023 1696 4074 Flor.
1726 4025 1829 4075 Ju-

820 4093 1079 4145 cundion‘s
1114 4105 1166 4145 et
1184 4096 1496 4167 favorabilis
1524 4101 1829 4172 qualt'scun·

820 4190 922 4244 que
949 4172 1271 4244 eloquentt'ce.
1310 4180 1432 4231 Ilaec
1463 4194 1544 4233 est
1577 4197 1829 4237 constans

1895 1961 2277 2034 plerorumque
2335 1959 2594 2013 librorum
2651 1960 2904 2030 scriptura

1896 2059 2020 2095 cum
2038 2039 2140 2092 hac
2163 2054 2368 2093 tantum
2382 2040 2636 2092 varietate
2653 2035 2905 2111 :jucundi

1897 2121 1998 2172 oris
2037 2122 2091 2172 in
2117 2124 2269 2172 Voss.
2309 2137 2372 2185 2,
2410 2131 2464 2170 et
2498 2121 2556 2170 in
2593 2116 2711 2169 aliis
2749 2115 2902 2167 Badio

1895 2203 2018 2253 visis
2041 2200 2246 2254 divisim
2267 2202 2520 2272 scriptum
2540 2222 2555 2264 ς
2581 2197 2876 2272 fhwmbili
2885 2234 2902 2259 ,

1897 2283 2067 2345 Flor.;
2082 2282 2502 2351 favorabilior-is,
2529 2280 2737 2353 aliquot
2762 2277 2900 2331 editt.

1899 2360 2042 2433 apud
2067 2364 2350 2412 Burmann.
2382 2379 2492 2412 acc.
2520 2356 2901 2434 Crustu-154⁴.

1899 2441 2255 2513 Eloquentia,
2298 2440 2462 2493 Goth.
2486 2444 2646 2491 Voss.
2687 2456 2737 2490 2.
2785 2434 2906 2488 Mihi

1904 2522 2122 2574 Gesneri
2154 2525 2462 2594 conjectura
2490 2519 2560 2572 ab
2593 2519 2760 2589 longo
2792 2516 2906 2570 inde

1910 2613 2151 2671 tempore
2177 2602 2233 2651 in
2265 2602 2405 2652 notis
2433 2613 2681 2673 prostans
2711 2611 2906 2649 matura

1905 2677 2118 2730 tandem
2142 2677 2438 2744 videbatur,
2470 2697 2583 2748 quoe
2613 2680 2669 2730 in
2694 2689 2908 2728 contex-

1909 2770 2020 2808 tum
2045 2759 2384 2826 reciperetur.
2403 2783 2471 2795 -
2485 2756 2670 2807 Nostri
2691 2752 2907 2806 Codice:

1907 2836 2039 2889 nihil
2067 2839 2191 2889 novi
2215 2838 2463 2888 afferunt.
2488 2837 2584 2887 Eu.

1980 2915 2030 2982 4.
2047 2915 2295 2967 Jueunda
2310 2917 2445 2968 auri.
2455 2913 2591 2966 Vide
2605 2926 2721 2965 not.
2743 2928 2906 2982 super.

1908 2994 2212 3047 Fauor-abile
2243 3009 2420 3046 autem
2443 3011 2558 3045 esse
2583 2993 2671 3043 cui
2692 2993 2910 3051 favetur,

1908 3092 1937 3125 e
1971 3072 2149 3125 lexicis
2181 3086 2401 3135 notum;
2439 3071 2698 3137 vidum,
2730 3087 2749 3121 1
2768 3106 2785 3136 ‚
2814 3069 2906 3135 ⁴33

1907 3154 2012 3218 xl,
2051 3171 2067 3204 ι
2089 3191 2106 3215 ,
2134 3152 2222 3219 42.

1981 3234 2029 3286 5.
2060 3234 2263 3305 Neque.
2290 3233 2482 3296 Caua,
2505 3249 2616 3284 nec.

1979 3312 2031 3364 6.
2048 3312 2321 3386 Aqqerem.
2339 3310 2783 3382 ComparantVV.
2799 3308 2904 3359 Dn.

1909 3408 2116 3442 versum
2127 3390 2155 3439 J
2161 3390 2485 3455 uvenalisw,
2499 3388 2602 3443 588
2617 3411 2629 3439 ε
2645 3388 2909 3441 Plebeium

1913 3468 1968 3520 in
1988 3470 2122 3521 circo
2138 3469 2370 3543 positum
2391 3479 2468 3520 est
2484 3479 2536 3520 et
2554 3470 2610 3519 in
2627 3485 2818 3543 aqqere
2829 3464 2912 3537 fa·
3020 3518 3030 3529 ,

1913 3560 2057 3609 ωιτη
2087 3548 2153 3601 de
2178 3547 2333 3620 plebe
2356 3547 2594 3601 hariolos
2629 3561 2681 3598 et
2710 3557 2907 3620 agyrtas

1908 3630 1963 3679 in
1998 3629 2099 3680 illis
2128 3629 2260 3680 locis
2293 3626 2646 3681 consultante.
2673 3628 2905 3694 Utroque

1910 3720 2087 3779 autem
2119 3705 2241 3757 loco
2272 3724 2516 3777 aggerem
2544 3704 2818 3777 Tarquinii
2843 3703 2908 3752 si-

1908 3778 2147 3856 gnificari
2170 3788 2498 3838 Burmannus
2521 3797 2702 3835 censet
2717 3820 2735 3847 ,
2762 3799 2908 3853 quem

1910 3868 2097 3917 merito
2130 3866 2394 3917 Gesnerus
2422 3861 2590 3915 audiri
2615 3873 2788 3926 vetat,
2814 3858 2906 3910 do·

1908 3964 2006 3997 nec
2036 3944 2372 4008 ostendatur,
2415 3943 2490 3995 ibi
2528 3960 2744 4015 quoque
2774 3943 2906 4010 ejus-

1911 4024 2053 4075 modi
2094 4022 2320 4075 circulos
2359 4022 2537 4073 fuisse.
2583 4023 2701 4091 lpse
2743 4032 2906 4071 tamen

1911 4123 2154 4175 aggerem
2186 4101 2483 4171 intelligens
2522 4101 2730 4171 spinam
2762 4096 2907 4158 circi,

1911 4186 2071 4235 immo
2087 4181 2415 4234 confidenter
2433 4180 2538 4234 hoc
2559 4181 2613 4231 in
2627 4178 2784 4232 Thes.
2800 4176 2905 4228 Lat.
