3200 5159
822 512 946 579 156

1384 512 1481 577 M.
1519 511 1750 577 FABII
1787 510 2346 594 QUINTILIANI

815 663 986 710 nam
1010 651 1029 683 ¹
1062 661 1317 709 novem
1337 649 1363 681 ²
1393 636 1597 708 annis
1624 636 2018 736 accepimus
2045 637 2372 736 scriptam
2389 693 2409 727 ,
2446 657 2514 709 et
2535 636 2923 736 Panegyri-

815 778 981 824 cum
1028 751 1339 824 Isocratis
1360 810 1379 843 ‚
1419 752 1541 852 qui
1593 752 1993 853 parcissime
2013 750 2066 841 ³,
2121 752 2367 825 decem
2417 752 2620 826 annis
2674 752 2919 825 dicunt

818 864 1253 939 elaboratum
1275 925 1292 957 ‚
1322 865 1410 939 ad
1445 887 1788 940 oratorem
1829 866 2004 939 nihil
2039 868 2367 967 pertinet3
2403 869 2601 970 cujus
2631 867 2917 940 nullum

818 981 944 1054 erit
963 1040 982 1073 ‚
1017 982 1071 1054 si
1103 982 1294 1055 tam4
1323 983 1602 1055 tardum
1632 983 1843 1056 fuerit
1863 1041 1882 1074 ,
1910 983 2273 1056 auxilium.

916 1099 1084 1171 CAP.
1118 1101 1208 1172 V.
1253 1100 1663 1172 Proximum
1697 1120 1835 1188 est,
1875 1122 1955 1173 ut
1987 1100 2339 1190 dicamus,
2383 1126 2537 1201 quae
2572 1106 2922 1201 praecipue
3006 1162 3014 1169 .

816 1211 1173 1286 scribenda
1202 1214 1381 1287 sint⁵
1407 1242 1422 1287 :
1450 1211 1626 1288 hoc⁶
1651 1215 2130 1290 exuberantis⁷
2161 1216 2447 1317 quidem
2479 1236 2581 1288 est
2609 1214 2918 1315 ⁸operiS‚

896 1393 943 1428 ι.
970 1378 1261 1448 Zmyrnam
1276 1401 1296 1440 ‚·
1330 1380 1405 1432 sie
1433 1377 1666 1432 Gothan.
1694 1376 1830 1449 (tac.

824 1454 1096 1529 Gesner-0)
1131 1459 1231 1510 nisi
1261 1458 1406 1528 quod
1430 1477 1529 1530 per
1556 1459 1590 1510 i.
1623 1458 1835 1530 Reliqui

821 1534 1258 1607 Smymam.Vide
1274 1538 1371 1601 IX,
1390 1554 1418 1587 2
1432 1575 1449 1603 ,
1464 1537 1560 1604 64;
1583 1539 1709 1590 item
1718 1540 1830 1591 W.

820 1613 937 1666 DI).
965 1612 1034 1665 ad
1055 1613 1183 1665 Tac.
1209 1613 1415 1666 Annall.
1444 1616 1534 1681 IV,
1560 1616 1647 1669 56.

897 1709 944 1744 2.
983 1693 1163 1746 Cinnoe
1194 1696 1482 1765 Zmyrnam
1519 1714 1706 1747 novem
1742 1714 1838 1747 an·

821 1771 923 1824 nis.
975 1772 1031 1823 C.
1085 1770 1300 1824 Helvius
1347 1774 1516 1825 Cinna
1560 1768 1836 1826 historiam

822 1852 1058 1922 Zmyrnae
1074 1889 1090 1918 ,
1111 1849 1194 1903 vel
1219 1850 1438 1925 Myrrhae
1468 1840 1620 1921 (vide
1643 1854 1714 1905 lx
1729 1892 1746 1920 ,
1774 1870 1801 1904 2
1818 1891 1835 1919 ,

822 1929 927 2001 64)
948 1929 1122 1995 brevi,
1145 1929 1239 1982 sed
1259 1930 1632 1984 obscurissimo
1653 1933 1837 1985 carmi·

707 2056 715 2063 .
822 2028 893 2065 ne
915 2011 1186 2081 exposuit,
1210 2012 1298 2061 cui
1318 2011 1462 2063 velut
1484 2009 1701 2064 defosso
1728 2009 1838 2063 the-

823 2106 983 2140 sauro
1010 2105 1203 2141 novem
1235 2090 1385 2141 annis
1419 2088 1724 2142 incubuisse
1753 2089 1836 2140 di-

821 2168 976 2219 citur.
1017 2167 1217 2219 Notum
1254 2181 1336 2220 est
1368 2169 1703 2237 Epigramma
1734 2168 1836 2220 Ca·-

821 2246 972 2299 tulli:
1006 2247 1243 2317 Zmyrna
1279 2249 1383 2299 m'ei
1424 2248 1603 2300 Cinnoe
1638 2266 1834 2300 nonam

820 2338 938 2398 post
959 2326 1183 2400 denique
1206 2344 1446 2393 messem,
1472 2326 1639 2397 Quam
1670 2337 1837 2398 σοφία

823 2414 929 2471 est,
955 2422 1255 2478 nonamque
1276 2406 1413 2457 edita
1437 2417 1556 2476 post
1582 2403 1836 2471 hiemem,

827 2497 933 2537 etc.
952 2483 1085 2536 vide
1109 2486 1284 2536 Burm.
1311 2482 1380 2535 nd
1406 2482 1621 2537 Anthol.
1648 2486 1724 2548 11,
1751 2502 1833 2555 ep.

831 2560 963 2627 25o;
997 2577 1050 2615 et
1079 2564 1140 2615 F.
1165 2562 1503 2625 A.,Wolfium
1529 2564 1596 2616 ad
1620 2565 1836 2617 Sueton.

827 2642 1060 2695 Granum.
1079 2680 1096 2707 ‚
1126 2661 1175 2695 c.
1210 2643 1290 2695 18.
1322 2642 1451 2695 Inde
1475 2644 1680 2695 Horatii
1707 2642 1838 2694 illud

829 2722 899 2775 ad
922 2724 1022 2775 Pis.
1053 2723 1174 2775 388.
1206 2722 1377 2773 Affert
1405 2721 1512 2775 huc
1539 2723 1836 2787 Gema-us,

829 2821 941 2871 non
977 2803 1341 2872 intempestive
1375 2801 1620 2875 quidem,
1654 2805 1838 2873 jocum

828 2882 883 2933 in
912 2898 1123 2932 carmen
1151 2878 1217 2933 de
1243 2881 1442 2950 vit-gine
1475 2880 1840 2934 Aurelianensi

830 2960 1134 3029 conjectum
1174 2976 1318 3024 non,
1356 2972 1419 3010 ut
1456 2959 1548 3011 ille
1584 2973 1770 3030 putat,
1805 2979 1840 3013 a

829 3036 1112 3108 Menagio‚
1142 3035 1236 3088 sed
1268 3055 1298 3089 a
1325 3037 1676 3105 Mommorio‚
1710 3057 1840 3110 sup·

829 3115 1029 3189 plicum
1066 3114 1366 3167 libellorum
1405 3077 1698 3193 megisti-0³:⁴
1731 3115 1840 3169 Illa

832 3191 1107 3265 capellani
1129 3192 1324 3245 dudum
1349 3198 1638 3267 exspectata
1658 3178 1841 3265 puella

828 3275 1010 3347 Lonqo
1033 3283 1151 3344 post
1177 3274 1386 3327 tandem
1417 3284 1644 3347 tempore
1664 3273 1843 3346 prodit

830 3369 982 3405 auus.
1009 3350 1190 3403 Cinnae
1216 3353 1492 3423 Zmyrnam
1523 3370 1552 3403 a
1579 3350 1839 3425 Gedoyno

832 3427 1067 3481 fabulam
1096 3432 1360 3482 scenicam
1392 3444 1667 3503 acceptam
1698 3444 1840 3484 recte

830 3519 983 3561 notat
1004 3508 1227 3579 Capper.

903 3587 955 3641 3.
980 3587 1084 3658 Qui
1096 3588 1407 3659 parcissime.
1421 3589 1598 3640 Tur-ic.
1613 3608 1700 3662 ‚q.
1718 3608 1842 3661 par*-

835 3665 1117 3729 tissimum‚·
1132 3684 1279 3718 asec.
1291 3685 1450 3718 manu
1460 3686 1837 3740 parcissimum

833 3744 994 3797 Goth.
1018 3743 1144 3814 (tac.
1169 3746 1328 3798 Gesu.
1334 3746 1357 3817 )
1377 3747 1540 3799 (λιν.
1558 3765 1760 3820 ‚quam
1780 3767 1837 3818 p.

831 3854 905 3865 -
931 3826 1034 3895 Qui
1057 3824 1367 3896 parcissime.
1396 3826 1502 3880 Alii
1528 3829 1667 3879 enim
1695 3828 1841 3899 quin-

834 3903 1007 3955 decim
1036 3920 1203 3958 annos
1230 3905 1529 3976 assignant,
1553 3918 1614 3957 ut
1637 3905 1841 3959 Plutar-

838 3982 970 4036 chus
995 3996 1169 4035 narrat
1193 3984 1245 4035 in
1269 3985 1375 4035 vita
1396 3985 1658 4038 Isocratis.

908 4060 958 4127 4.
985 4061 1134 4113 Tam.
1153 4060 1315 4114 Goth.
1337 4061 1462 4133 (tac.
1482 4063 1670 4131 Gesn.)
1694 4067 1842 4117 omit-

840 4143 917 4196 tit.
941 4142 1159 4191 —Item
1179 4140 1310 4192 vall.
1338 4140 1429 4193 lib.
1453 4143 1559 4194 RR.
1586 4143 1646 4208 8,
1671 4161 1721 4213 9.
1747 4145 1839 4195 En.

910 4216 962 4275 5.
980 4218 1253 4275 scribenda
1270 4218 1390 4274 sint.
1410 4220 1840 4298 Turio-*Florenn

1913 1380 2089 1433 Guelf.
2121 1382 2286 1434 Cius.
2313 1379 2476 1432 Goth.
2503 1380 2648 1432 Jens.
2683 1378 2924 1449 (tacente

1913 1457 2100 1528 Gesn.)
2121 1476 2158 1509 s.
2186 1470 2337 1523 sunt,
2362 1476 2483 1510 cum
2509 1456 2628 1510 edd.
2653 1470 2776 1508 ante
2796 1455 2920 1508 Rad.

1914 1534 2080 1587 Modo
2103 1546 2178 1589 est
2199 1537 2393 1588 omittit
2415 1535 2556 1588 Flor.
2583 1554 2613 1586 a
2635 1554 2720 1606 pr.
2744 1552 2922 1587 manu.

1915 1615 2317 1685 Inscriptionem
2361 1627 2540 1666 sutem
2586 1611 2788 1664 nullam
2830 1612 2925 1664 ba·

1916 1690 2045 1744 bent
2067 1710 2243 1763 neque
2266 1691 2381 1759 hic,
2402 1710 2580 1762 neque
2606 1693 2662 1742 in
2684 1692 2925 1763 proximo

1916 1773 2125 1842 capite,
2152 1773 2424 1824 Tur-icens.
2458 1771 2598 1823 Flor.
2628 1771 2795 1824 Cute.
2826 1764 2927 1823 sed

1915 1847 2090 1901 Guelf.
2114 1862 2167 1900 et
2184 1849 2344 1903 Goth.
2360 1889 2377 1916 ‚
2401 1850 2526 1919 Quoe
2544 1849 2808 1902 scribenda
2827 1848 2929 1901 sint

1915 1926 2065 1995 (rell.
2099 1938 2222 1981 sunt
2252 1941 2374 1980 ante
2406 1928 2601 2000 Basil.)
2632 1928 2925 2000 precipue,

1916 2023 2038 2057 cum
2062 2005 2183 2058 edd.
2211 2020 2333 2059 ante.
2355 2007 2516 2060 Gesn.
2532 2045 2549 2073 ,
2574 2025 2685 2060 exc.
2710 2006 2845 2060 Obr.

1989 2084 2042 2137 6.
2066 2085 2199 2138 Hoc.
2218 2086 2399 2143 Turio.
2418 2124 2435 2152 ,
2462 2086 2601 2151 hec,
2632 2105 2756 2138 cuin
2785 2087 2926 2139 Jens.

1913 2166 2067 2217 Tarv.
2085 2165 2213 2231 Hec,
2227 2167 2390 2220 Can·-
2403 2165 2697 2223 cumcoth.
2709 2171 2863 2220 Voss.
2879 2185 2924 2219 2.

1913 2244 2047 2296 Vide
2072 2243 2161 2296 lib.
2186 2246 2329 2310 vul,
2353 2263 2474 2317 cap.
2499 2246 2563 2312 6,
2586 2247 2637 2313 s.
2667 2262 2715 2297 2.

1989 2342 2041 2395 7.
2065 2324 2431 2377 Exuberantis.
2450 2325 2628 2400 Tui-ic.
2642 2362 2660 2390 ‚
2682 2342 2930 2395 emperan-

1919 2402 2048 2462 tibus
2075 2403 2161 2463 id‚·
2190 2422 2222 2455 a
2250 2422 2359 2456 sec.
2388 2421 2547 2454 manu
2579 2402 2930 2474 essupemnti-

1917 2481 2006 2534 bus
2030 2482 2099 2533 id.
2124 2481 2265 2534 Flor.
2296 2486 2351 2549 (a
2374 2501 2455 2555 pr.
2482 2481 2667 2554 manu)
2683 2499 2750 2532 ex
2770 2480 2930 2554 impe-

1920 2564 2151 2615 rantibus
2172 2563 2229 2615 id
2239 2603 2258 2628 ,
2283 2581 2406 2615 cum
2428 2561 2607 2617 Guelf.
2630 2563 2788 2614 Voss.
2820 2580 2839 2614 ι
2859 2600 2876 2627 ,
2897 2560 2928 2612 3

1917 2640 2041 2710 (nisi
2059 2640 2205 2713 quod
2224 2644 2276 2693 in
2297 2640 2378 2693 his
2401 2641 2569 2693 tribus
2588 2640 2643 2691 id
2660 2659 2771 2695 non
2790 2659 2932 2693 com·

1918 2720 2101 2792 paret)
2131 2721 2277 2773 Jens.
2306 2719 2439 2791 (err.
2461 2721 2835 2792 Gesn.)Ta1-v.
2868 2719 2934 2771 Id

1918 2812 2097 2851 tamen
2123 2813 2176 2852 et
2198 2798 2360 2851 Goth.
2385 2798 2564 2851 babet.

1992 2879 2043 2932 8.
2068 2880 2286 2951 Quidem
2306 2889 2379 2932 est
2395 2879 2576 2952 operis.
2596 2881 2777 2933 Tun-ic.
2790 2917 2809 2944 ,
2829 2897 2929 2952 qua

1920 2959 2055 3013 idem
2092 2961 2265 3030 opon's
2299 2959 2402 3032 (an
2439 2960 2541 3011 fuit
2577 2960 2863 3028 laboris?);
2900 2976 2928 3010 s

1919 3056 2026 3090 sec.
2062 3056 2222 3089 manu
2249 3038 2375 3111 quia
2402 3037 2542 3090 idem
2570 3038 2756 3111 operis.
2791 3039 2927 3090 Flor.

1917 3113 1980 3187 (a
2004 3136 2086 3208 pr.
2112 3116 2306 3185 manu)
2329 3134 2431 3189 qua
2457 3116 2514 3167 id
2534 3117 2808 3188 operis.1n
2827 3117 2927 3169 hoc

1919 3198 2087 3248 inciso
2121 3194 2335 3268 quidem
2367 3193 2542 3248 alieno
2577 3208 2657 3246 est
2693 3194 2853 3262 loco,
2890 3198 2930 3247 si

1919 3274 2145 3327 refertur
2163 3271 2232 3325 sd
2250 3273 2372 3338 hoe,
2400 3288 2452 3326 et
2470 3273 2681 3327 facilius
2700 3235 2935 3353 applice-

1919 3364 2006 3403 tur
2029 3351 2110 3417 ei,
2133 3350 2320 3422 quod
2306 3370 2360 3403 m
2389 3351 2657 3423 plerisque
2683 3366 2829 3405 vett.-
2843 3372 2932 3405 an·

1921 3429 2157 3496 teceditffi
2192 3429 2260 3482 id.
2299 3433 2439 3483 Tum
2478 3446 2706 3504 reponat
2746 3433 2932 3506 aliquis

1921 3509 2032 3562 hoec
2049 3511 2426 3583 exsuperantis,
2448 3511 2543 3563 ubi
2562 3526 2739 3566 tamen
2762 3533 2934 3586 neque

1923 3588 2032 3640 hoec
2050 3588 2307 3661 placuerit
2317 3626 2334 3652 ,
2351 3606 2523 3660 neque
2536 3589 2809 3660 vulgarius
2821 3610 2936 3644 vev-

1920 3666 2050 3720 hum
2078 3667 2369 3721 succedens
2394 3671 2723 3741 exquisitim-i
2751 3670 2936 3722 exube-

1922 3748 2099 3800 rantis.
2112 3748 2194 3800 An
2210 3749 2369 3818 igitur
2383 3748 2467 3803 hic
2483 3750 2579 3802 erit
2594 3749 2937 3821 probandum

1918 3847 2025 3900 prae
2068 3827 2203 3879 hoc?
2240 3827 2512 3885 Liiaentius
2550 3842 2762 3896 tamen,
2797 3848 2933 3902 quo-

1919 3909 2064 3959 nism
2103 3917 2179 3958 est
2217 3907 2420 3961 exsulat
2460 3928 2491 3960 e
2530 3910 2896 3961 vetustissimis
2915 3946 2932 3973 ‚

1921 3985 2084 4038 modo
2127 3985 2627 4056 transpositionibus
2675 3985 2934 4056 indulgeri

1920 4066 2122 4137 possit,
2158 4063 2270 4116 hec
2307 4083 2487 4117 eruam
2511 4086 2523 4116 :
2562 4065 2681 4117 Hoc
2722 4065 2933 4137 quidem

1922 4143 2247 4197 exuberantis
2256 4144 2323 4195 sit
2335 4144 2515 4215 operis.
2527 4142 2660 4196 Vide
2674 4145 2727 4195 X
2738 4180 2755 4207 ,
2777 4160 2797 4195 ι
2808 4183 2824 4207 ,
2838 4143 2932 4202 38;

1921 4225 2050 4281 item
2071 4221 2160 4275 hic
2184 4221 2229 4295 §.
2261 4239 2355 4294 ¹9³
2384 4237 2437 4276 et
2462 4225 2529 4292 V,
2555 4241 2572 4275 ι
2592 4261 2610 4291 ,
2634 4222 2688 4277 3,.
2713 4223 2932 4277 Siteon
