3200 5159
665 481 1319 551 INSTITUTIONIS
1357 482 1616 547 ORAT.
1655 484 1817 548 LIB.
1857 484 2017 564 XII,
2059 506 2119 549 2.

2279 485 2437 569 ..453

343 603 554 696 clem,
606 606 807 707 cnjus
851 605 1291 704 eloquentiae,
1340 606 1607 678 etiamsi
1653 605 1849 680 nulla
1892 609 1981 681 ad
2018 634 2144 680 nos
2189 635 2444 680 monu-
2494 615 2500 620 ’

344 742 583 794 menta
632 744 1016 813 venerunt,
1063 723 1205 794 vim
1254 743 1489 795 tamen
1538 724 1916 820 quamdam
1963 724 2445 798 incredibilem

345 863 569 936 quum
624 840 978 930 historici,
1030 862 1182 911 tum
1229 839 1481 930 etiam,
1531 839 2009 913 liberrimum¹
2065 841 2446 914 hominum

345 979 569 1051 genus
593 970 646 1045 ²,
701 956 950 1029 comici
1005 977 1261 1028 veteres
1311 956 1599 1029 tradunt
1628 1014 1648 1048 ,
1708 962 2130 1061 Anaxagorae
2179 958 2448 1060 physici

344 1089 608 1142 constat
630 1070 1021 1143 auditorem
1042 1071 1254 1143 fuisse
1279 1101 1309 1161 ;.
1338 1092 1403 1144 et
1430 1072 1979 1145 Demosthenem
2002 1132 2030 1164 ,
2054 1074 2446 1174 principem

344 1185 669 1257 omniu'm
714 1188 998 1260 Graeciae
1050 1209 1443 1278 oratorum,
1491 1188 1760 1261 dedisse
1811 1216 2095 1289 operam
2147 1188 2442 1262 Platoni.

342 1299 526 1371 Nam
560 1302 661 1373 M.
687 1301 966 1376 Tullius
988 1301 1043 1392 ³,
1075 1329 1217 1376 non
1255 1324 1531 1377 tantum
1561 1331 1634 1376 se
1666 1304 1917 1378 debere
1943 1304 2196 1378 scholis
2227 1303 2450 1377 rheto·
2478 1322 2547 1376 23

347 1443 542 1508 rum,
570 1441 915 1517 quantum
942 1420 1336 1493 Academiae
1365 1423 1602 1523 spatiis
1605 1480 1637 1516 2
1664 1424 2064 1523 frequenter
2095 1422 2285 1522 ipse4
2316 1442 2452 1495 tes-

344 1552 562 1604 tatur:
598 1561 828 1632 neque
860 1562 931 1608 se
970 1556 1161 1608 tanta
1195 1536 1266 1608 in
1303 1564 1385 1609 eo
1420 1565 1737 1637 unquam
1770 1537 2099 1611 fudisset⁵
2131 1538 2445 1630 ubertaS,

348 1648 407 1720 si
458 1648 825 1749 ingenium
881 1679 1090 1725 suum
1139 1676 1468 1754 consepto
1523 1655 1699 1746 fori,
1751 1682 1895 1728 non
1950 1654 2166 1755 ipsius
2217 1681 2452 1727 rerum

346 1783 611 1836 naturae
662 1766 918 1840 finibus
966 1769 1419 1843 terminasset.
1478 1775 1749 1845 Verum
1794 1800 1873 1845 ex
1915 1773 2047 1845 hoc
2091 1773 2225 1845 alia
2269 1773 2449 1845 mihi

348 1881 632 1978 quaestio
683 1883 1015 1977 exoritur,
1070 1912 1225 1983 quae
1270 1909 1450 1961 secta
1496 1891 1810 1963 conferre
1857 1890 2247 1990 plurimum
2297 1890 2449 1962 elo—

350 1996 650 2092 quentiae
684 1998 940 2097 possit;
977 2026 1411 2100 quamquam
1448 2029 1529 2075 ea
1557 2030 1701 2076 non
1736 2003 1917 2076 inter
1948 2003 2201 2077 multas
2232 2024 2451 2103 potest

348 2137 496 2183 esse
534 2113 924 2186 contentio:
962 2140 1128 2188 nam
1164 2116 1488 2216 inprimis
1524 2145 1653 2191 nos
1683 2118 2080 2219 Epicurus⁶
2112 2147 2153 2191 a
2188 2144 2260 2190 se
2297 2119 2444 2218 ipse
2481 2141 2550 2209 ²4

430 2301 472 2334 ι.
502 2282 904 2337 liberrimum...
928 2304 1121 2360 genus,
1151 2288 1353 2340 comici.

348 2362 483 2414 Vide
506 2366 579 2430 11,
612 2365 700 2430 16,
726 2367 909 2435 193X,
932 2385 950 2418 ι
969 2369 1083 2430 ,δι
1104 2369 1355 2441 Dequum

348 2454 403 2493 et
436 2453 548 2494 tum
582 2442 700 2496 vide
724 2446 792 2495 IV
802 2481 819 2510 ,
857 2463 911 2511 ι,
945 2446 1031 2500 66.
1071 2447 1357 2500 Hister-ico·

348 2539 494 2589 rum,
533 2524 624 2595 qui
647 2526 823 2576 testati
847 2538 972 2579 sunt
1002 2529 1357 2598 praestantiam

346 2597 660 2673 eloquentie
672 2602 910 2657 Periclea.-
921 2643 938 2671 ,
952 2606 1206 2657 maximus
1216 2604 1359 2658 'rhu-

347 2679 581 2752 cydides.
603 2681 903 2744 Liber-rimi,
922 2683 1215 2737 nihilerant
1231 2684 1359 2737 adu-

347 2757 536 2812 lationi
562 2760 763 2826 daturi,
800 2773 854 2813 et
882 2773 1009 2814 tunc
1032 2765 1207 2834 ipsum
1229 2782 1359 2816 con-

348 2837 686 2890 viciabantur.
727 2838 857 2891 Vide
890 2853 939 2892 et
966 2842 1088 2907 ΧΠ,
1142 2858 1232 2909 ιο,
1265 2842 1360 2909 24,

347 2915 443 2967 ubi
478 2915 896 2969 Demosthenicoe
928 2907 1187 2975 διινὸτιντος
1212 2921 1360 2990 origo

348 2994 620 3047 Platonica
631 2999 819 3048 iterum
829 2995 1235 3051 demonstratur.
1246 3001 1361 3050 Hoc

353 3089 531 3126 nutem
567 3073 633 3126 de
672 3073 1005 3147 pbilosophis
1047 3074 1361 3129 doctoribus

353 3167 627 3205 oratorum
650 3153 874 3224 sumpsit
891 3170 923 3204 a
942 3153 1197 3206 Cicerone
1210 3155 1360 3207 Orat.

355 3249 404 3284 c.
433 3231 486 3297 4.

431 3326 480 3362 2.
496 3309 787 3363 Hominum
800 3328 985 3382 gntus,-
1001 3311 1076 3363 sic
1085 3311 1363 3364 Tur-icens.

353 3388 494 3441 Flor.
520 3389 694 3442 Guelf.
724 3391 788 3443 G.
816 3389 865 3441 1⁸.
880 3428 899 3456 ‚
923 3388 1131 3459 reliqui.
1156 3390 1367 3442 Groecioe

357 3478 612 3520 oratorem
627 3507 646 3535 ‚
669 3469 940 3522 Turicens.
975 3467 1116 3520 Flor.
1141 3468 1304 3522 Cane.

354 3603 361 3614 ,
429 3546 483 3599 3.
515 3548 595 3597 Μ.
624 3545 883 3600 Tullius...
918 3557 1145 3599 testatur.
1188 3548 1365 3602 Facile

357 3627 616 3679 succurrit
638 3629 748 3678 VV.
771 3627 888 3679 Du.
913 3625 1064 3678 locus
1084 3627 1293 3679 Orator.
1316 3645 1364 3679 c.

355 3708 408 3762 3.
431 3707 620 3758 Fateor
639 3725 777 3758 me...
799 3706 1054 3759 exstitisse.
1078 3705 1179 3759 Sed
1204 3725 1369 3778 quum

277 3789 289 3797 ⁰
345 3786 658 3860 frequenter
696 3783 839 3837 dicat
878 3786 1104 3851 Noster,
1155 3787 1367 3857 requiro

353 3866 509 3939 plura
524 3865 682 3936 hujus
701 3866 1049 3918 confessionis
1064 3864 1201 3916 loca.
1223 3864 1368 3916 Nam

356 3958 533 3998 autem
569 3944 656 3998 hic
697 3946 912 3998 inservit
946 3943 1268 3997 transeundo
1298 3943 1365 3996 ad

359 4024 588 4096 aliquid,
614 4024 760 4095 quod
783 4026 939 4077 etiam
959 4024 1286 4076 manifestius
1300 4026 1367 4075 sit

356 4103 851 4236 ffioe‘l‘BLZYS?
872 4106 971 4171 '³'
994 4104 1059 4171 ⁴’
1079 4103 1366 4236 ⁸313?ss

457 4201 486 4234 e
512 4200 541 4234 e
750 4200 773 4235 s
832 4200 927 4235 ene
952 4200 1083 4236 cons
1178 4200 1207 4234 a

1437 2292 1712 2342 communi
1744 2291 1912 2357 fama,
1954 2288 2048 2343 sed
2076 2290 2249 2343 Cicero
2285 2287 2352 2340 de
2391 2306 2446 2341 sc

1435 2372 1549 2442 ipse
1578 2382 1818 2422 testatur.

1507 2447 1559 2514 4.
1588 2449 1853 2508 Testatur3
1886 2448 1961 2501 sic
1988 2447 2151 2500 Cum
2186 2446 2447 2511 Testatus,

1436 2530 1615 2581 Turio.
1651 2528 1792 2581 Flor.
1836 2528 2070 2581 Testatus
2097 2538 2205 2592 est,
2238 2526 2444 2597 reliqui.

1439 2608 1636 2661 Fuisset
1656 2607 1854 2660 ubertas
1865 2644 1884 2673 ,
1906 2605 2238 2658 Turic.Flor.
2265 2603 2447 2656 Ambe.

1442 2702 1469 2736 2
1484 2706 1498 2748 3
1516 2685 1655 2737 idem
1666 2723 1683 2751 ,
1699 2685 1795 2738 sed
1811 2686 2007 2737 omisso
2023 2685 2179 2737 etiam
2197 2695 2352 2735 antea
2366 2701 2417 2735 se
2429 2720 2448 2746 ,

1439 2765 1600 2818 Qui».
1636 2783 1757 2818 cum
1794 2768 1949 2817 Voss.
1997 2782 2053 2830 1,
2084 2782 2143 2830 2,
2189 2763 2250 2828 3,
2279 2762 2448 2814 Stoer.

1439 2842 1667 2896 Chouet.
1724 2842 1868 2896 Laid.
1925 2843 2096 2895 Fuisse
2149 2843 2404 2893 ubertates
2431 2878 2453 2906 ‚

1439 2921 1615 2975 Guelf.
1655 2923 1848 2973 Rerum
1881 2939 1985 2973 om.
2028 2918 2202 2972 Guelf.
2233 2919 2362 2988 (qui
2399 2931 2452 2970 et

1442 2997 1668 3069 natura)
1701 3017 1822 3050 cum
1854 2996 2017 3050 Goth.
2051 2998 2202 3049 Inter
2230 2994 2451 3059 multos,

1440 3077 1602 3130 ΕΔΜ».
1628 3095 1751 3129 cum
1771 3075 1892 3129 edd.
1919 3088 2041 3128 ante
2063 3074 2451 3127 &sik—Nos-

1444 3157 1512 3207 tri
1531 3165 1741 3209 testatus
1760 3164 1850 3206 est.
1876 3156 2002 3206 Mox
2010 3152 2200 3224 fuisset
2220 3154 2452 3217 ubertas,

1445 3252 1556 3286 exc.
1583 3231 1719 3285 vall.
1747 3231 1974 3283 multu.
2003 3232 2065 3297 8,
2088 3248 2151 3300 9,
2180 3230 2459 3302 quifudis-

1442 3325 1516 3365 set
1536 3312 1765 3376 ubertas,
1806 3322 1859 3363 et
1886 3312 1949 3362 R.
1982 3325 2074 3374 ιο,
2104 3308 2379 3380 quifuisse
2403 3327 2458 3360 u.

1443 3389 1505 3441 Τὰ
1532 3408 1700 3442 rerum
1724 3390 1976 3441 omittunt
2001 3385 2132 3439 vall.
2163 3385 2257 3438 lib.
2286 3404 2318 3438 a
2350 3404 2454 3439 sec.

1445 3487 1606 3521 manu
1630 3469 1738 3521 BR.
1766 3469 1825 3534 8,
1850 3484 1913 3536 9,
1945 3483 2034 3532 ιο,
2066 3482 2145 3518 n.
2171 3467 2266 3517 En.

1520 3549 1568 3602 5.
1594 3549 1718 3602 Se...
1731 3545 1973 3618 fudisset.
1999 3544 2133 3598 Vide
2155 3543 2258 3610 xl,
2284 3544 2345 3611 3,
2367 3544 2452 3611 84.

1517 3628 1569 3680 6.
1596 3627 1848 3700 Inprimis
1876 3644 1967 3679 nos
1993 3623 2265 3696 Epicurus.
2295 3622 2455 3677 Goth.

1446 3708 1591 3759 Jens.
1627 3705 1760 3776 (tac.
1795 3703 2006 3775 Gesn.)
2025 3702 2177 3775 Epic.
2203 3703 2259 3753 in
2278 3701 2462 3774 primis

1449 3806 1568 3853 nos,
1592 3804 1715 3837 cum
1731 3782 1851 3836 edd.
1872 3795 2015 3856 post.
2040 3794 2164 3835 ante
2187 3782 2353 3835 Stoer.
2374 3800 2459 3834 or-

1447 3864 1571 3917 dine
1593 3880 1932 3937 nequaquam
1964 3859 2293 3933 displicente.
2331 3858 2384 3911 A
2407 3877 2460 3913 se

1446 3945 1555 4014 ipso
1577 3940 1737 3995 Goth.
1765 3958 1887 3993 cum
1907 3941 2061 3991 Voss.
2096 3955 2141 4004 t,
2164 3955 2224 4004 a,
2248 3935 2456 4008 3.(non

1445 4020 1567 4073 Ald.
1587 4034 1647 4073 ut
1666 4017 1878 4091 Bunn.)
1904 4019 1958 4075 V
1953 4016 2259 4086 elocissime,
2279 4019 2457 4070 Turic.

1445 4099 1587 4153 Flor.
1618 4098 1746 4168 (sed
1779 4111 2005 4169 uterque
2038 4094 2239 4169 velue.)
2270 4095 2455 4152 Ambr.
2520 4087 2530 4100 ⁰

1450 4195 1479 4231 2
1493 4215 1511 4245 ,
1533 4176 1709 4231 Guelf.
1725 4174 1890 4230 Cute.
1912 4192 2036 4229 curn
2048 4174 2208 4230 Goth.
2226 4178 2377 4232 Voss.
2402 4191 2422 4226 ι
2441 4213 2460 4242 ,
