3200 5159
821 463 950 543 242

1291 465 1301 475 '
1387 455 1483 521 M.
1519 455 1747 521 FABII
1784 455 2338 539 QUINTILIANI

722 620 792 677 70
822 581 1037 658 ceretl
1068 584 1312 675 Quam
1341 579 1543 653 molli
1568 599 1809 652 autem
1842 577 2134 651 articulo
2158 578 2467 651 tractavit
2489 593 2506 624 ¹
2525 579 2906 654 Catonern!

821 699 932 801 cuj
941 726 1023 772 us
1047 719 1370 771 naturam
1401 720 1679 768 summe
1698 692 2121 783 admiratus,
2155 721 2299 766 non
2328 694 2547 793 ipsius
2567 695 2767 786 vitio,
2786 696 2909 768 sed

808 814 1048 887 rstoicae
1079 833 1313 902 sectae,
1343 809 1770 908 quibusdam
1799 809 1874 882 in
1909 809 2117 882 rebus
2147 810 2404 882 factam
2438 810 2794 883 duriorem
2816 811 2914 882 vi-

820 928 970 1002 deri
1000 927 1300 1003 volebat:
1341 946 1420 999 ut
1442 925 1622 997 inter
1652 951 1768 997 eos
1800 950 1946 997 non
1977 925 2323 999 forensem
2349 926 2870 998 contentionem
2888 985 2909 1018 ,

721 1084 784 1140 7¹
820 1044 941 1119 sed
982 1045 1406 1117 studiosam²
1442 1040 1981 1140 disputationem
2019 1041 2326 1115 crederes
2355 1042 2702 1115 incidisse.
2737 1046 2910 1115 Haec

823 1181 923 1233 est
952 1160 1258 1259 profecto
1294 1153 1533 1247 ratio-²⁵,
1567 1175 1668 1245 et,
1702 1153 2212 1228 certissimum
2244 1177 2747 1255 proeceptorum
2782 1184 2909 1258 ge-

822 1301 991 1365 nus,
1025 1273 1210 1346 illius
1241 1272 1386 1345 viri·
1404 1270 1824 1360 observatio,
1855 1290 1972 1359 ut,
2006 1296 2231 1369 quum
2260 1270 2529 1370 aliquid
2552 1270 2909 1346 detrahere

822 1389 1008 1462 salva
1038 1387 1255 1486 gratia
1286 1385 1491 1475 vensi,
1517 1384 1856 1457 concedas
1878 1384 2017 1457 alia
2044 1386 2314 1458 omnia:
2351 1385 2426 1457 in
2459 1371 2590 1458 h‹‘›c
2626 1386 2773 1460 solo
2801 1388 2912 1462 vel

810 1503 1060 1576 -minus
1085 1501 1421 1600 peritum,
1458 1525 1679 1599 quam
1709 1499 1783 1571 in
1815 1500 2068 1601 caejteris
2085 1500 2137 1591 ⁵,
2177 1499 2473 1601 adjecta,
2516 1500 2575 1572 si
2615 1498 2914 1601 ⁶poterit

828 1618 1013 1711 fieri,
1050 1617 1259 1689 etiam
1290 1642 1528 1706 causa,
1563 1642 1688 1688 cur
1714 1613 1786 1686 id
1818 1614 1950 1687 ita⁷
1983 1616 2099 1704 sit,
2126 1615 2234 1688 vel
2259 1617 2473 1716 paulo
2503 1617 2912 1715 pertinacio-

824 1758 974 1803 rem
989 1729 1046 1822 3,
1077 1731 1187 1804 vel
1210 1729 1601 1819 credulum,
1629 1728 1738 1801 vel
1766 1727 2048 1819 iratum,
2077 1729 2185 1802 vel
2210 1730 2599 1829 impulsum
2624 1730 2714 1802 ab
2737 1731 2911 1805 aliis.

827 1848 981 1918 Hoc
1020 1844 1156 1917 illis
1192 1869 1573 1916 commune
1616 1842 2012 1916 remedium
2042 1864 2177 1937 est,
2210 1847 2265 1916 si
2312 1846 2427 1916 ino
2454 1864 2595 1918 tota
2637 1846 2909 1919 actione

824 1959 1177 2060 aequaliter
1207 1978 1530 2059 appareat
1547 1984 1692 2030 non
1717 1959 1945 2031 honor
1968 1958 2180 2032 modo
2200 2017 2219 2051 ,
2254 1959 2374 2031 sed
2398 1959 2606 2031 etiam
2632 1960 2910 2033 caritas:

821 2096 1150 2176 praeterea
1180 2101 1386 2148 causa
1416 2073 1572 2147 sit¹⁰
1605 2072 1810 2179 noliis
1845 2072 2036 2174 justa
2080 2073 2175 2146 sic
2210 2072 2522 2162 dicendi;
2574 2100 2806 2173 neque
2841 2073 2912 2146 id

720 1885 787 1941 72

821 2258 1022 2323 nostri,
1047 2259 1281 2332 exceptis
1300 2257 1406 2310 ΗΒ.
1433 2273 1485 2327 7,
1516 2273 1536 2309 1
1552 2273 1598 2322 1,
1625 2257 1716 2327 qni
1741 2273 1829 2308 ac-

821 2338 1059 2391 casaturi.
1084 2339 1175 2389 En.

902 2434 946 2468 ι.
985 2416 1251 2469 Tractavit
1297 2418 1563 2469 Catonern.
1613 2436 1636 2463 α
1655 2416 1830 2469 Locus

828 2518 854 2542 ι
873 2508 953 2548 est
984 2493 1221 2560 divinus,
1257 2513 1304 2546 c.
1342 2511 1410 2563 ²9
1442 2512 1553 2565 seq.
1576 2518 1599 2543 ιι
1628 2495 1831 2548 Gesne-

824 2593 932 2627 rus.
951 2572 1086 2626 vide
1109 2574 1199 2626 lib.
1225 2575 1299 2639 11,
1320 2592 1439 2644 cap.
1469 2590 1557 2639 ια,
1581 2576 1629 2643 ς.
1657 2592 1707 2626 2.

900 2672 948 2707 a.
986 2652 1299 2706 Studiosam.
1331 2653 1511 2705 Turio.
1548 2653 1732 2705 Ambr.
1768 2671 1831 2721 α,

823 2732 1125 2785 studiosum.
1147 2733 1339 2796 Cum,
1356 2730 1660 2784 studiorum.
1681 2732 1801 2784 Ald.
1814 2770 1832 2800 ‚

823 2808 1162 2865 studiosorum
1171 2807 1452 2862 .-—Eadem
1464 2810 1633 2861 nostri
1641 2809 1833 2875 codd„

826 2891 927 2942 nisi
973 2886 1120 2962 quod
1161 2886 1284 2941 Aldi
1325 2886 1610 2940 lectionem
1655 2887 1832 2941 nullus

824 2968 1041 3042 proebet.
1071 2970 1166 3020 En.

896 3046 949 3099 3.
980 3046 1134 3098 Ratio
1165 3056 1234 3098 et.
1262 3046 1441 3097 Tur-ic.
1474 3043 1614 3097 Flor.
1648 3044 1771 3116 (hic
1803 3064 1837 3098 a

825 3128 994 3198 prima
1009 3124 1190 3196 manu)
1209 3127 1445 3177 inserunt
1462 3134 1521 3176 ut
1537 3142 1697 3197 quum
1711 3143 1836 3177 cum

827 3205 963 3281 Alrn.
982 3217 1362 3276 presumptum
1385 3222 1449 3256 ex
1471 3203 1833 3275 sequentibus.

896 3283 948 3350 4.
977 3285 1379 3337 Certissimum...
1397 3299 1575 3357 qenus.
1602 3283 1717 3334 Hoc
1741 3301 1834 3335 ca·

827 3382 892 3418 ve
907 3366 1100 3435 junges
1121 3362 1283 3416 verbo
1302 3373 1401 3428 est,
1426 3361 1521 3414 sed
1545 3364 1835 3433 appositio·

804 3500 817 3513 ‚
830 3463 955 3498 nem
977 3460 1205 3514 agnosce
1227 3445 1370 3495 vocis
1390 3442 1689 3495 observatio.

900 3522 951 3575 5.
980 3524 1047 3575 In
1080 3522 1301 3587 cineris,
1329 3521 1546 3595 adjecta.
1579 3522 1686 3589 Qui
1717 3535 1832 3573 toto

823 3598 934 3654 hoc
949 3619 1104 3653 sensu
1130 3599 1199 3652 ab
1224 3600 1282 3652 in
1294 3599 1403 3652 *hoc
1423 3598 1531 3652 solo
1556 3598 1626 3651 ad
1644 3597 1833 3671 impul·

829 3699 943 3737 sum
978 3682 1045 3732 ab
1075 3679 1194 3731 aliis
1220 3680 1594 3750 acquieverunt
1622 3677 1830 3744 adhuc,

830 3758 979 3832 quod
1001 3761 1163 3811 sciam
1178 3794 1197 3823 ‚
1224 3774 1408 3811 omnes
1435 3759 1634 3824 critici,
1655 3756 1834 3809 viden-

826 3855 917 3894 tur
950 3859 981 3892 e
1011 3857 1146 3891 voce
1183 3839 1428 3892 concedas
1464 3850 1608 3891 recte
1644 3836 1832 3890 elicene

828 3914 931 3973 sibi
943 3920 1038 3971 visi
1050 3959 1069 3986 ,
1086 3918 1230 3990 quod
1248 3917 1397 3970 deest
1415 3920 1462 3969 ei
1474 3915 1695 3970 vet-burn
1712 3916 1829 3970 fini-

1906 2260 2005 2309 mis
2026 2257 2125 2309 sibi
2149 2260 2453 2330 oppositum
2467 2295 2486 2323 ‚
2516 2255 2673 2329 quale
2700 2257 2778 2312 ibi
2801 2262 2936 2311 erat'

1907 2336 2118 2389 ddemit.
2156 2337 2487 2390 Intercidisse
2521 2339 2680 2407 igitur
2718 2356 2909 2391 censeo

1909 2414 2138 2488 aliqnid3
2170 2428 2223 2467 et
2250 2415 2463 2487 quidem
2489 2415 2738 2469 facillime
2771 2417 2917 2472 dieas

1908 2493 2158 2547 haustum
2186 2508 2306 2566 post
2332 2497 2521 2549 coeten's
2545 2507 2670 2549 ante
2691 2496 2909 2569 adjecta.

1969 2574 2033 2636 ὑ6.
2061 2574 2274 2628 Poterit.
2294 2574 2435 2628 Flor.
2461 2574 2640 2627 Ambr.
2659 2592 2688 2627 2
2702 2614 2720 2642 ,
2735 2577 2910 2629 Guelf.

1908 2654 2034 2704 Exc.
2064 2652 2306 2721 sautem,
2335 2655 2595 2726 potuerit,
2619 2674 2744 2707 cum
2758 2656 2911 2710 Voss.

1912 2732 1981 2799 3,
2009 2730 2171 2785 Goth.
2205 2735 2349 2785 Jens.
2374 2734 2527 2785 Tarv.
2552 2733 2687 2787 Vide
2700 2737 2829 2803 vn,
2858 2752 2877 2788 1
2895 2774 2912 2802 ‚

1911 2809 2008 2877 443
2039 2828 2067 2861 2
2085 2849 2103 2877 ‚
2130 2829 2212 2864 υ.
2230 2813 2491 2863 -Nostri
2515 2815 2759 2883 pomerii.
2786 2814 2878 2865 En.

1984 2906 2036 2960 7.
2086 2890 2156 2942 td
2198 2889 2301 2952 ita3
2341 2893 2417 2942 sic
2435 2904 2440 2909 ·
2461 2890 2641 2943 Ambr.
2683 2910 2712 2944 2
2730 2931 2749 2960 ,
2793 2912 2916 2946 cuin

1910 2969 2103 3021 Joann.
2123 2969 2261 3021 Alnt.
2281 2972 2436 3023 Voss.
2464 2988 2509 3035 ι,
2529 2971 2592 3037 3,
2614 2972 2767 3024 Bern.
2793 2971 2914 3026 Ald.

1911 3048 2070 3116 Dim,
2090 3050 2269 3100 Tui-ic.
2293 3048 2483 3117 Dicta,
2508 3052 2652 3102 Jeus.
2677 3050 2915 3122 (tacente

1910 3126 2098 3198 Gesn.)
2119 3128 2273 3179 Tarv-
2297 3127 2507 3198 Reliqui
2528 3129 2601 3181 t'ta
2626 3129 2823 3182 solum.
2843 3159 2919 3172 -·

1910 3205 2110 3259 Eadem
2132 3207 2316 3258 nostri.
2339 3207 2432 3258 En.

1984 3284 2034 3336 8.
2075 3284 2499 3337 Pertinact’orem.
2537 3285 2636 3336 Hic
2665 3282 2918 3339 desinunt

1913 3380 1975 3413 ac
1990 3360 2241 3414 deficiunt
2256 3364 2476 3414 omnino
2491 3379 2662 3432 nsque
2675 3361 2746 3414 ad
2759 3362 2916 3415 finem

1911 3439 2163 3507 Atticille,
2192 3442 2301 3493 RR.
2335 3440 2400 3507 3,
2432 3441 2486 3494 5.
2517 3442 2614 3492 nie
2638 3439 2919 3494 deficiebat

1911 3523 2070 3572 etiam
2097 3518 2276 3583 voum
2301 3519 2393 3572 sed
2418 3538 2533 3591 qnae
2555 3519 2777 3572 deerant
2795 3559 2814 3588 ,
2845 3521 2915 3573 ab

1910 3590 2029 3669 ipso
2059 3596 2210 3650 Poul.
2245 3597 2424 3650 addita
2461 3611 2616 3664 sunt,
2653 3599 2912 3669 quemd-

1908 3678 2126 3730 modnm
2154 3680 2267 3751 ipse
2290 3690 2526 3731 testatur.
2547 3679 2642 3730 Eo.

1907 3786 1913 3795 ·
1977 3774 2031 3828 9.
2053 3757 2113 3810 Si
2133 3758 2207 3809 ἰη.
2223 3759 2402 3809 Tui-ie.
2424 3758 2562 3810 Flor.
2586 3757 2762 3823 Guelf.
2780 3759 2906 3812 Exc.

1907 3835 2121 3889 Santen.
2146 3836 2339 3901 Cama,
2363 3836 2466 3888 nisi
2477 3873 2496 3900 ‚
2530 3855 2658 3888 cum
2679 3837 2907 3890 Gothan.

1903 3916 2056 3968 Voss.
2081 3931 2140 3982 2,
2167 3915 2303 3967 Anm.
2320 3915 2455 3968 vau.
2485 3913 2539 3986 (a
2561 3934 2644 3988 pr.
2667 3934 2829 3971 manu
2852 3930 2910 3969 nt

826 3992 957 4052 inm.
977 3997 1039 4050 ld
1058 3996 1303 4068 equidem
1325 3997 1555 4068 probaro
1575 4014 1687 4048 non
1704 4014 1828 4067 pos-
1901 3996 2074 4047 visum
2091 3986 2282 4066 Badioj
2301 4008 2356 4048 et
2374 3995 2497 4048 edd.
2522 4010 2646 4049 ante
2668 3995 2791 4049 ΔΜ.
2814 3998 2900 4069 qui

826 4095 976 4143 sum,
1017 4094 1214 4146 quum,
1251 4088 1314 4128 nt
1349 4087 1403 4127 et
1438 4073 1598 4127 modo
1636 4074 1685 4141 s.
1721 4073 1825 4143 69,

822 4155 1098 4209 concedere
1117 4167 1307 4226 poscat
1337 4152 1538 4224 aliquid
1564 4153 1625 4204 in
1644 4155 1826 4225 proxi·-

1903 4073 1973 4138 εἰ,
2002 4072 2257 4126 suadente
2283 4076 2468 4144 Regio.

1982 4170 2061 4207 ιο.
2076 4154 2213 4207 Sit...
2232 4154 2304 4207 sic
2320 4151 2727 4207 dicendifruric.
2745 4153 2905 4222 Flor..
