<?xml version="1.0" encoding="UTF-8"?>
<!DOCTYPE html PUBLIC "-//W3C//DTD XHTML 1.0 Transitional//EN"
    "http://www.w3.org/TR/xhtml1/DTD/xhtml1-transitional.dtd">
<html xmlns="http://www.w3.org/1999/xhtml" xml:lang="en" lang="en">
 <head>
  <title>
</title>
<meta http-equiv="Content-Type" content="text/html;charset=utf-8" />
  <meta name='ocr-system' content='tesseract 3.04.00' />
  <meta name='ocr-capabilities' content='ocr_page ocr_carea ocr_par ocr_line ocrx_word'/>
</head>
<body>
  <div class='ocr_page' id='page_1' title='image "./deinstitutioneo00unkngoog_0485.png"; bbox 0 0 3200 5159; ppageno 0'>
   <div class='ocr_carea' id='block_1_1' title="bbox 228 1535 253 1584">
    <p class='ocr_par' dir='ltr' id='par_1_1' title="bbox 228 1535 253 1584">
     <span class='ocr_line' id='line_1_1' title="bbox 228 1535 253 1584; baseline 0 -3"><span class='ocrx_word' id='word_1_1' title='bbox 228 1535 253 1584; x_wconf 67' lang='lat' dir='ltr'><em>I</em></span> 
     </span>
    </p>
   </div>
   <div class='ocr_carea' id='block_1_2' title="bbox 291 524 2438 751">
    <p class='ocr_par' dir='ltr' id='par_1_2' title="bbox 291 524 2438 751">
     <span class='ocr_line' id='line_1_2' title="bbox 677 524 2091 609; baseline 0.004 -19"><span class='ocrx_word' id='word_1_2' title='bbox 677 524 1330 593; x_wconf 82' lang='lat' dir='ltr'>INSTITUTIONIS</span> <span class='ocrx_word' id='word_1_3' title='bbox 1365 526 1621 594; x_wconf 84' lang='lat' dir='ltr'><strong>ORAT.</strong></span> <span class='ocrx_word' id='word_1_4' title='bbox 1662 529 1822 594; x_wconf 77' lang='lat' dir='ltr'><strong>LIB.</strong></span> <span class='ocrx_word' id='word_1_5' title='bbox 1863 530 1986 609; x_wconf 79' lang='lat' dir='ltr'><strong>xl,</strong></span> <span class='ocrx_word' id='word_1_6' title='bbox 2030 530 2091 595; x_wconf 83' lang='grc'><strong>3.</strong></span> 
     </span>
     <span class='ocr_line' id='line_1_3' title="bbox 291 647 2438 751; baseline 0 -29"><span class='ocrx_word' id='word_1_7' title='bbox 291 685 297 692; x_wconf 90' lang='grc'>·</span> <span class='ocrx_word' id='word_1_8' title='bbox 331 647 497 722; x_wconf 87' lang='lat' dir='ltr'><strong>dam</strong></span> <span class='ocrx_word' id='word_1_9' title='bbox 546 649 911 723; x_wconf 77' lang='lat' dir='ltr'><strong>sententiis</strong></span> <span class='ocrx_word' id='word_1_10' title='bbox 949 650 1119 751; x_wconf 77' lang='lat' dir='ltr'><strong>ipsis</strong></span> <span class='ocrx_word' id='word_1_11' title='bbox 1168 651 1831 751; x_wconf 76' lang='lat' dir='ltr'><strong>pronunciationem</strong></span> <span class='ocrx_word' id='word_1_12' title='bbox 1854 709 1873 741; x_wconf 84' lang='lat'>‚</span> <span class='ocrx_word' id='word_1_13' title='bbox 1915 653 2088 726; x_wconf 74' lang='lat' dir='ltr'><strong>sicut</strong></span> <span class='ocrx_word' id='word_1_14' title='bbox 2121 651 2438 725; x_wconf 88' lang='lat' dir='ltr'><strong>ostendi-</strong></span> 
     </span>
    </p>
   </div>
   <div class='ocr_carea' id='block_1_3' title="bbox 2309 529 2435 610">
    <p class='ocr_par' dir='ltr' id='par_1_3' title="bbox 2309 529 2435 610">
     <span class='ocr_line' id='line_1_4' title="bbox 2309 529 2435 610; baseline 0.008 -15"><span class='ocrx_word' id='word_1_15' title='bbox 2309 529 2435 610; x_wconf 71' lang='lat'><strong>405</strong></span> 
     </span>
    </p>
   </div>
   <div class='ocr_carea' id='block_1_4' title="bbox 328 765 2437 866">
    <p class='ocr_par' dir='ltr' id='par_1_4' title="bbox 328 765 2437 866">
     <span class='ocr_line' id='line_1_5' title="bbox 328 765 2437 866; baseline -0 -28"><span class='ocrx_word' id='word_1_16' title='bbox 328 791 531 854; x_wconf 86' lang='lat' dir='ltr'><strong>mus;</strong></span> <span class='ocrx_word' id='word_1_17' title='bbox 565 765 687 838; x_wconf 88' lang='lat' dir='ltr'><strong>scd</strong></span> <span class='ocrx_word' id='word_1_18' title='bbox 712 766 939 839; x_wconf 85' lang='lat' dir='ltr'><strong>verbis</strong></span> <span class='ocrx_word' id='word_1_19' title='bbox 958 792 1275 866; x_wconf 83' lang='lat' dir='ltr'><strong>quoque,</strong></span> <span class='ocrx_word' id='word_1_20' title='bbox 1306 765 1495 865; x_wconf 89' lang='lat' dir='ltr'><strong>quod</strong></span> <span class='ocrx_word' id='word_1_21' title='bbox 1521 768 1889 840; x_wconf 85' lang='lat' dir='ltr'><strong>novissime</strong></span> <span class='ocrx_word' id='word_1_22' title='bbox 1915 768 2225 841; x_wconf 84' lang='lat' dir='ltr'><strong>dixeram</strong></span> <span class='ocrx_word' id='word_1_23' title='bbox 2245 778 2437 856; x_wconf 84' lang='lat' dir='ltr'><strong>,non</strong></span> 
     </span>
    </p>
   </div>
   <div class='ocr_carea' id='block_1_5' title="bbox 329 882 2574 984">
    <p class='ocr_par' dir='ltr' id='par_1_5' title="bbox 329 882 2574 984">
     <span class='ocr_line' id='line_1_6' title="bbox 329 882 2574 984; baseline 0.001 -31"><span class='ocrx_word' id='word_1_24' title='bbox 329 907 642 981; x_wconf 67' lang='lat' dir='ltr'><strong>semper,</strong></span> <span class='ocrx_word' id='word_1_25' title='bbox 678 882 801 955; x_wconf 85' lang='lat' dir='ltr'><strong>sed</strong></span> <span class='ocrx_word' id='word_1_26' title='bbox 829 882 1232 982; x_wconf 88' lang='lat' dir='ltr'><strong>aliqnando.</strong></span> <span class='ocrx_word' id='word_1_27' title='bbox 1268 886 1380 955; x_wconf 88' lang='lat' dir='ltr'><strong>An</strong></span> <span class='ocrx_word' id='word_1_28' title='bbox 1405 909 1554 956; x_wconf 92' lang='lat' dir='ltr'><strong>non</strong></span> <span class='ocrx_word' id='word_1_29' title='bbox 1576 898 1594 929; x_wconf 89' lang='lat'>¹</span> <span class='ocrx_word' id='word_1_30' title='bbox 1638 882 1783 957; x_wconf 84' lang='lat' dir='ltr'><strong>haec</strong></span> <span class='ocrx_word' id='word_1_31' title='bbox 1803 942 1822 975; x_wconf 86' lang='lat'>,</span> <span class='ocrx_word' id='word_1_32' title='bbox 1854 883 2146 958; x_wconf 79' lang='lat' dir='ltr'><strong>misellus</strong></span> <span class='ocrx_word' id='word_1_33' title='bbox 2171 903 2240 956; x_wconf 90' lang='lat' dir='ltr'><strong>et</strong></span> <span class='ocrx_word' id='word_1_34' title='bbox 2261 910 2438 984; x_wconf 84' lang='lat' dir='ltr'><strong>pau·</strong></span> <span class='ocrx_word' id='word_1_35' title='bbox 2474 893 2574 968; x_wconf 80' lang='lat'><strong>175</strong></span> 
     </span>
    </p>
   </div>
   <div class='ocr_carea' id='block_1_6' title="bbox 321 996 2443 1333">
    <p class='ocr_par' dir='ltr' id='par_1_6' title="bbox 321 996 2443 1333">
     <span class='ocr_line' id='line_1_7' title="bbox 321 996 2440 1100; baseline 0.001 -32"><span class='ocrx_word' id='word_1_36' title='bbox 321 997 662 1096; x_wconf 69' lang='lat' dir='ltr'><strong>percuties,</strong></span> <span class='ocrx_word' id='word_1_37' title='bbox 694 998 1073 1071; x_wconf 84' lang='lat' dir='ltr'><strong>summissa</strong></span> <span class='ocrx_word' id='word_1_38' title='bbox 1096 1020 1303 1098; x_wconf 89' lang='lat' dir='ltr'><strong>atque</strong></span> <span class='ocrx_word' id='word_1_39' title='bbox 1331 1020 1714 1090; x_wconf 88' lang='lat' dir='ltr'><strong>contracta;</strong></span> <span class='ocrx_word' id='word_1_40' title='bbox 1748 1001 1962 1100; x_wconf 80' lang='lat' dir='ltr'><strong>fortis</strong></span> <span class='ocrx_word' id='word_1_41' title='bbox 1989 1019 2057 1072; x_wconf 90' lang='lat' dir='ltr'><strong>et</strong></span> <span class='ocrx_word' id='word_1_42' title='bbox 2082 996 2440 1071; x_wconf 79' lang='lat' dir='ltr'><strong>vehemens</strong></span> 
     </span>
     <span class='ocr_line' id='line_1_8' title="bbox 328 1111 2443 1204; baseline 0.001 -22"><span class='ocrx_word' id='word_1_43' title='bbox 328 1130 396 1183; x_wconf 88' lang='lat' dir='ltr'><strong>et</strong></span> <span class='ocrx_word' id='word_1_44' title='bbox 425 1111 623 1204; x_wconf 71' lang='lat' dir='ltr'><strong>latro,</strong></span> <span class='ocrx_word' id='word_1_45' title='bbox 651 1133 879 1186; x_wconf 88' lang='lat' dir='ltr'><strong>erecta</strong></span> <span class='ocrx_word' id='word_1_46' title='bbox 906 1133 975 1185; x_wconf 85' lang='lat' dir='ltr'><strong>et</strong></span> <span class='ocrx_word' id='word_1_47' title='bbox 1001 1113 1340 1187; x_wconf 87' lang='lat' dir='ltr'><strong>concitata</strong></span> <span class='ocrx_word' id='word_1_48' title='bbox 1364 1141 1526 1188; x_wconf 86' lang='lat' dir='ltr'><strong>voce</strong></span> <span class='ocrx_word' id='word_1_49' title='bbox 1562 1115 1950 1188; x_wconf 90' lang='lat' dir='ltr'><strong>dicendum</strong></span> <span class='ocrx_word' id='word_1_50' title='bbox 1986 1112 2127 1187; x_wconf 82' lang='lat' dir='ltr'><strong>est?</strong></span> <span class='ocrx_word' id='word_1_51' title='bbox 2155 1112 2443 1186; x_wconf 85' lang='lat' dir='ltr'><strong>Accedit</strong></span> 
     </span>
     <span class='ocr_line' id='line_1_9' title="bbox 330 1228 2440 1333; baseline 0 -32"><span class='ocrx_word' id='word_1_52' title='bbox 330 1229 521 1301; x_wconf 86' lang='lat' dir='ltr'><strong>enim</strong></span> <span class='ocrx_word' id='word_1_53' title='bbox 546 1229 649 1302; x_wconf 84' lang='lat' dir='ltr'><strong>vis</strong></span> <span class='ocrx_word' id='word_1_54' title='bbox 668 1251 739 1304; x_wconf 85' lang='lat' dir='ltr'><strong>et</strong></span> <span class='ocrx_word' id='word_1_55' title='bbox 766 1231 1153 1331; x_wconf 81' lang='lat' dir='ltr'><strong>proprietas</strong></span> <span class='ocrx_word' id='word_1_56' title='bbox 1176 1231 1388 1304; x_wconf 82' lang='lat' dir='ltr'><strong>rebus</strong></span> <span class='ocrx_word' id='word_1_57' title='bbox 1409 1230 1532 1305; x_wconf 89' lang='lat' dir='ltr'><strong>tali</strong></span> <span class='ocrx_word' id='word_1_58' title='bbox 1559 1231 2052 1333; x_wconf 75' lang='lat' dir='ltr'><strong>astipulatione</strong></span> <span class='ocrx_word' id='word_1_59' title='bbox 2073 1262 2091 1322; x_wconf 92' lang='lat'>;</span> <span class='ocrx_word' id='word_1_60' title='bbox 2123 1257 2276 1329; x_wconf 79' lang='lat' dir='ltr'><strong>quae</strong></span> <span class='ocrx_word' id='word_1_61' title='bbox 2305 1228 2440 1301; x_wconf 88' lang='lat' dir='ltr'><strong>nisi</strong></span> 
     </span>
    </p>
   </div>
   <div class='ocr_carea' id='block_1_7' title="bbox 329 1340 2576 1444">
    <p class='ocr_par' dir='ltr' id='par_1_7' title="bbox 329 1340 2576 1444">
     <span class='ocr_line' id='line_1_10' title="bbox 329 1340 2576 1444; baseline 0.004 -32"><span class='ocrx_word' id='word_1_62' title='bbox 329 1340 574 1431; x_wconf 79' lang='lat' dir='ltr'><strong>adsit²‚</strong></span> <span class='ocrx_word' id='word_1_63' title='bbox 610 1342 803 1416; x_wconf 85' lang='lat' dir='ltr'><strong>aliud</strong></span> <span class='ocrx_word' id='word_1_64' title='bbox 835 1370 994 1436; x_wconf 82' lang='lat' dir='ltr'><strong>vox,</strong></span> <span class='ocrx_word' id='word_1_65' title='bbox 1031 1345 1227 1419; x_wconf 86' lang='lat' dir='ltr'><strong>aliud</strong></span> <span class='ocrx_word' id='word_1_66' title='bbox 1261 1345 1544 1418; x_wconf 84' lang='lat' dir='ltr'><strong>animus</strong></span> <span class='ocrx_word' id='word_1_67' title='bbox 1583 1346 1924 1420; x_wconf 85' lang='lat' dir='ltr'><strong>ostendat.</strong></span> <span class='ocrx_word' id='word_1_68' title='bbox 1975 1344 2218 1437; x_wconf 84' lang='lat' dir='ltr'><strong>Quid?</strong></span> <span class='ocrx_word' id='word_1_69' title='bbox 2246 1343 2438 1444; x_wconf 91' lang='lat' dir='ltr'><strong>quod</strong></span> <span class='ocrx_word' id='word_1_70' title='bbox 2473 1348 2576 1421; x_wconf 74' lang='grc' dir='ltr'><strong>ι76</strong></span> 
     </span>
    </p>
   </div>
   <div class='ocr_carea' id='block_1_8' title="bbox 332 1457 2441 1676">
    <p class='ocr_par' dir='ltr' id='par_1_8' title="bbox 332 1457 2441 1676">
     <span class='ocr_line' id='line_1_11' title="bbox 332 1457 2439 1562; baseline 0.001 -33"><span class='ocrx_word' id='word_1_71' title='bbox 332 1457 579 1531; x_wconf 84' lang='lat' dir='ltr'><strong>eadem</strong></span> <span class='ocrx_word' id='word_1_72' title='bbox 617 1459 875 1533; x_wconf 81' lang='lat' dir='ltr'><strong>verba³</strong></span> <span class='ocrx_word' id='word_1_73' title='bbox 915 1481 1184 1535; x_wconf 74' lang='lat' dir='ltr'><strong>mutata</strong></span> <span class='ocrx_word' id='word_1_74' title='bbox 1223 1463 1804 1562; x_wconf 84' lang='lat' dir='ltr'><strong>pronunciatione</strong></span> <span class='ocrx_word' id='word_1_75' title='bbox 1848 1461 2200 1553; x_wconf 86' lang='lat' dir='ltr'><strong>indicant,</strong></span> <span class='ocrx_word' id='word_1_76' title='bbox 2238 1461 2439 1533; x_wconf 83' lang='lat' dir='ltr'><strong>affir-</strong></span> 
     </span>
     <span class='ocr_line' id='line_1_12' title="bbox 332 1574 2441 1676; baseline 0.001 -32"><span class='ocrx_word' id='word_1_77' title='bbox 332 1593 570 1663; x_wconf 88' lang='lat' dir='ltr'><strong>mant,</strong></span> <span class='ocrx_word' id='word_1_78' title='bbox 602 1575 1062 1674; x_wconf 82' lang='lat' dir='ltr'><strong>exprobrant,</strong></span> <span class='ocrx_word' id='word_1_79' title='bbox 1106 1574 1440 1676; x_wconf 76' lang='lat' dir='ltr'><strong>negant4,</strong></span> <span class='ocrx_word' id='word_1_80' title='bbox 1495 1578 1844 1650; x_wconf 85' lang='lat' dir='ltr'><strong>mirantur</strong></span> <span class='ocrx_word' id='word_1_81' title='bbox 1870 1633 1889 1665; x_wconf 87' lang='lat'>‚</span> <span class='ocrx_word' id='word_1_82' title='bbox 1943 1576 2441 1676; x_wconf 76' lang='lat' dir='ltr'><strong>indignantur,</strong></span> 
     </span>
    </p>
   </div>
   <div class='ocr_carea' id='block_1_9' title="bbox 325 1716 1377 4336">
    <p class='ocr_par' dir='ltr' id='par_1_9' title="bbox 333 1716 1377 2580">
     <span class='ocr_line' id='line_1_13' title="bbox 336 1716 1340 1792; baseline 0.005 -23"><span class='ocrx_word' id='word_1_83' title='bbox 336 1740 360 1763; x_wconf 76' lang='grc' dir='ltr'><strong>σι</strong></span> <span class='ocrx_word' id='word_1_84' title='bbox 380 1716 527 1788; x_wconf 88' lang='lat' dir='ltr'><strong>quod</strong></span> <span class='ocrx_word' id='word_1_85' title='bbox 569 1735 670 1790; x_wconf 88' lang='lat' dir='ltr'><strong>pro</strong></span> <span class='ocrx_word' id='word_1_86' title='bbox 716 1737 927 1792; x_wconf 78' lang='lat' dir='ltr'><strong>quaque</strong></span> <span class='ocrx_word' id='word_1_87' title='bbox 971 1737 1144 1774; x_wconf 62' lang='lat' dir='ltr'><strong>causa</strong></span> <span class='ocrx_word' id='word_1_88' title='bbox 1187 1732 1340 1791; x_wconf 81' lang='lat' dir='ltr'><strong>parte</strong></span> 
     </span>
     <span class='ocr_line' id='line_1_14' title="bbox 333 1798 1343 1873; baseline 0.002 -23"><span class='ocrx_word' id='word_1_89' title='bbox 333 1819 357 1845; x_wconf 75' lang='grc' dir='ltr'>ι</span> <span class='ocrx_word' id='word_1_90' title='bbox 376 1798 625 1851; x_wconf 80' lang='lat' dir='ltr'><strong>varianda</strong></span> <span class='ocrx_word' id='word_1_91' title='bbox 650 1812 732 1852; x_wconf 87' lang='lat' dir='ltr'><strong>est</strong></span> <span class='ocrx_word' id='word_1_92' title='bbox 752 1801 1127 1871; x_wconf 80' lang='lat' dir='ltr'><strong>pronunciatio</strong></span> <span class='ocrx_word' id='word_1_93' title='bbox 1139 1837 1158 1867; x_wconf 84' lang='lat'><strong>‚</strong></span> <span class='ocrx_word' id='word_1_94' title='bbox 1178 1818 1343 1873; x_wconf 82' lang='lat' dir='ltr'><strong>appa·</strong></span> 
     </span>
     <span class='ocr_line' id='line_1_15' title="bbox 336 1879 1338 1951; baseline 0.001 -23"><span class='ocrx_word' id='word_1_95' title='bbox 336 1899 359 1921; x_wconf 79' lang='grc' dir='ltr'>ι</span> <span class='ocrx_word' id='word_1_96' title='bbox 378 1889 457 1928; x_wconf 88' lang='lat' dir='ltr'><strong>ret</strong></span> <span class='ocrx_word' id='word_1_97' title='bbox 501 1880 744 1948; x_wconf 86' lang='lat' dir='ltr'><strong>protinus</strong></span> <span class='ocrx_word' id='word_1_98' title='bbox 796 1879 1071 1931; x_wconf 78' lang='lat' dir='ltr'><strong>sententiis</strong></span> <span class='ocrx_word' id='word_1_99' title='bbox 1123 1896 1338 1951; x_wconf 83' lang='lat' dir='ltr'><strong>quoque</strong></span> 
     </span>
     <span class='ocr_line' id='line_1_16' title="bbox 338 1956 1341 2028; baseline 0.002 -19"><span class='ocrx_word' id='word_1_100' title='bbox 338 1980 361 2003; x_wconf 79' lang='grc' dir='ltr'>ι</span> <span class='ocrx_word' id='word_1_101' title='bbox 381 1956 600 2028; x_wconf 73' lang='lat' dir='ltr'><strong>singulis</strong></span> <span class='ocrx_word' id='word_1_102' title='bbox 624 1957 864 2012; x_wconf 86' lang='lat' dir='ltr'><strong>eamdem</strong></span> <span class='ocrx_word' id='word_1_103' title='bbox 889 1977 1004 2012; x_wconf 84' lang='lat' dir='ltr'><strong>esse</strong></span> <span class='ocrx_word' id='word_1_104' title='bbox 1031 1977 1341 2011; x_wconf 82' lang='lat' dir='ltr'><strong>accommo-</strong></span> 
     </span>
     <span class='ocr_line' id='line_1_17' title="bbox 336 2034 1342 2109; baseline 0.001 -22"><span class='ocrx_word' id='word_1_105' title='bbox 336 2058 361 2082; x_wconf 71' lang='lat'><strong>«-</strong></span> <span class='ocrx_word' id='word_1_106' title='bbox 381 2034 641 2098; x_wconf 79' lang='lat' dir='ltr'><strong>dandam3</strong></span> <span class='ocrx_word' id='word_1_107' title='bbox 673 2036 820 2108; x_wconf 88' lang='lat' dir='ltr'><strong>quod</strong></span> <span class='ocrx_word' id='word_1_108' title='bbox 848 2039 1021 2109; x_wconf 87' lang='lat' dir='ltr'><strong>ipsum</strong></span> <span class='ocrx_word' id='word_1_109' title='bbox 1052 2050 1133 2089; x_wconf 90' lang='lat' dir='ltr'><strong>tot</strong></span> <span class='ocrx_word' id='word_1_110' title='bbox 1162 2055 1342 2089; x_wconf 83' lang='lat' dir='ltr'><strong>exem-</strong></span> 
     </span>
     <span class='ocr_line' id='line_1_18' title="bbox 338 2113 1377 2187; baseline 0.003 -22"><span class='ocrx_word' id='word_1_111' title='bbox 338 2136 363 2160; x_wconf 81' lang='lat'><strong>·</strong></span> <span class='ocrx_word' id='word_1_112' title='bbox 383 2113 485 2185; x_wconf 87' lang='lat' dir='ltr'><strong>plis</strong></span> <span class='ocrx_word' id='word_1_113' title='bbox 500 2114 832 2186; x_wconf 81' lang='lat' dir='ltr'><strong>proferendis</strong></span> <span class='ocrx_word' id='word_1_114' title='bbox 849 2113 1194 2168; x_wconf 71' lang='lat' dir='ltr'><strong>ostendimus.</strong></span> <span class='ocrx_word' id='word_1_115' title='bbox 1206 2138 1228 2161; x_wconf 79' lang='grc' dir='ltr'><strong>ιι</strong></span> <span class='ocrx_word' id='word_1_116' title='bbox 1243 2117 1346 2168; x_wconf 85' lang='lat' dir='ltr'><strong>Ne·</strong></span> <span class='ocrx_word' id='word_1_117' title='bbox 1362 2170 1377 2187; x_wconf 46' lang='lat'><em>⁶</em></span> 
     </span>
     <span class='ocr_line' id='line_1_19' title="bbox 334 2192 1345 2267; baseline 0.003 -23"><span class='ocrx_word' id='word_1_118' title='bbox 334 2211 438 2264; x_wconf 87' lang='lat' dir='ltr'><strong>que</strong></span> <span class='ocrx_word' id='word_1_119' title='bbox 462 2195 603 2246; x_wconf 87' lang='lat' dir='ltr'><strong>enim</strong></span> <span class='ocrx_word' id='word_1_120' title='bbox 624 2192 737 2247; x_wconf 77' lang='lat' dir='ltr'><strong>haec</strong></span> <span class='ocrx_word' id='word_1_121' title='bbox 761 2206 939 2267; x_wconf 87' lang='lat' dir='ltr'><strong>partes</strong></span> <span class='ocrx_word' id='word_1_122' title='bbox 958 2211 1129 2247; x_wconf 73' lang='lat' dir='ltr'><strong>causae</strong></span> <span class='ocrx_word' id='word_1_123' title='bbox 1153 2193 1345 2265; x_wconf 73' lang='lat' dir='ltr'><strong>agendi</strong></span> 
     </span>
     <span class='ocr_line' id='line_1_20' title="bbox 333 2269 1343 2345; baseline 0.002 -22"><span class='ocrx_word' id='word_1_124' title='bbox 333 2269 637 2325; x_wconf 82' lang='lat' dir='ltr'><strong>differentia</strong></span> <span class='ocrx_word' id='word_1_125' title='bbox 660 2271 1012 2326; x_wconf 87' lang='lat' dir='ltr'><strong>demonstrari</strong></span> <span class='ocrx_word' id='word_1_126' title='bbox 1039 2275 1215 2345; x_wconf 87' lang='lat' dir='ltr'><strong>potuit</strong></span> <span class='ocrx_word' id='word_1_127' title='bbox 1244 2275 1343 2327; x_wconf 81' lang='lat' dir='ltr'><strong>nisi</strong></span> 
     </span>
     <span class='ocr_line' id='line_1_21' title="bbox 334 2351 1343 2423; baseline 0.002 -23"><span class='ocrx_word' id='word_1_128' title='bbox 334 2351 608 2404; x_wconf 69' lang='lat' dir='ltr'><strong>sententiis</strong></span> <span class='ocrx_word' id='word_1_129' title='bbox 646 2369 710 2403; x_wconf 80' lang='lat' dir='ltr'><strong>ex</strong></span> <span class='ocrx_word' id='word_1_130' title='bbox 747 2369 959 2423; x_wconf 82' lang='lat' dir='ltr'><strong>quaque</strong></span> <span class='ocrx_word' id='word_1_131' title='bbox 996 2370 1177 2404; x_wconf 81' lang='lat' dir='ltr'><strong>earum</strong></span> <span class='ocrx_word' id='word_1_132' title='bbox 1214 2369 1343 2423; x_wconf 83' lang='lat' dir='ltr'><strong>pro·</strong></span> 
     </span>
     <span class='ocr_line' id='line_1_22' title="bbox 334 2426 1342 2502; baseline 0.006 -23"><span class='ocrx_word' id='word_1_133' title='bbox 334 2426 557 2481; x_wconf 81' lang='lat' dir='ltr'><strong>mendis.</strong></span> <span class='ocrx_word' id='word_1_134' title='bbox 576 2432 811 2502; x_wconf 81' lang='lat' dir='ltr'><strong>Respicit</strong></span> <span class='ocrx_word' id='word_1_135' title='bbox 834 2444 1012 2484; x_wconf 87' lang='lat' dir='ltr'><strong>autem</strong></span> <span class='ocrx_word' id='word_1_136' title='bbox 1036 2450 1188 2486; x_wconf 84' lang='lat' dir='ltr'><strong>suam</strong></span> <span class='ocrx_word' id='word_1_137' title='bbox 1204 2432 1342 2485; x_wconf 81' lang='lat' dir='ltr'><strong>divi-</strong></span> 
     </span>
     <span class='ocr_line' id='line_1_23' title="bbox 335 2507 760 2580; baseline 0.002 -19"><span class='ocrx_word' id='word_1_138' title='bbox 335 2508 539 2561; x_wconf 83' lang='lat' dir='ltr'><strong>sionem</strong></span> <span class='ocrx_word' id='word_1_139' title='bbox 571 2507 615 2580; x_wconf 83' lang='lat'><strong>§.</strong></span> <span class='ocrx_word' id='word_1_140' title='bbox 646 2509 760 2564; x_wconf 83' lang='lat'><strong>153.</strong></span> 
     </span>
    </p>

    <p class='ocr_par' dir='ltr' id='par_1_10' title="bbox 325 2586 1348 4336">
     <span class='ocr_line' id='line_1_24' title="bbox 415 2586 1342 2645; baseline 0.006 -7"><span class='ocrx_word' id='word_1_141' title='bbox 415 2603 457 2639; x_wconf 93' lang='grc' dir='ltr'><strong>ι.</strong></span> <span class='ocrx_word' id='word_1_142' title='bbox 492 2586 579 2640; x_wconf 77' lang='lat' dir='ltr'><strong>An</strong></span> <span class='ocrx_word' id='word_1_143' title='bbox 616 2607 742 2642; x_wconf 79' lang='lat' dir='ltr'><strong>non.</strong></span> <span class='ocrx_word' id='word_1_144' title='bbox 781 2588 955 2644; x_wconf 80' lang='lat' dir='ltr'><strong>Guelf.</strong></span> <span class='ocrx_word' id='word_1_145' title='bbox 995 2589 1156 2645; x_wconf 86' lang='lat' dir='ltr'><strong>Goth.</strong></span> <span class='ocrx_word' id='word_1_146' title='bbox 1195 2590 1342 2644; x_wconf 81' lang='lat' dir='ltr'><strong>Jens.</strong></span> 
     </span>
     <span class='ocr_line' id='line_1_25' title="bbox 331 2663 1344 2739; baseline 0.003 -22"><span class='ocrx_word' id='word_1_147' title='bbox 331 2663 564 2735; x_wconf 84' lang='lat' dir='ltr'><strong>(tacente</strong></span> <span class='ocrx_word' id='word_1_148' title='bbox 581 2667 767 2739; x_wconf 83' lang='lat' dir='ltr'><strong>Gesn.)</strong></span> <span class='ocrx_word' id='word_1_149' title='bbox 784 2668 938 2722; x_wconf 75' lang='lat' dir='ltr'><strong>Tan-v.</strong></span> <span class='ocrx_word' id='word_1_150' title='bbox 952 2707 970 2735; x_wconf 83' lang='lat'>‚</span> <span class='ocrx_word' id='word_1_151' title='bbox 988 2681 1046 2722; x_wconf 83' lang='lat' dir='ltr'><strong>at</strong></span> <span class='ocrx_word' id='word_1_152' title='bbox 1063 2686 1198 2736; x_wconf 78' lang='lat' dir='ltr'><strong>non,</strong></span> <span class='ocrx_word' id='word_1_153' title='bbox 1220 2687 1344 2721; x_wconf 87' lang='lat' dir='ltr'><strong>cum</strong></span> 
     </span>
     <span class='ocr_line' id='line_1_26' title="bbox 330 2745 1346 2820; baseline 0.005 -24"><span class='ocrx_word' id='word_1_154' title='bbox 330 2746 486 2799; x_wconf 83' lang='lat' dir='ltr'><strong>Voss.</strong></span> <span class='ocrx_word' id='word_1_155' title='bbox 507 2763 535 2798; x_wconf 78' lang='lat' dir='ltr'><strong>a</strong></span> <span class='ocrx_word' id='word_1_156' title='bbox 548 2783 566 2812; x_wconf 88' lang='lat'>,</span> <span class='ocrx_word' id='word_1_157' title='bbox 581 2745 715 2799; x_wconf 71' lang='lat' dir='ltr'><strong>Van.</strong></span> <span class='ocrx_word' id='word_1_158' title='bbox 732 2747 886 2800; x_wconf 86' lang='lat' dir='ltr'><strong>Bern.</strong></span> <span class='ocrx_word' id='word_1_159' title='bbox 907 2749 957 2799; x_wconf 87' lang='lat' dir='ltr'><em>E</em></span> <span class='ocrx_word' id='word_1_160' title='bbox 960 2758 982 2799; x_wconf 75' lang='lat' dir='ltr'><strong>t</strong></span> <span class='ocrx_word' id='word_1_161' title='bbox 994 2746 1346 2820; x_wconf 78' lang='lat' dir='ltr'><strong>pauperculus</strong></span> 
     </span>
     <span class='ocr_line' id='line_1_27' title="bbox 333 2826 1344 2882; baseline 0.006 -6"><span class='ocrx_word' id='word_1_162' title='bbox 333 2826 591 2879; x_wconf 86' lang='lat' dir='ltr'><strong>omittunt</strong></span> <span class='ocrx_word' id='word_1_163' title='bbox 602 2828 876 2881; x_wconf 81' lang='lat' dir='ltr'><strong>Turicens.</strong></span> <span class='ocrx_word' id='word_1_164' title='bbox 894 2828 1034 2882; x_wconf 84' lang='lat' dir='ltr'><strong>Flor.</strong></span> <span class='ocrx_word' id='word_1_165' title='bbox 1055 2828 1344 2882; x_wconf 75' lang='lat' dir='ltr'><strong>Vehemens</strong></span> 
     </span>
     <span class='ocr_line' id='line_1_28' title="bbox 330 2902 1344 2979; baseline 0.002 -22"><span class='ocrx_word' id='word_1_166' title='bbox 330 2902 521 2972; x_wconf 78' lang='lat' dir='ltr'><strong>elatio,</strong></span> <span class='ocrx_word' id='word_1_167' title='bbox 546 2905 722 2958; x_wconf 79' lang='lat' dir='ltr'><strong>Guelf.</strong></span> <span class='ocrx_word' id='word_1_168' title='bbox 741 2907 888 2959; x_wconf 82' lang='lat' dir='ltr'><strong>Jeus.</strong></span> <span class='ocrx_word' id='word_1_169' title='bbox 908 2905 1141 2978; x_wconf 84' lang='lat' dir='ltr'><strong>(tacente</strong></span> <span class='ocrx_word' id='word_1_170' title='bbox 1158 2906 1344 2979; x_wconf 86' lang='lat' dir='ltr'><strong>Gesn.)</strong></span> 
     </span>
     <span class='ocr_line' id='line_1_29' title="bbox 332 2982 1345 3057; baseline 0.005 -22"><span class='ocrx_word' id='word_1_171' title='bbox 332 3001 457 3036; x_wconf 81' lang='lat' dir='ltr'><strong>eum</strong></span> <span class='ocrx_word' id='word_1_172' title='bbox 477 2982 598 3036; x_wconf 85' lang='lat' dir='ltr'><strong>edd.</strong></span> <span class='ocrx_word' id='word_1_173' title='bbox 619 2997 841 3057; x_wconf 82' lang='lat' dir='ltr'><strong>postet-r.</strong></span> <span class='ocrx_word' id='word_1_174' title='bbox 862 3000 986 3039; x_wconf 86' lang='lat' dir='ltr'><strong>ante</strong></span> <span class='ocrx_word' id='word_1_175' title='bbox 1009 2984 1129 3038; x_wconf 68' lang='lat' dir='ltr'><strong>And.</strong></span> <span class='ocrx_word' id='word_1_176' title='bbox 1154 2988 1345 3039; x_wconf 81' lang='lat' dir='ltr'><strong>Dicen-</strong></span> 
     </span>
     <span class='ocr_line' id='line_1_30' title="bbox 331 3064 1342 3138; baseline 0.003 -22"><span class='ocrx_word' id='word_1_177' title='bbox 331 3064 459 3116; x_wconf 76' lang='lat' dir='ltr'><strong>dum</strong></span> <span class='ocrx_word' id='word_1_178' title='bbox 482 3075 558 3119; x_wconf 78' lang='lat' dir='ltr'><strong>est</strong></span> <span class='ocrx_word' id='word_1_179' title='bbox 575 3084 677 3138; x_wconf 87' lang='lat' dir='ltr'><strong>pro</strong></span> <span class='ocrx_word' id='word_1_180' title='bbox 699 3065 918 3118; x_wconf 76' lang='lat' dir='ltr'><strong>dicenda</strong></span> <span class='ocrx_word' id='word_1_181' title='bbox 939 3076 1066 3119; x_wconf 77' lang='lat' dir='ltr'><strong>sunt</strong></span> <span class='ocrx_word' id='word_1_182' title='bbox 1085 3065 1253 3138; x_wconf 90' lang='lat' dir='ltr'><strong>(quod</strong></span> <span class='ocrx_word' id='word_1_183' title='bbox 1278 3085 1342 3119; x_wconf 75' lang='lat' dir='ltr'><strong>ex</strong></span> 
     </span>
     <span class='ocr_line' id='line_1_31' title="bbox 333 3143 1342 3217; baseline 0 -20"><span class='ocrx_word' id='word_1_184' title='bbox 333 3143 458 3197; x_wconf 79' lang='lat' dir='ltr'><strong>Ald.</strong></span> <span class='ocrx_word' id='word_1_185' title='bbox 474 3144 716 3217; x_wconf 73' lang='lat' dir='ltr'><strong>affertur)</strong></span> <span class='ocrx_word' id='word_1_186' title='bbox 728 3147 904 3198; x_wconf 78' lang='lat' dir='ltr'><strong>Turio.</strong></span> <span class='ocrx_word' id='word_1_187' title='bbox 922 3145 1062 3198; x_wconf 84' lang='lat' dir='ltr'><strong>Flor.</strong></span> <span class='ocrx_word' id='word_1_188' title='bbox 1079 3145 1262 3197; x_wconf 67' lang='grc' dir='ltr'>Δηιὼν.</span> <span class='ocrx_word' id='word_1_189' title='bbox 1284 3164 1310 3197; x_wconf 82' lang='lat'><em>2</em></span> <span class='ocrx_word' id='word_1_190' title='bbox 1325 3185 1342 3211; x_wconf 86' lang='lat'><strong>‚</strong></span> 
     </span>
     <span class='ocr_line' id='line_1_32' title="bbox 332 3221 1339 3277; baseline 0 -1"><span class='ocrx_word' id='word_1_191' title='bbox 332 3222 510 3276; x_wconf 82' lang='lat' dir='ltr'><strong>Guelf.</strong></span> <span class='ocrx_word' id='word_1_192' title='bbox 531 3225 695 3277; x_wconf 64' lang='lat' dir='ltr'><strong>Caute.</strong></span> <span class='ocrx_word' id='word_1_193' title='bbox 716 3241 840 3276; x_wconf 85' lang='lat' dir='ltr'><strong>cum</strong></span> <span class='ocrx_word' id='word_1_194' title='bbox 860 3223 995 3276; x_wconf 79' lang='lat' dir='ltr'><strong>Alm.</strong></span> <span class='ocrx_word' id='word_1_195' title='bbox 1012 3221 1175 3275; x_wconf 88' lang='lat' dir='ltr'><strong>Goth.</strong></span> <span class='ocrx_word' id='word_1_196' title='bbox 1188 3224 1339 3276; x_wconf 81' lang='lat' dir='ltr'><strong>Voss.</strong></span> 
     </span>
     <span class='ocr_line' id='line_1_33' title="bbox 336 3300 1340 3369; baseline 0 -14"><span class='ocrx_word' id='word_1_197' title='bbox 336 3319 389 3368; x_wconf 77' lang='lat' dir='ltr'><strong>t,</strong></span> <span class='ocrx_word' id='word_1_198' title='bbox 415 3321 474 3369; x_wconf 79' lang='lat'><strong>2,</strong></span> <span class='ocrx_word' id='word_1_199' title='bbox 507 3316 561 3355; x_wconf 88' lang='lat' dir='ltr'><strong>et</strong></span> <span class='ocrx_word' id='word_1_200' title='bbox 592 3301 739 3355; x_wconf 87' lang='lat' dir='ltr'><strong>editt.</strong></span> <span class='ocrx_word' id='word_1_201' title='bbox 766 3315 891 3355; x_wconf 85' lang='lat' dir='ltr'><strong>ante</strong></span> <span class='ocrx_word' id='word_1_202' title='bbox 919 3301 1039 3355; x_wconf 77' lang='lat' dir='ltr'><strong>Ald.</strong></span> <span class='ocrx_word' id='word_1_203' title='bbox 1072 3320 1183 3354; x_wconf 87' lang='lat' dir='ltr'><strong>acc.</strong></span> <span class='ocrx_word' id='word_1_204' title='bbox 1212 3300 1340 3355; x_wconf 87' lang='lat' dir='ltr'><strong>Bad.</strong></span> 
     </span>
     <span class='ocr_line' id='line_1_34' title="bbox 331 3382 1345 3451; baseline -0.001 -18"><span class='ocrx_word' id='word_1_205' title='bbox 331 3382 451 3433; x_wconf 77' lang='lat' dir='ltr'><strong>Hoc</strong></span> <span class='ocrx_word' id='word_1_206' title='bbox 478 3382 639 3451; x_wconf 64' lang='lat' dir='ltr'><strong>igitur</strong></span> <span class='ocrx_word' id='word_1_207' title='bbox 671 3382 728 3433; x_wconf 86' lang='lat' dir='ltr'><strong>in</strong></span> <span class='ocrx_word' id='word_1_208' title='bbox 757 3393 908 3433; x_wconf 82' lang='lat' dir='ltr'><strong>tanto</strong></span> <span class='ocrx_word' id='word_1_209' title='bbox 946 3398 1212 3433; x_wconf 84' lang='lat' dir='ltr'><strong>consensu</strong></span> <span class='ocrx_word' id='word_1_210' title='bbox 1247 3399 1345 3432; x_wconf 74' lang='lat' dir='ltr'><strong>ve-</strong></span> 
     </span>
     <span class='ocr_line' id='line_1_35' title="bbox 331 3460 1345 3534; baseline -0.002 -19"><span class='ocrx_word' id='word_1_211' title='bbox 331 3481 486 3528; x_wconf 83' lang='lat' dir='ltr'><strong>rum,</strong></span> <span class='ocrx_word' id='word_1_212' title='bbox 515 3465 669 3534; x_wconf 84' lang='lat' dir='ltr'><strong>eique</strong></span> <span class='ocrx_word' id='word_1_213' title='bbox 704 3464 761 3515; x_wconf 86' lang='lat' dir='ltr'><strong>in</strong></span> <span class='ocrx_word' id='word_1_214' title='bbox 793 3460 1216 3534; x_wconf 66' lang='lat' dir='ltr'><strong>precedentibus</strong></span> <span class='ocrx_word' id='word_1_215' title='bbox 1246 3461 1345 3513; x_wconf 73' lang='lat' dir='ltr'><strong>hoc</strong></span> 
     </span>
     <span class='ocr_line' id='line_1_36' title="bbox 330 3539 1342 3614; baseline -0.001 -20"><span class='ocrx_word' id='word_1_216' title='bbox 330 3560 436 3614; x_wconf 81' lang='lat' dir='ltr'><strong>pro</strong></span> <span class='ocrx_word' id='word_1_217' title='bbox 454 3539 563 3593; x_wconf 73' lang='lat' dir='ltr'><strong>hoec</strong></span> <span class='ocrx_word' id='word_1_218' title='bbox 576 3541 866 3613; x_wconf 86' lang='lat' dir='ltr'><strong>aptandum</strong></span> <span class='ocrx_word' id='word_1_219' title='bbox 873 3540 1078 3614; x_wconf 85' lang='lat' dir='ltr'><strong>judico.</strong></span> <span class='ocrx_word' id='word_1_220' title='bbox 1089 3539 1226 3594; x_wconf 85' lang='lat' dir='ltr'><strong>Vide</strong></span> <span class='ocrx_word' id='word_1_221' title='bbox 1244 3559 1342 3593; x_wconf 80' lang='lat' dir='ltr'><strong>nos</strong></span> 
     </span>
     <span class='ocr_line' id='line_1_37' title="bbox 330 3619 1345 3688; baseline -0.003 -14"><span class='ocrx_word' id='word_1_222' title='bbox 330 3619 404 3674; x_wconf 70' lang='lat' dir='ltr'><strong>ad</strong></span> <span class='ocrx_word' id='word_1_223' title='bbox 427 3621 484 3685; x_wconf 84' lang='lat'><strong>1,</strong></span> <span class='ocrx_word' id='word_1_224' title='bbox 511 3637 601 3686; x_wconf 82' lang='grc' dir='ltr'><strong>ιι,</strong></span> <span class='ocrx_word' id='word_1_225' title='bbox 632 3619 719 3683; x_wconf 84' lang='lat'><strong>13;</strong></span> <span class='ocrx_word' id='word_1_226' title='bbox 745 3620 822 3685; x_wconf 85' lang='lat'><strong>11,</strong></span> <span class='ocrx_word' id='word_1_227' title='bbox 855 3636 944 3688; x_wconf 78' lang='lat'><strong>17,</strong></span> <span class='ocrx_word' id='word_1_228' title='bbox 972 3619 1345 3672; x_wconf 81' lang='lat' dir='ltr'><strong>3o.—Nosu·i</strong></span> 
     </span>
     <span class='ocr_line' id='line_1_38' title="bbox 329 3697 1344 3765; baseline -0.003 -13"><span class='ocrx_word' id='word_1_229' title='bbox 329 3697 526 3765; x_wconf 61' lang='lat' dir='ltr'><strong>codd„</strong></span> <span class='ocrx_word' id='word_1_230' title='bbox 550 3698 717 3751; x_wconf 69' lang='lat' dir='ltr'><strong>hec...</strong></span> <span class='ocrx_word' id='word_1_231' title='bbox 742 3697 1018 3751; x_wconf 72' lang='lat' dir='ltr'><strong>dicendum</strong></span> <span class='ocrx_word' id='word_1_232' title='bbox 1040 3700 1146 3752; x_wconf 74' lang='lat' dir='ltr'><strong>est?</strong></span> <span class='ocrx_word' id='word_1_233' title='bbox 1168 3698 1344 3765; x_wconf 84' lang='lat' dir='ltr'><strong>Quam</strong></span> 
     </span>
     <span class='ocr_line' id='line_1_39' title="bbox 330 3777 1344 3850; baseline -0.002 -18"><span class='ocrx_word' id='word_1_234' title='bbox 330 3778 615 3832; x_wconf 83' lang='lat' dir='ltr'><strong>lectionem</strong></span> <span class='ocrx_word' id='word_1_235' title='bbox 626 3777 863 3850; x_wconf 80' lang='lat' dir='ltr'><strong>probans</strong></span> <span class='ocrx_word' id='word_1_236' title='bbox 874 3779 1048 3829; x_wconf 84' lang='lat' dir='ltr'><strong>Buttm</strong></span> <span class='ocrx_word' id='word_1_237' title='bbox 1054 3796 1224 3832; x_wconf 83' lang='lat' dir='ltr'><strong>annus</strong></span> <span class='ocrx_word' id='word_1_238' title='bbox 1240 3791 1344 3831; x_wconf 80' lang='lat' dir='ltr'><strong>tex-</strong></span> 
     </span>
     <span class='ocr_line' id='line_1_40' title="bbox 335 3857 1339 3931; baseline 0 -21"><span class='ocrx_word' id='word_1_239' title='bbox 335 3860 415 3910; x_wconf 84' lang='lat' dir='ltr'><strong>tui</strong></span> <span class='ocrx_word' id='word_1_240' title='bbox 433 3860 645 3911; x_wconf 88' lang='lat' dir='ltr'><strong>immisit</strong></span> <span class='ocrx_word' id='word_1_241' title='bbox 656 3897 673 3925; x_wconf 84' lang='lat'>‚</span> <span class='ocrx_word' id='word_1_242' title='bbox 696 3859 822 3912; x_wconf 80' lang='lat' dir='ltr'><strong>licet</strong></span> <span class='ocrx_word' id='word_1_243' title='bbox 835 3857 1171 3931; x_wconf 79' lang='lat' dir='ltr'><strong>Spaldingius</strong></span> <span class='ocrx_word' id='word_1_244' title='bbox 1188 3858 1339 3911; x_wconf 72' lang='lat' dir='ltr'><strong>hoc...</strong></span> 
     </span>
     <span class='ocr_line' id='line_1_41' title="bbox 330 3938 1338 3992; baseline -0.001 -2"><span class='ocrx_word' id='word_1_245' title='bbox 330 3938 608 3991; x_wconf 69' lang='lat' dir='ltr'><strong>dicendum</strong></span> <span class='ocrx_word' id='word_1_246' title='bbox 646 3950 720 3992; x_wconf 81' lang='lat' dir='ltr'><strong>est</strong></span> <span class='ocrx_word' id='word_1_247' title='bbox 754 3940 921 3991; x_wconf 86' lang='lat' dir='ltr'><strong>textui</strong></span> <span class='ocrx_word' id='word_1_248' title='bbox 957 3938 1338 3991; x_wconf 82' lang='lat' dir='ltr'><strong>destinavisset.</strong></span> 
     </span>
     <span class='ocr_line' id='line_1_42' title="bbox 328 4017 1348 4089; baseline -0.001 -18"><span class='ocrx_word' id='word_1_249' title='bbox 328 4017 478 4071; x_wconf 81' lang='lat' dir='ltr'><strong>Idem</strong></span> <span class='ocrx_word' id='word_1_250' title='bbox 494 4020 842 4071; x_wconf 83' lang='lat' dir='ltr'><strong>Buttmannus</strong></span> <span class='ocrx_word' id='word_1_251' title='bbox 860 4017 1194 4089; x_wconf 82' lang='lat' dir='ltr'><strong>peritioribus</strong></span> <span class='ocrx_word' id='word_1_252' title='bbox 1210 4019 1348 4088; x_wconf 71' lang='lat' dir='ltr'><strong>cogi·</strong></span> 
     </span>
     <span class='ocr_line' id='line_1_43' title="bbox 330 4097 1345 4171; baseline -0.001 -21"><span class='ocrx_word' id='word_1_253' title='bbox 330 4097 553 4150; x_wconf 80' lang='lat' dir='ltr'><strong>tandum</strong></span> <span class='ocrx_word' id='word_1_254' title='bbox 595 4097 845 4171; x_wconf 87' lang='lat' dir='ltr'><strong>relinquit</strong></span> <span class='ocrx_word' id='word_1_255' title='bbox 860 4137 877 4166; x_wconf 80' lang='lat'><strong>‚</strong></span> <span class='ocrx_word' id='word_1_256' title='bbox 921 4117 1101 4152; x_wconf 83' lang='lat' dir='ltr'><strong>annon</strong></span> <span class='ocrx_word' id='word_1_257' title='bbox 1147 4100 1201 4149; x_wconf 93' lang='lat' dir='ltr'><strong>in</strong></span> <span class='ocrx_word' id='word_1_258' title='bbox 1244 4097 1345 4150; x_wconf 85' lang='lat' dir='ltr'><strong>hac</strong></span> 
     </span>
     <span class='ocr_line' id='line_1_44' title="bbox 326 4176 1345 4252; baseline 0.001 -24"><span class='ocrx_word' id='word_1_259' title='bbox 326 4176 591 4230; x_wconf 84' lang='lat' dir='ltr'><strong>Codicum</strong></span> <span class='ocrx_word' id='word_1_260' title='bbox 619 4181 879 4252; x_wconf 82' lang='lat' dir='ltr'><strong>scriptura</strong></span> <span class='ocrx_word' id='word_1_261' title='bbox 910 4177 1246 4250; x_wconf 70' lang='lat' dir='ltr'><strong>agnoscenda</strong></span> <span class='ocrx_word' id='word_1_262' title='bbox 1280 4180 1345 4230; x_wconf 88' lang='lat' dir='ltr'><strong>sit</strong></span> 
     </span>
     <span class='ocr_line' id='line_1_45' title="bbox 325 4256 1346 4336; baseline 0.003 -29"><span class='ocrx_word' id='word_1_263' title='bbox 325 4257 500 4336; x_wconf 64' lang='lat' dir='ltr'><strong>rarior</strong></span> <span class='ocrx_word' id='word_1_264' title='bbox 520 4256 611 4310; x_wconf 81' lang='lat' dir='ltr'><strong>ma</strong></span> <span class='ocrx_word' id='word_1_265' title='bbox 634 4259 819 4331; x_wconf 79' lang='lat' dir='ltr'><strong>utique</strong></span> <span class='ocrx_word' id='word_1_266' title='bbox 846 4260 897 4311; x_wconf 91' lang='lat' dir='ltr'><strong>in</strong></span> <span class='ocrx_word' id='word_1_267' title='bbox 918 4257 1093 4311; x_wconf 80' lang='lat' dir='ltr'><strong>latinis</strong></span> <span class='ocrx_word' id='word_1_268' title='bbox 1114 4269 1346 4311; x_wconf 84' lang='lat' dir='ltr'><strong>structu-</strong></span> 
     </span>
    </p>
   </div>
   <div class='ocr_carea' id='block_1_10' title="bbox 1416 1719 2514 4327">
    <p class='ocr_par' dir='ltr' id='par_1_11' title="bbox 1420 1719 2442 2266">
     <span class='ocr_line' id='line_1_46' title="bbox 1420 1719 2442 1793; baseline 0 -20"><span class='ocrx_word' id='word_1_269' title='bbox 1420 1739 1479 1774; x_wconf 82' lang='lat' dir='ltr'><strong>ra</strong></span> <span class='ocrx_word' id='word_1_270' title='bbox 1498 1760 1515 1786; x_wconf 85' lang='lat'>‚</span> <span class='ocrx_word' id='word_1_271' title='bbox 1545 1740 1653 1793; x_wconf 81' lang='lat' dir='ltr'><strong>qna</strong></span> <span class='ocrx_word' id='word_1_272' title='bbox 1688 1723 2048 1775; x_wconf 79' lang='lat' dir='ltr'><strong>accusativum</strong></span> <span class='ocrx_word' id='word_1_273' title='bbox 2071 1724 2206 1792; x_wconf 73' lang='lat' dir='ltr'><strong>regit</strong></span> <span class='ocrx_word' id='word_1_274' title='bbox 2223 1719 2442 1774; x_wconf 81' lang='lat' dir='ltr'><strong>verbale</strong></span> 
     </span>
     <span class='ocr_line' id='line_1_47' title="bbox 1420 1798 2439 1872; baseline 0 -20"><span class='ocrx_word' id='word_1_275' title='bbox 1420 1813 1675 1852; x_wconf 84' lang='lat' dir='ltr'><strong>nentrum</strong></span> <span class='ocrx_word' id='word_1_276' title='bbox 1695 1803 1750 1852; x_wconf 87' lang='lat' dir='ltr'><strong>in</strong></span> <span class='ocrx_word' id='word_1_277' title='bbox 1763 1800 1889 1852; x_wconf 81' lang='lat' dir='ltr'><strong>dum</strong></span> <span class='ocrx_word' id='word_1_278' title='bbox 1906 1801 2119 1872; x_wconf 80' lang='lat' dir='ltr'><strong>:itaque</strong></span> <span class='ocrx_word' id='word_1_279' title='bbox 2138 1798 2350 1870; x_wconf 67' lang='lat' dir='ltr'><strong>ablegat</strong></span> <span class='ocrx_word' id='word_1_280' title='bbox 2368 1798 2439 1852; x_wconf 85' lang='lat' dir='ltr'><strong>ad</strong></span> 
     </span>
     <span class='ocr_line' id='line_1_48' title="bbox 1422 1877 2433 1952; baseline -0.001 -22"><span class='ocrx_word' id='word_1_281' title='bbox 1422 1882 1678 1952; x_wconf 75' lang='lat' dir='ltr'><strong>Heusing.</strong></span> <span class='ocrx_word' id='word_1_282' title='bbox 1711 1892 1765 1933; x_wconf 91' lang='lat' dir='ltr'><strong>et</strong></span> <span class='ocrx_word' id='word_1_283' title='bbox 1791 1877 1991 1931; x_wconf 84' lang='lat' dir='ltr'><strong>Gernh.</strong></span> <span class='ocrx_word' id='word_1_284' title='bbox 2016 1878 2161 1950; x_wconf 87' lang='lat' dir='ltr'><strong>apud</strong></span> <span class='ocrx_word' id='word_1_285' title='bbox 2187 1879 2297 1931; x_wconf 87' lang='lat' dir='ltr'><strong>Cic.</strong></span> <span class='ocrx_word' id='word_1_286' title='bbox 2323 1879 2433 1931; x_wconf 81' lang='lat' dir='ltr'>Off.</span> 
     </span>
     <span class='ocr_line' id='line_1_49' title="bbox 1420 1960 2437 2029; baseline 0.001 -20"><span class='ocrx_word' id='word_1_287' title='bbox 1420 1961 1472 2025; x_wconf 84' lang='lat'><strong>1,</strong></span> <span class='ocrx_word' id='word_1_288' title='bbox 1505 1960 1593 2024; x_wconf 82' lang='lat'><strong>31,</strong></span> <span class='ocrx_word' id='word_1_289' title='bbox 1628 1976 1722 2011; x_wconf 81' lang='lat'><strong>112</strong></span> <span class='ocrx_word' id='word_1_290' title='bbox 1741 1997 1758 2025; x_wconf 88' lang='lat'><strong>‚</strong></span> <span class='ocrx_word' id='word_1_291' title='bbox 1798 1960 1890 2029; x_wconf 89' lang='lat' dir='ltr'><strong>qui</strong></span> <span class='ocrx_word' id='word_1_292' title='bbox 1929 1971 2106 2010; x_wconf 83' lang='lat' dir='ltr'><strong>tamen</strong></span> <span class='ocrx_word' id='word_1_293' title='bbox 2150 1976 2257 2009; x_wconf 88' lang='lat' dir='ltr'><strong>non</strong></span> <span class='ocrx_word' id='word_1_294' title='bbox 2295 1971 2437 2010; x_wconf 86' lang='lat' dir='ltr'><strong>recte</strong></span> 
     </span>
     <span class='ocr_line' id='line_1_50' title="bbox 1424 2035 2438 2108; baseline -0.003 -19"><span class='ocrx_word' id='word_1_295' title='bbox 1424 2049 1647 2089; x_wconf 83' lang='lat' dir='ltr'><strong>utuntur</strong></span> <span class='ocrx_word' id='word_1_296' title='bbox 1667 2036 1911 2108; x_wconf 83' lang='lat' dir='ltr'><strong>exemplo</strong></span> <span class='ocrx_word' id='word_1_297' title='bbox 1932 2035 2188 2100; x_wconf 78' lang='lat' dir='ltr'><strong>Famil.v‚</strong></span> <span class='ocrx_word' id='word_1_298' title='bbox 2206 2051 2223 2086; x_wconf 89' lang='lat'>1</span> <span class='ocrx_word' id='word_1_299' title='bbox 2237 2053 2266 2105; x_wconf 93' lang='lat'>7</span> <span class='ocrx_word' id='word_1_300' title='bbox 2285 2048 2438 2101; x_wconf 85' lang='lat' dir='ltr'><strong>extr.,</strong></span> 
     </span>
     <span class='ocr_line' id='line_1_51' title="bbox 1423 2113 2439 2186; baseline -0.001 -19"><span class='ocrx_word' id='word_1_301' title='bbox 1423 2116 1517 2167; x_wconf 87' lang='lat' dir='ltr'><strong>ubi</strong></span> <span class='ocrx_word' id='word_1_302' title='bbox 1530 2135 1714 2168; x_wconf 79' lang='lat' dir='ltr'><strong>verum</strong></span> <span class='ocrx_word' id='word_1_303' title='bbox 1731 2130 1808 2168; x_wconf 85' lang='lat' dir='ltr'><strong>est</strong></span> <span class='ocrx_word' id='word_1_304' title='bbox 1823 2114 2136 2186; x_wconf 78' lang='lat' dir='ltr'><strong>gerundium</strong></span> <span class='ocrx_word' id='word_1_305' title='bbox 2156 2113 2250 2185; x_wconf 81' lang='lat' dir='ltr'><strong>(ad</strong></span> <span class='ocrx_word' id='word_1_306' title='bbox 2262 2115 2439 2167; x_wconf 79' lang='lat' dir='ltr'><strong>levan-</strong></span> 
     </span>
     <span class='ocr_line' id='line_1_52' title="bbox 1425 2194 2412 2266; baseline -0.002 -18"><span class='ocrx_word' id='word_1_307' title='bbox 1425 2195 1603 2266; x_wconf 80' lang='lat' dir='ltr'><strong>dum),</strong></span> <span class='ocrx_word' id='word_1_308' title='bbox 1629 2197 1781 2265; x_wconf 84' lang='lat' dir='ltr'><strong>cujus</strong></span> <span class='ocrx_word' id='word_1_309' title='bbox 1805 2194 2012 2246; x_wconf 81' lang='lat' dir='ltr'><strong>diversa</strong></span> <span class='ocrx_word' id='word_1_310' title='bbox 2036 2206 2116 2245; x_wconf 87' lang='lat' dir='ltr'><strong>est</strong></span> <span class='ocrx_word' id='word_1_311' title='bbox 2139 2196 2292 2246; x_wconf 83' lang='lat' dir='ltr'><strong>ratio.</strong></span> <span class='ocrx_word' id='word_1_312' title='bbox 2316 2195 2412 2246; x_wconf 83' lang='lat' dir='ltr'><strong>En.</strong></span> 
     </span>
    </p>

    <p class='ocr_par' dir='ltr' id='par_1_12' title="bbox 1416 2272 2438 2886">
     <span class='ocr_line' id='line_1_53' title="bbox 1500 2272 2436 2328; baseline -0.003 0"><span class='ocrx_word' id='word_1_313' title='bbox 1500 2291 1547 2328; x_wconf 79' lang='lat'><strong>2.</strong></span> <span class='ocrx_word' id='word_1_314' title='bbox 1588 2275 1648 2326; x_wconf 86' lang='grc' dir='ltr'><strong><em>Ν</em></strong></span> <span class='ocrx_word' id='word_1_315' title='bbox 1650 2274 1711 2327; x_wconf 74' lang='lat' dir='ltr'><strong>isi</strong></span> <span class='ocrx_word' id='word_1_316' title='bbox 1748 2273 1897 2327; x_wconf 74' lang='lat' dir='ltr'><strong>adsit.</strong></span> <span class='ocrx_word' id='word_1_317' title='bbox 1914 2313 1926 2324; x_wconf 91' lang='lat'><em>.</em></span> <span class='ocrx_word' id='word_1_318' title='bbox 1944 2313 1955 2324; x_wconf 90' lang='lat'><strong>.</strong></span> <span class='ocrx_word' id='word_1_319' title='bbox 1996 2272 2246 2326; x_wconf 79' lang='lat' dir='ltr'><strong>ostendat.</strong></span> <span class='ocrx_word' id='word_1_320' title='bbox 2289 2272 2436 2325; x_wconf 84' lang='lat' dir='ltr'><strong>Con-</strong></span> 
     </span>
     <span class='ocr_line' id='line_1_54' title="bbox 1416 2351 2435 2425; baseline 0 -20"><span class='ocrx_word' id='word_1_321' title='bbox 1416 2355 1689 2424; x_wconf 74' lang='lat' dir='ltr'><strong>junctivus</strong></span> <span class='ocrx_word' id='word_1_322' title='bbox 1709 2355 1761 2404; x_wconf 89' lang='lat' dir='ltr'><strong>in</strong></span> <span class='ocrx_word' id='word_1_323' title='bbox 1781 2354 2077 2425; x_wconf 84' lang='lat' dir='ltr'><strong>posteriore</strong></span> <span class='ocrx_word' id='word_1_324' title='bbox 2093 2351 2257 2405; x_wconf 80' lang='lat' dir='ltr'><strong>verbo</strong></span> <span class='ocrx_word' id='word_1_325' title='bbox 2277 2352 2435 2423; x_wconf 85' lang='lat' dir='ltr'><strong>plane</strong></span> 
     </span>
     <span class='ocr_line' id='line_1_55' title="bbox 1422 2431 2434 2505; baseline -0.001 -20"><span class='ocrx_word' id='word_1_326' title='bbox 1422 2432 1729 2505; x_wconf 84' lang='lat' dir='ltr'><strong>potentialis</strong></span> <span class='ocrx_word' id='word_1_327' title='bbox 1767 2446 1846 2484; x_wconf 87' lang='lat' dir='ltr'><strong>est</strong></span> <span class='ocrx_word' id='word_1_328' title='bbox 1880 2454 1892 2484; x_wconf 66' lang='grc' dir='ltr'>ς</span> <span class='ocrx_word' id='word_1_329' title='bbox 1931 2432 2117 2499; x_wconf 51' lang='lat' dir='ltr'><strong>&amp;sigim</strong></span> <span class='ocrx_word' id='word_1_330' title='bbox 2151 2431 2224 2485; x_wconf 70' lang='grc' dir='ltr'><strong>ἅν.</strong></span> <span class='ocrx_word' id='word_1_331' title='bbox 2256 2432 2434 2500; x_wconf 86' lang='lat' dir='ltr'><strong>Quare</strong></span> 
     </span>
     <span class='ocr_line' id='line_1_56' title="bbox 1422 2513 2434 2582; baseline -0.002 -15"><span class='ocrx_word' id='word_1_332' title='bbox 1422 2513 1740 2567; x_wconf 84' lang='lat' dir='ltr'><strong>alienissima</strong></span> <span class='ocrx_word' id='word_1_333' title='bbox 1771 2513 1978 2565; x_wconf 79' lang='lat' dir='ltr'><strong>Francii</strong></span> <span class='ocrx_word' id='word_1_334' title='bbox 2010 2514 2319 2582; x_wconf 82' lang='lat' dir='ltr'><strong>conjectura</strong></span> <span class='ocrx_word' id='word_1_335' title='bbox 2350 2530 2434 2565; x_wconf 76' lang='lat' dir='ltr'><strong>os·</strong></span> 
     </span>
     <span class='ocr_line' id='line_1_57' title="bbox 1424 2591 2438 2664; baseline -0.004 -18"><span class='ocrx_word' id='word_1_336' title='bbox 1424 2605 1506 2646; x_wconf 81' lang='lat' dir='ltr'><strong>ten</strong></span> <span class='ocrx_word' id='word_1_337' title='bbox 1515 2604 1591 2647; x_wconf 77' lang='lat' dir='ltr'><strong>tat</strong></span> <span class='ocrx_word' id='word_1_338' title='bbox 1599 2618 1619 2657; x_wconf 87' lang='grc'><strong>,-</strong></span> <span class='ocrx_word' id='word_1_339' title='bbox 1641 2612 1739 2646; x_wconf 90' lang='lat' dir='ltr'><strong>nec</strong></span> <span class='ocrx_word' id='word_1_340' title='bbox 1754 2591 2074 2646; x_wconf 87' lang='lat' dir='ltr'><strong>attendenda</strong></span> <span class='ocrx_word' id='word_1_341' title='bbox 2090 2593 2252 2644; x_wconf 64' lang='lat' dir='ltr'><strong>Cain.</strong></span> <span class='ocrx_word' id='word_1_342' title='bbox 2276 2593 2438 2664; x_wconf 85' lang='lat' dir='ltr'><strong>scrip-</strong></span> 
     </span>
     <span class='ocr_line' id='line_1_58' title="bbox 1424 2673 2435 2744; baseline -0.002 -18"><span class='ocrx_word' id='word_1_343' title='bbox 1424 2687 1543 2727; x_wconf 82' lang='lat' dir='ltr'><strong>tura</strong></span> <span class='ocrx_word' id='word_1_344' title='bbox 1588 2674 1846 2738; x_wconf 77' lang='lat' dir='ltr'><strong>ostendit,</strong></span> <span class='ocrx_word' id='word_1_345' title='bbox 1886 2673 2113 2725; x_wconf 78' lang='lat' dir='ltr'><strong>fortasse</strong></span> <span class='ocrx_word' id='word_1_346' title='bbox 2150 2684 2204 2723; x_wconf 84' lang='lat' dir='ltr'><strong>et</strong></span> <span class='ocrx_word' id='word_1_347' title='bbox 2243 2673 2360 2744; x_wconf 85' lang='lat' dir='ltr'><strong>ipsa</strong></span> <span class='ocrx_word' id='word_1_348' title='bbox 2401 2690 2435 2724; x_wconf 82' lang='lat' dir='ltr'><strong>a</strong></span> 
     </span>
     <span class='ocr_line' id='line_1_59' title="bbox 1425 2748 2431 2825; baseline -0.004 -19"><span class='ocrx_word' id='word_1_349' title='bbox 1425 2755 1721 2823; x_wconf 76' lang='lat' dir='ltr'><strong>corrigente</strong></span> <span class='ocrx_word' id='word_1_350' title='bbox 1737 2752 1977 2825; x_wconf 79' lang='lat' dir='ltr'><strong>profecta</strong></span> <span class='ocrx_word' id='word_1_351' title='bbox 1996 2748 2144 2803; x_wconf 76' lang='lat' dir='ltr'><strong>:vide</strong></span> <span class='ocrx_word' id='word_1_352' title='bbox 2158 2752 2224 2815; x_wconf 84' lang='lat' dir='ltr'><strong>V,</strong></span> <span class='ocrx_word' id='word_1_353' title='bbox 2248 2765 2327 2814; x_wconf 76' lang='lat' dir='ltr'><strong>ta,</strong></span> <span class='ocrx_word' id='word_1_354' title='bbox 2345 2768 2431 2816; x_wconf 76' lang='lat' dir='ltr'><strong>ao,</strong></span> 
     </span>
     <span class='ocr_line' id='line_1_60' title="bbox 1423 2832 1826 2886; baseline -0.002 -1"><span class='ocrx_word' id='word_1_355' title='bbox 1423 2833 1516 2886; x_wconf 87' lang='lat' dir='ltr'><strong>ubi</strong></span> <span class='ocrx_word' id='word_1_356' title='bbox 1548 2832 1650 2885; x_wconf 85' lang='lat' dir='ltr'><strong>alia</strong></span> <span class='ocrx_word' id='word_1_357' title='bbox 1675 2834 1826 2884; x_wconf 84' lang='lat' dir='ltr'><strong>ratio.</strong></span> 
     </span>
    </p>

    <p class='ocr_par' dir='ltr' id='par_1_13' title="bbox 1422 2911 2514 3933">
     <span class='ocr_line' id='line_1_61' title="bbox 1494 2911 2434 2981; baseline -0.004 -18"><span class='ocrx_word' id='word_1_358' title='bbox 1494 2912 1545 2964; x_wconf 87' lang='grc'><strong>3.</strong></span> <span class='ocrx_word' id='word_1_359' title='bbox 1573 2911 1778 2962; x_wconf 80' lang='lat' dir='ltr'><strong>Eadem</strong></span> <span class='ocrx_word' id='word_1_360' title='bbox 1804 2911 1955 2962; x_wconf 80' lang='lat' dir='ltr'><strong>verba</strong></span> <span class='ocrx_word' id='word_1_361' title='bbox 1978 2919 2178 2961; x_wconf 81' lang='lat' dir='ltr'><strong>mutata</strong></span> <span class='ocrx_word' id='word_1_362' title='bbox 2197 2926 2434 2981; x_wconf 80' lang='lat' dir='ltr'><strong>pronun-</strong></span> 
     </span>
     <span class='ocr_line' id='line_1_62' title="bbox 1422 2987 2436 3043; baseline -0.004 0"><span class='ocrx_word' id='word_1_363' title='bbox 1422 2992 1664 3043; x_wconf 76' lang='lat' dir='ltr'><strong>ciatione.</strong></span> <span class='ocrx_word' id='word_1_364' title='bbox 1680 2992 1795 3041; x_wconf 84' lang='lat' dir='ltr'><strong>Hoc</strong></span> <span class='ocrx_word' id='word_1_365' title='bbox 1806 2987 2084 3042; x_wconf 88' lang='lat' dir='ltr'><strong>commode</strong></span> <span class='ocrx_word' id='word_1_366' title='bbox 2096 2987 2256 3040; x_wconf 88' lang='lat' dir='ltr'><strong>docet</strong></span> <span class='ocrx_word' id='word_1_367' title='bbox 2264 3006 2436 3040; x_wconf 83' lang='lat' dir='ltr'><strong>exem-</strong></span> 
     </span>
     <span class='ocr_line' id='line_1_63' title="bbox 1424 3066 2431 3142; baseline -0.002 -22"><span class='ocrx_word' id='word_1_368' title='bbox 1424 3070 1515 3142; x_wconf 77' lang='lat' dir='ltr'><strong>plo</strong></span> <span class='ocrx_word' id='word_1_369' title='bbox 1549 3071 1879 3141; x_wconf 83' lang='lat' dir='ltr'><strong>pronominis</strong></span> <span class='ocrx_word' id='word_1_370' title='bbox 1916 3066 2161 3120; x_wconf 68' lang='lat' dir='ltr'><strong>secundm</strong></span> <span class='ocrx_word' id='word_1_371' title='bbox 2195 3085 2431 3140; x_wconf 75' lang='lat' dir='ltr'><strong>personre</strong></span> 
     </span>
     <span class='ocr_line' id='line_1_64' title="bbox 1422 3146 2430 3219; baseline 0 -19"><span class='ocrx_word' id='word_1_372' title='bbox 1422 3151 1475 3200; x_wconf 91' lang='lat' dir='ltr'><strong>in</strong></span> <span class='ocrx_word' id='word_1_373' title='bbox 1495 3148 1779 3219; x_wconf 73' lang='lat' dir='ltr'><strong>locisVirg.</strong></span> <span class='ocrx_word' id='word_1_374' title='bbox 1797 3149 1913 3199; x_wconf 81' lang='lat' dir='ltr'><strong>AEn.</strong></span> <span class='ocrx_word' id='word_1_375' title='bbox 1934 3147 2079 3215; x_wconf 81' lang='lat'>1‚·78;</span> <span class='ocrx_word' id='word_1_376' title='bbox 2099 3146 2209 3198; x_wconf 80' lang='lat' dir='ltr'><strong>Ecl.</strong></span> <span class='ocrx_word' id='word_1_377' title='bbox 2227 3148 2317 3214; x_wconf 89' lang='lat'>111,</span> <span class='ocrx_word' id='word_1_378' title='bbox 2333 3148 2430 3210; x_wconf 81' lang='lat'><strong>25;</strong></span> 
     </span>
     <span class='ocr_line' id='line_1_65' title="bbox 1422 3224 2431 3296; baseline -0.002 -17"><span class='ocrx_word' id='word_1_379' title='bbox 1422 3229 1538 3279; x_wconf 81' lang='lat' dir='ltr'><strong>AEn.</strong></span> <span class='ocrx_word' id='word_1_380' title='bbox 1562 3230 1612 3292; x_wconf 84' lang='lat'><strong>1,</strong></span> <span class='ocrx_word' id='word_1_381' title='bbox 1631 3227 1889 3296; x_wconf 80' lang='lat' dir='ltr'>6173X1‚</span> <span class='ocrx_word' id='word_1_382' title='bbox 1909 3224 2033 3279; x_wconf 83' lang='lat'><strong>383.</strong></span> <span class='ocrx_word' id='word_1_383' title='bbox 2052 3226 2233 3293; x_wconf 87' lang='lat' dir='ltr'><strong>Quum</strong></span> <span class='ocrx_word' id='word_1_384' title='bbox 2253 3239 2431 3278; x_wconf 83' lang='lat' dir='ltr'><strong>tamen</strong></span> 
     </span>
     <span class='ocr_line' id='line_1_66' title="bbox 1424 3304 2432 3359; baseline -0.003 0"><span class='ocrx_word' id='word_1_385' title='bbox 1424 3308 1585 3359; x_wconf 85' lang='lat' dir='ltr'><strong>ternis</strong></span> <span class='ocrx_word' id='word_1_386' title='bbox 1623 3319 1706 3357; x_wconf 88' lang='lat' dir='ltr'><strong>ter</strong></span> <span class='ocrx_word' id='word_1_387' title='bbox 1738 3305 2053 3357; x_wconf 78' lang='lat' dir='ltr'><strong>differentiis</strong></span> <span class='ocrx_word' id='word_1_388' title='bbox 2090 3323 2202 3357; x_wconf 88' lang='lat' dir='ltr'><strong>rem</strong></span> <span class='ocrx_word' id='word_1_389' title='bbox 2241 3304 2432 3357; x_wconf 83' lang='lat' dir='ltr'><strong>distin-</strong></span> 
     </span>
     <span class='ocr_line' id='line_1_67' title="bbox 1423 3380 2432 3457; baseline -0.004 -20"><span class='ocrx_word' id='word_1_390' title='bbox 1423 3398 1551 3457; x_wconf 75' lang='lat' dir='ltr'><strong>guat</strong></span> <span class='ocrx_word' id='word_1_391' title='bbox 1569 3382 1713 3455; x_wconf 78' lang='lat' dir='ltr'><strong>(vide</strong></span> <span class='ocrx_word' id='word_1_392' title='bbox 1734 3403 1832 3456; x_wconf 83' lang='lat' dir='ltr'><strong>per</strong></span> <span class='ocrx_word' id='word_1_393' title='bbox 1848 3385 1998 3455; x_wconf 87' lang='lat' dir='ltr'><strong>paria</strong></span> <span class='ocrx_word' id='word_1_394' title='bbox 2016 3395 2228 3436; x_wconf 84' lang='lat' dir='ltr'><strong>euntem</strong></span> <span class='ocrx_word' id='word_1_395' title='bbox 2252 3380 2297 3453; x_wconf 82' lang='lat'><strong>§.</strong></span> <span class='ocrx_word' id='word_1_396' title='bbox 2320 3381 2432 3453; x_wconf 77' lang='grc'>87),</span> 
     </span>
     <span class='ocr_line' id='line_1_68' title="bbox 1423 3462 2436 3537; baseline -0.003 -19"><span class='ocrx_word' id='word_1_397' title='bbox 1423 3468 1606 3532; x_wconf 83' lang='lat' dir='ltr'><strong>miror,</strong></span> <span class='ocrx_word' id='word_1_398' title='bbox 1632 3463 1753 3537; x_wconf 85' lang='lat' dir='ltr'><strong>plus</strong></span> <span class='ocrx_word' id='word_1_399' title='bbox 1781 3462 1980 3528; x_wconf 84' lang='lat' dir='ltr'><strong>tribus,</strong></span> <span class='ocrx_word' id='word_1_400' title='bbox 2008 3464 2183 3514; x_wconf 81' lang='lat' dir='ltr'><strong>minus</strong></span> <span class='ocrx_word' id='word_1_401' title='bbox 2206 3480 2396 3515; x_wconf 75' lang='lat' dir='ltr'><strong>novom</strong></span> <span class='ocrx_word' id='word_1_402' title='bbox 2417 3499 2436 3528; x_wconf 81' lang='lat'>,</span> 
     </span>
     <span class='ocr_line' id='line_1_69' title="bbox 1424 3541 2514 3617; baseline -0.002 -20"><span class='ocrx_word' id='word_1_403' title='bbox 1424 3543 1676 3617; x_wconf 81' lang='lat' dir='ltr'><strong>exemplis</strong></span> <span class='ocrx_word' id='word_1_404' title='bbox 1716 3541 1935 3615; x_wconf 69' lang='lat' dir='ltr'><strong>defungi</strong></span> <span class='ocrx_word' id='word_1_405' title='bbox 1966 3543 2239 3596; x_wconf 79' lang='lat' dir='ltr'><strong>Nostrum.</strong></span> <span class='ocrx_word' id='word_1_406' title='bbox 2274 3545 2434 3597; x_wconf 79' lang='lat' dir='ltr'><strong>Nunc</strong></span> <span class='ocrx_word' id='word_1_407' title='bbox 2495 3553 2514 3562; x_wconf 71' lang='grc'><strong>“</strong></span> 
     </span>
     <span class='ocr_line' id='line_1_70' title="bbox 1424 3619 2434 3692; baseline -0.003 -17"><span class='ocrx_word' id='word_1_408' title='bbox 1424 3623 1555 3675; x_wconf 85' lang='lat' dir='ltr'><strong>nihil</strong></span> <span class='ocrx_word' id='word_1_409' title='bbox 1586 3625 1642 3674; x_wconf 90' lang='lat' dir='ltr'><strong>in</strong></span> <span class='ocrx_word' id='word_1_410' title='bbox 1664 3620 1961 3692; x_wconf 74' lang='lat' dir='ltr'><strong>Virgilianis</strong></span> <span class='ocrx_word' id='word_1_411' title='bbox 1988 3619 2135 3674; x_wconf 82' lang='lat' dir='ltr'><strong>hisce</strong></span> <span class='ocrx_word' id='word_1_412' title='bbox 2163 3639 2397 3692; x_wconf 73' lang='lat' dir='ltr'><strong>agnosco</strong></span> <span class='ocrx_word' id='word_1_413' title='bbox 2415 3659 2434 3688; x_wconf 84' lang='lat'>,</span> 
     </span>
     <span class='ocr_line' id='line_1_71' title="bbox 1425 3702 2432 3771; baseline -0.004 -16"><span class='ocrx_word' id='word_1_414' title='bbox 1425 3706 1526 3756; x_wconf 88' lang='lat' dir='ltr'><strong>nisi</strong></span> <span class='ocrx_word' id='word_1_415' title='bbox 1548 3702 1951 3754; x_wconf 77' lang='lat' dir='ltr'><strong>admirationem</strong></span> <span class='ocrx_word' id='word_1_416' title='bbox 1971 3714 2026 3754; x_wconf 86' lang='lat' dir='ltr'><strong>et</strong></span> <span class='ocrx_word' id='word_1_417' title='bbox 2037 3714 2402 3771; x_wconf 83' lang='lat' dir='ltr'><strong>contemptum</strong></span> <span class='ocrx_word' id='word_1_418' title='bbox 2413 3738 2432 3766; x_wconf 82' lang='lat'>‚</span> 
     </span>
     <span class='ocr_line' id='line_1_72' title="bbox 1424 3781 2433 3854; baseline -0.004 -20"><span class='ocrx_word' id='word_1_419' title='bbox 1424 3796 1530 3835; x_wconf 82' lang='lat' dir='ltr'><strong>tam</strong></span> <span class='ocrx_word' id='word_1_420' title='bbox 1550 3795 1696 3835; x_wconf 85' lang='lat' dir='ltr'><strong>recta</strong></span> <span class='ocrx_word' id='word_1_421' title='bbox 1716 3783 1955 3833; x_wconf 85' lang='lat' dir='ltr'><strong>oratione</strong></span> <span class='ocrx_word' id='word_1_422' title='bbox 1976 3798 2135 3854; x_wconf 81' lang='lat' dir='ltr'><strong>quam</strong></span> <span class='ocrx_word' id='word_1_423' title='bbox 2154 3798 2251 3852; x_wconf 88' lang='lat' dir='ltr'><strong>per</strong></span> <span class='ocrx_word' id='word_1_424' title='bbox 2268 3781 2433 3832; x_wconf 88' lang='lat' dir='ltr'><strong>inter-</strong></span> 
     </span>
     <span class='ocr_line' id='line_1_73' title="bbox 1426 3862 2083 3933; baseline -0.005 -19"><span class='ocrx_word' id='word_1_425' title='bbox 1426 3863 1751 3933; x_wconf 78' lang='lat' dir='ltr'><strong>rogationem</strong></span> <span class='ocrx_word' id='word_1_426' title='bbox 1776 3862 2083 3931; x_wconf 74' lang='lat' dir='ltr'><strong>significata.</strong></span> 
     </span>
    </p>

    <p class='ocr_par' dir='ltr' id='par_1_14' title="bbox 1424 3937 2437 4327">
     <span class='ocr_line' id='line_1_74' title="bbox 1497 3937 2433 4015; baseline -0.002 -23"><span class='ocrx_word' id='word_1_427' title='bbox 1497 3942 1546 4007; x_wconf 70' lang='grc'><strong>4.</strong></span> <span class='ocrx_word' id='word_1_428' title='bbox 1580 3942 1810 4015; x_wconf 73' lang='lat' dir='ltr'><strong>Neqant.</strong></span> <span class='ocrx_word' id='word_1_429' title='bbox 1847 3940 2056 3992; x_wconf 84' lang='lat' dir='ltr'><strong>Omittit</strong></span> <span class='ocrx_word' id='word_1_430' title='bbox 2090 3939 2253 3991; x_wconf 63' lang='lat' dir='ltr'><strong>Cain·-</strong></span> <span class='ocrx_word' id='word_1_431' title='bbox 2289 3937 2433 3990; x_wconf 76' lang='grc' dir='ltr'><strong>ΜίΙιί</strong></span> 
     </span>
     <span class='ocr_line' id='line_1_75' title="bbox 1424 4016 2428 4094; baseline -0.004 -21"><span class='ocrx_word' id='word_1_432' title='bbox 1424 4021 1563 4094; x_wconf 82' lang='lat' dir='ltr'><strong>quod</strong></span> <span class='ocrx_word' id='word_1_433' title='bbox 1589 4023 1777 4092; x_wconf 75' lang='lat' dir='ltr'><strong>cuique</strong></span> <span class='ocrx_word' id='word_1_434' title='bbox 1800 4037 1860 4071; x_wconf 85' lang='lat' dir='ltr'><strong>eo</strong></span> <span class='ocrx_word' id='word_1_435' title='bbox 1885 4020 2058 4092; x_wconf 72' lang='lat' dir='ltr'><strong>requi,</strong></span> <span class='ocrx_word' id='word_1_436' title='bbox 2084 4019 2259 4070; x_wconf 78' lang='lat' dir='ltr'><strong>Tui-ic.</strong></span> <span class='ocrx_word' id='word_1_437' title='bbox 2287 4016 2428 4070; x_wconf 82' lang='lat' dir='ltr'><strong>Flor.</strong></span> 
     </span>
     <span class='ocr_line' id='line_1_76' title="bbox 1427 4097 2434 4160; baseline -0.003 -8"><span class='ocrx_word' id='word_1_438' title='bbox 1427 4099 1701 4153; x_wconf 80' lang='lat' dir='ltr'><strong>Cantando</strong></span> <span class='ocrx_word' id='word_1_439' title='bbox 1725 4097 1940 4150; x_wconf 70' lang='lat' dir='ltr'><strong>uallium</strong></span> <span class='ocrx_word' id='word_1_440' title='bbox 1954 4137 1970 4160; x_wconf 90' lang='lat'><strong>‚</strong></span> <span class='ocrx_word' id='word_1_441' title='bbox 1985 4098 2255 4150; x_wconf 79' lang='lat' dir='ltr'><strong>Tur-icens.</strong></span> <span class='ocrx_word' id='word_1_442' title='bbox 2283 4097 2434 4150; x_wconf 72' lang='lat' dir='ltr'><strong>Done</strong></span> 
     </span>
     <span class='ocr_line' id='line_1_77' title="bbox 1427 4176 2430 4248; baseline -0.003 -18"><span class='ocrx_word' id='word_1_443' title='bbox 1427 4176 1546 4244; x_wconf 72' lang='lat' dir='ltr'><strong>ille,</strong></span> <span class='ocrx_word' id='word_1_444' title='bbox 1561 4179 1737 4229; x_wconf 80' lang='lat' dir='ltr'><strong>Turic.</strong></span> <span class='ocrx_word' id='word_1_445' title='bbox 1760 4178 1800 4232; x_wconf 75' lang='lat'><strong>1²·</strong></span> <span class='ocrx_word' id='word_1_446' title='bbox 1802 4176 1900 4227; x_wconf 89' lang='lat' dir='ltr'><strong>lor.</strong></span> <span class='ocrx_word' id='word_1_447' title='bbox 1921 4177 2112 4229; x_wconf 78' lang='lat' dir='ltr'><strong>AEneas</strong></span> <span class='ocrx_word' id='word_1_448' title='bbox 2122 4176 2209 4230; x_wconf 80' lang='lat' dir='ltr'><strong>sed</strong></span> <span class='ocrx_word' id='word_1_449' title='bbox 2222 4194 2430 4248; x_wconf 72' lang='lat' dir='ltr'><strong>sequem</strong></span> 
     </span>
     <span class='ocr_line' id='line_1_78' title="bbox 1429 4254 2437 4327; baseline -0.002 -19"><span class='ocrx_word' id='word_1_450' title='bbox 1429 4255 1628 4309; x_wconf 73' lang='lat' dir='ltr'><strong>timoris</strong></span> <span class='ocrx_word' id='word_1_451' title='bbox 1662 4254 1878 4327; x_wconf 76' lang='lat' dir='ltr'><strong>arqutit&#39;s</strong></span> <span class='ocrx_word' id='word_1_452' title='bbox 1914 4266 1971 4306; x_wconf 80' lang='lat' dir='ltr'><strong>tu</strong></span> <span class='ocrx_word' id='word_1_453' title='bbox 2006 4254 2216 4322; x_wconf 79' lang='lat' dir='ltr'><strong>dranie,</strong></span> <span class='ocrx_word' id='word_1_454' title='bbox 2252 4256 2437 4318; x_wconf 74' lang='lat' dir='ltr'><strong>Turic,</strong></span> 
     </span>
    </p>
   </div>
  </div>
 </body>
</html>
