3200 5159
719 367 847 441 536

1285 390 1378 454 Μ.
1417 392 1646 459 FABII
1684 397 2239 481 QUINTILIANI

722 503 1374 604 antiquissimorum
1401 519 1690 617 quidem
1708 580 1727 616 ,
1753 525 1872 598 sed
1905 547 2141 602 tamen
2168 553 2480 606 veterum
2501 590 2520 626 ,
2546 536 2820 610 mollire

720 621 1166 714 tentaverint,
1212 655 1354 701 non
1394 632 1623 707 solum
1663 656 1937 713 αυενετι1
1981 670 2109 742 pro
2149 627 2444 720 abversis
2485 649 2818 742 dicendo,

720 732 841 805 sed
894 758 962 809 et
1000 739 1074 811 in
1128 747 1611 844 praepositione
1656 750 1697 825 b
1740 755 1982 828 litterae
2022 759 2362 836 absonam
2407 785 2475 836 et
2520 766 2738 864 ipsam
2789 795 2821 840 s

622 844 690 896 33
723 849 1176 951 subjiciendo.
1219 859 1354 932 Sed
1386 888 1712 940 accentus
1739 896 2054 971 quoque,
2084 903 2309 975 quum
2347 880 2614 979 rigore²
2648 908 2823 980 quo·

725 964 919 1061 dam,
953 990 1105 1044 tum
1140 974 1601 1055 similitudine
1637 985 1784 1085 ipsa
1806 1042 1826 1076 ,
1857 989 2096 1064 minus
2118 993 2403 1066 suaves3
2442 996 2781 1069 habemus
2801 1028 2820 1087 ;

723 1086 887 1182 quia
925 1087 1171 1164 ultima
1205 1095 1470 1193 syllaba
1511 1127 1642 1174 nec
1684 1125 1887 1177 acuta
1929 1134 2245 1207 unquam
2291 1112 2651 1204 excitatur,
2692 1140 2820 1186 nec

724 1199 898 1274 flexa
945 1205 1522 1306 circumducitur,
1555 1219 1676 1291 sed
1725 1218 1847 1293 in4
1882 1250 2196 1322 gravem,
2232 1227 2337 1299 vel
2380 1228 2550 1301 duas
2588 1256 2823 1328 graves

724 1317 909 1390 cadit
935 1346 1250 1423 semper:
1283 1328 1514 1428 itaque
1551 1352 1746 1408 tanto
1781 1358 1884 1409 est
1914 1364 2142 1413 sermo
2176 1368 2434 1440 graecus
2466 1343 2679 1415 latino
2706 1342 2822 1444 ju·

725 1433 1045 1527 cundior,
1064 1460 1141 1510 ut
1158 1445 1369 1515 nostri
1385 1468 1629 1544 poetae,
1642 1452 1915 1550 quoties
1931 1454 2135 1528 dulce
2150 1483 2430 1531 carmen
2446 1485 2593 1532 esse
2606 1458 2832 1532 volue-

619 1539 687 1606 34
722 1545 864 1618 rint
882 1547 934 1637 ⁵,
979 1551 1263 1630 illorum
1301 1559 1373 1631 id
1415 1565 1827 1640 nominibus
1857 1593 2209 1644 exornent.
2249 1574 2382 1646 His
2418 1573 2538 1648 illa
2579 1597 2828 1675 poten-

721 1660 897 1735 tiora
910 1663 966 1755 ⁶,
992 1671 1184 1766 quod
1216 1700 1318 1746 res
1349 1677 1671 1786 plurimae
1702 1705 1936 1780 carent
1958 1687 2570 1787 appellationibus,
2600 1711 2677 1762 ut
2708 1716 2827 1762 eas

721 1871 952 1924 abversus
964 1872 1156 1927 dixisse
1170 1887 1262 1928 aut
1277 1876 1506 1940 sciebat,
1527 1890 1620 1928 aut
1634 1880 1735 1929 sci·

720 1971 779 2004 re
796 1951 1090 2007 videbatur.
1109 1955 1261 2007 Hanc
1280 1970 1423 2009 certe
1442 1955 1548 2009 loci
1568 1961 1736 2011 nostri

719 2033 1125 2106 explicationem
1156 2042 1474 2110 conjecturis
1504 2044 1736 2094 virorum

719 2113 1032 2187 doctorum,
1058 2138 1172 2192 quae
1204 2121 1348 2191 apud
1378 2123 1734 2174 Bur-mannum

723 2209 777 2248 et
826 2198 1118 2251 Gesner-um
1167 2201 1434 2265 visuntur,
1487 2198 1734 2252 omnibns

717 2279 963 2350 praefero.

800 2375 845 2410 1.
887 2357 1081 2413 Aversa
1126 2380 1224 2432 pro
1269 2363 1501 2415 abversis.
1550 2363 1733 2428 Hanc,

725 2453 887 2506 quam
924 2439 981 2489 in
1024 2437 1168 2491 Leid.
1211 2442 1441 2512 primum
1487 2441 1701 2492 invenio
1718 2479 1735 2506 ‚

723 2516 1035 2585 scripturam
1061 2529 1114 2568 et
1136 2519 1304 2590 ipsam
1325 2531 1539 2570 tuentur
1555 2519 1734 2571 Turic.

720 2594 955 2646 Florem.
987 2613 1128 2648 versa
1154 2614 1255 2667 pro
1280 2598 1497 2650 abversis
1519 2596 1735 2662 dantes,

720 2690 885 2723 unam
898 2670 1127 2724 litteram
1141 2675 1471 2740 omittentes,
1488 2693 1647 2747 quam
1661 2694 1739 2728 ra-

724 2753 800 2804 tio
822 2752 1052 2823 supplet.
1070 2752 1241 2821 Quin,
1262 2756 1306 2806 si
1324 2756 1610 2808 Burmanni
1623 2754 1738 2828 (qui

724 2829 845 2883 edd.
872 2830 959 2882 hic
978 2844 1185 2884 tantum
1210 2833 1499 2904 memorat)
1528 2834 1738 2887 silentio

724 2908 883 2975 fides,
912 2910 1055 2964 MSS.
1081 2911 1195 2980 ejus
1219 2913 1472 2982 integram
1501 2911 1631 2965 dant
1657 2932 1741 2966 re-

726 3002 963 3059 ceptam;
999 3002 1188 3061 praeter
1210 2991 1361 3042 Bern.
1397 3010 1460 3044 ex
1495 3010 1603 3064 quo
1641 2994 1739 3046 ad·

727 3067 881 3121 versis
906 3069 1157 3133 affer-tun
1195 3083 1248 3122 et
1279 3072 1353 3123 sic
1391 3069 1600 3141 (aversa
1638 3091 1739 3143 pro

727 3148 985 3219 adversis)
1018 3150 1181 3201 cam.
1209 3152 1365 3202 etiam
1399 3165 1450 3202 et
1479 3150 1598 3203 Ald.
1625 3150 1739 3203 Ad-

730 3245 869 3280 versa
898 3246 996 3297 pro
1032 3229 1256 3281 adversis
1285 3229 1459 3282 Guelf.
1486 3228 1647 3282 Goth.
1681 3248 1739 3298 α,

727 3308 872 3359 Jens.
889 3309 1043 3359 Tarv-
1066 3308 1220 3361 Basa.
1250 3308 1464 3380 (Locat.
1494 3311 1626 3362 Ven.
1646 3329 1741 3381 per

726 3384 970 3457 sphalma
991 3404 1095 3437 om.
1118 3404 1214 3456 pro
1233 3387 1350 3438 adv.
1368 3388 1390 3459 )
1407 3386 1619 3440 Asversa
1640 3406 1739 3458 pro

728 3463 952 3517 abversis
970 3465 1096 3517 Bad.
1113 3484 1235 3518 cum
1256 3464 1355 3517 hac
1377 3478 1505 3518 nota
1523 3489 1534 3516 :
1556 3489 1578 3512 ι
1596 3484 1740 3517 aver-

734 3564 760 3589 «
779 3562 836 3594 sn
856 3563 954 3615 pro
979 3543 1210 3596 adversis
1237 3547 1311 3596 sic
1321 3543 1505 3597 Aldus.
1525 3544 1741 3596 Vallen-

734 3643 757 3668 ι
778 3623 849 3673 sis
869 3635 1046 3674 autem
1066 3641 1164 3693 pro
1189 3621 1419 3674 abversis
1447 3645 1458 3673 :
1488 3620 1633 3695 quod
1656 3643 1740 3676 se-

736 3724 759 3748 «
779 3718 929 3772 quar.
948 3725 969 3747 ιι
986 3699 1145 3753 Vides
1155 3719 1275 3754 eum
1291 3721 1352 3754 ex
1362 3701 1497 3754 Vall.
1510 3702 1739 3756 voluisse

728 3778 855 3833 dare
880 3793 1130 3833 nostram.
1161 3780 1374 3833 Asversa
1393 3799 1491 3852 pro
1515 3780 1741 3835 adversis

726 3856 795 3910 de
820 3857 1158 3931 meisGryph.
1183 3860 1353 3910 Stoer.
1374 3857 1599 3911 Chouet.
1623 3858 1738 3909 Cae-

726 3949 869 3990 teros
891 3937 1011 3989 vide
1031 3957 1117 4011 ap.
1145 3940 1320 3990 Burm.
1344 3951 1396 3989 et
1408 3939 1569 3991 Gesn.
1595 3938 1741 3990 Proe-

722 4017 1061 4088 positionibus
1077 4016 1284 4082 litteroe,
1306 4019 1578 4070 Turicens.
1594 4018 1736 4070 Flor-

724 4093 1026 4165 Adsonam,
1053 4095 1216 4150 Goth.
1244 4114 1293 4148 α.
1324 4096 1501 4169 Ipsam
1518 4095 1740 4170 fsuly'i-

1813 1880 1995 1933 ciendo
2011 1915 2029 1946 ,
2065 1879 2204 1934 Flor.
2233 1878 2410 1934 Guelf.
2436 1900 2560 1934 cum
2582 1880 2742 1934 Goth.
2769 1895 2790 1932 ι
2809 1919 2829 1949 ,

1818 1977 1845 2012 2
1859 2000 1877 2027 ,
1889 1961 2026 2014 vau.
2042 1964 2195 2015 Voss.
2213 1979 2241 2013 2
2255 2000 2273 2028 ‚
2288 1960 2436 2014 Bodl.
2454 1964 2483 2014 J
2488 1979 2645 2014 oann.
2662 1962 2828 2013 Qu».

1816 2053 1870 2091 et
1895 2040 2017 2091 edd.
2040 2053 2162 2093 ante
2188 2039 2311 2092 ΔΜ.
2340 2059 2454 2092 acc.
2479 2039 2636 2092 Basil.
2656 2053 2710 2091 et
2727 2037 2828 2092 ali·

1816 2132 1948 2190 quot
1976 2138 2059 2191 ap.
2093 2120 2267 2170 Burm.
2308 2118 2357 2169 I.
2383 2118 2445 2169 Ρ.
2471 2139 2540 2184 3.,
2564 2118 2831 2190 Kapp—

1814 2201 1987 2264 Hanc,
1999 2217 2066 2270 qu
2074 2217 2156 2249 am
2171 2200 2227 2251 in
2237 2196 2381 2250 Leid.
2387 2199 2615 2269 primum
2627 2198 2832 2249 invenit

1814 2277 2008 2327 Buttm.
2024 2314 2040 2341 ‚
2062 2278 2377 2347 scripturam
2398 2276 2595 2346 (aversa
2619 2293 2717 2347 pro
2739 2277 2832 2327 ab·

1816 2353 1988 2420 versis)
2005 2352 2264 2406 babemus
2286 2372 2502 2427 quoque
2526 2354 2672 2427 apud
2690 2354 2829 2408 Van.

1815 2432 1907 2486 lib.
1933 2436 2040 2485 RR.
2069 2435 2128 2500 8,
2149 2452 2202 2504 9.
2233 2435 2328 2486 En.

1890 2532 1939 2566 a.
1963 2516 2165 2587 Riqore.
2191 2515 2346 2566 Hunc
2364 2516 2420 2566 in
2446 2515 2561 2587 ipsa
2590 2533 2830 2587 pronun-

1815 2594 2058 2644 ciationis
2090 2592 2292 2658 latinae,
2333 2611 2492 2664 quam
2522 2593 2688 2646 hodie
2719 2613 2828 2646 uon

1817 2670 2089 2739 audimus,
2131 2686 2320 2726 natura
2359 2674 2516 2725 situm
2557 2685 2708 2745 puto.
2748 2675 2830 2726 De

1819 2754 2018 2806 caeteris
2041 2752 2226 2821 videl,
2251 2752 2311 2819 5,
2336 2754 2433 2819 3ο,
2453 2754 2541 2806 31.

1891 2833 2153 2886 3-Suaves
2172 2834 2426 2885 habemus.
2452 2834 2631 2886 Turic.
2657 2833 2829 2898 Flor„

1816 2928 1995 2965 suaves
2017 2909 2081 2963 al*
2103 2912 2166 2963 ab
2189 2915 2312 2985 ᾔεις.
2331 2910 2602 2964 Guelferb.
2629 2911 2830 2984 inteqru

1817 3010 1915 3062 pro
1942 2991 1996 3042 in
2021 3009 2250 3063 qravem.
2279 2991 2457 3042 ‘rm-ic.
2483 2990 2656 3056 Flor.,
2679 2988 2829 3043 dulce

1821 3082 1994 3122 tamen
2019 3088 2144 3135 esse,
2177 3088 2297 3121 cum
2321 3069 2459 3121 Alm.

1889 3149 1940 3216 4.
1962 3149 2066 3202 Sed
2088 3150 2200 3199 in...
2227 3147 2368 3200 cadit
2389 3166 2600 3220 semper.
2627 3149 2708 3200 An
2733 3166 2830 3199 ne-

1816 3228 2099 3298 gligentius
2110 3229 2347 3281 locutum
2358 3226 2830 3296 Quintilianumdi-

1819 3307 2036 3358 camus?
2060 3326 2125 3358 an
2147 3326 2247 3360 vox
2269 3306 2552 3359 inserendo
2580 3322 2700 3379 post
2710 3325 2828 3380 qra-

1820 3405 1902 3438 ves
1931 3384 2104 3438 locum
2131 3384 2511 3438 emendemus?

1891 3455 1943 3519 5.
1972 3468 2027 3520 V
2022 3466 2277 3527 olum-int,-
2301 3467 2376 3518 sic
2394 3466 2664 3517 Tur-icens.
2685 3464 2823 3516 Flor.

1819 3545 1984 3600 (ΖΛΜ).
2014 3544 2329 3611 Voluerunt,
2355 3544 2635 3617 reliqui.—
2651 3546 2828 3596 Nostri

1819 3624 2019 3688 codd.,
2047 3622 2343 3675 voluerunt.
2373 3626 2463 3675 En.

1890 3703 1939 3755 6.
1982 3702 2299 3755 potentiora.
2331 3702 2506 3753 Turio.
2531 3701 2670 3754 Flor.
2689 3740 2705 3766 ,
2729 3719 2827 3772 po-

1823 3782 2012 3847 tentia,
2037 3800 2158 3832 cum
2193 3778 2379 3832 Almel.
2416 3780 2571 3850 Quod
2595 3799 2698 3831 non
2727 3798 2826 3842 res,

1819 3862 1993 3913 Turic.
2011 3860 2151 3911 Flor.
2179 3877 2298 3910 cum
2327 3856 2508 3908 Almel.
2531 3857 2634 3927 (an
2652 3859 2829 3908 nobis?

1817 3936 1951 3990 Vide
1982 3936 2026 4008 §.
2064 3936 2178 4000 38).
2219 3938 2332 4006 Quo
2363 3954 2464 4000 res,
2499 3938 2649 3986 Voss.
2691 3951 2744 3998 1,
2771 3934 2827 3986 3.

1817 4016 2067 4077 Necessit,
2101 4014 2236 4064 Flor.
2271 4015 2334 4064 In
2370 4012 2446 4064 Ιιὲς
2481 4031 2623 4085 quw,
2650 4012 2825 4064 Guelf.

1818 4098 1960 4148 Jens.
1986 4094 2110 4165 (tac.
2132 4093 2323 4162 Gesn.)
2346 4104 2399 4143 et
2423 4091 2542 4143 edd.
2569 4093 2693 4165 aliq.
2719 4092 2830 4143 Do-
