3200 5159
761 498 893 577 4ιο
1002 494 1097 558 Μ.
1130 494 1202 557 F.
1233 490 1535 574 QUINT.
1572 491 1888 556 INSTIT.
1924 490 2180 557 ORAT.
2218 491 2378 557 LIB.
2409 494 2534 574 XI,
2575 496 2636 560 3.

759 618 971 718 igitur
1003 617 1232 708 idem,
1266 616 1393 715 qui
1427 615 1704 705 omnia,
1750 614 1994 690 Cicero
2037 640 2499 716 praeceperat,
2539 646 2711 717 ‚quae
2757 647 2877 692 su·-

761 750 923 834 pra¹
974 761 1056 806 ex
1104 736 1451 808 Oratore²
1492 732 1695 833 posui
1733 759 1748 803 :
1799 732 2055 831 quibus
2101 732 2360 807 similia
2406 735 2479 806 in
2529 738 2741 807 Bruto
2789 737 2876 808 de

684 878 689 883 ·
760 852 899 921 M...
920 848 1285 921 Antonio³
1336 848 1524 921 dicit.
1586 846 1721 920 Sed
1766 848 1918 949 jam
1961 869 2237 949 recepta
2282 870 2384 922 est
2427 851 2606 923 actio
2664 851 2876 951 paulo

758 962 1114 1063 agitatior,
1154 984 1223 1035 et
1252 961 1554 1062 exigitur
1572 1018 1591 1052 ,
1620 985 1688 1034 et
1715 961 2146 1061 quibusdam
2175 964 2490 1064 partibus
2519 966 2873 1054 convenit;

760 1078 860 1154 ita
900 1099 1139 1154 tamen
1184 1078 1645 1177 temperanda
1672 1135 1693 1170 ,
1741 1104 1832 1150 ne
1861 1134 1880 1169 ,
1935 1077 2158 1150 duml}
2214 1079 2464 1153 actoris
2510 1101 2877 1179 captamus

759 1192 1209 1291 elegantiam,
1238 1193 1618 1292 perdamus
1639 1192 1766 1264 viri
1787 1190 1812 1235 ⁵
1836 1190 2009 1264 boni
2033 1213 2100 1265 et
2118 1195 2339 1293 gravis
2359 1196 2872 1269 auctoritatem.

761 1343 990 1405 Nostro,
1016 1338 1117 1392 sed
1147 1351 1202 1391 et
1223 1339 1469 1393 Ciceroni
1501 1337 1569 1393 acl
1589 1344 1699 1395 Att.
1727 1341 1783 1406 1,

766 1420 858 1486 13,
886 1417 1219 1470 obtrudenda
1244 1439 1378 1473 voce
1400 1419 1641 1473 inaudita
1658 1459 1676 1487 ‚
1700 1440 1785 1472 re-

758 1501 931 1552 victus
958 1500 1100 1551 idem
1134 1498 1201 1552 ab
1223 1500 1273 1550 J.
1300 1500 1385 1552 Fr.
1411 1501 1683 1553 Gronovio
1714 1499 1782 1551 ad

760 1580 885 1632 sen.
907 1581 1029 1632 Nat.
1046 1582 1245 1650 Quaest.
1262 1582 1306 1644 1,
1330 1580 1394 1651 ι).
1416 1582 1488 1633 Η.
1508 1582 1776 1647 vitiosam,

1865 1338 2028 1391 Goth.
2050 1342 2198 1393 Jens.
2228 1341 2353 1411 (tac.
2377 1342 2563 1412 Gesn.)
2596 1360 2720 1394 cum
2752 1340 2876 1393 edd.

1866 1431 1989 1471 ante
2018 1420 2185 1473 Stoer.
2224 1440 2336 1473 exc.
2361 1421 2765 1475 Tarv.·Plenum
2792 1440 2880 1473 re-

1865 1495 1995 1569 liqui
2019 1518 2352 1569 praenomen,
2380 1502 2426 1551 si
2450 1499 2581 1551 fides
2605 1501 2661 1551 in
2686 1496 2880 1550 talibus

1860 1577 2252 1629 conferentium
2266 1578 2566 1649 diligentiae.
2578 1580 2684 1631 Sed
2693 1578 2877 1643 etiam,

762 1659 938 1712 Guelf.
970 1661 1042 1712 H.
1068 1662 1394 1728 invitiosam,
1414 1661 1576 1714 Goth.
1600 1662 1672 1714 Η.
1697 1663 1778 1713 in·
1858 1658 2036 1712 Turio.
2066 1657 2211 1710 Plor.
2238 1659 2416 1714 Guelf.
2452 1658 2613 1712 Goth.
2646 1659 2879 1730 (tacente

749 1741 1188 1810 jocosam‚Voss.
1209 1757 1256 1804 1,
1276 1738 1327 1790 3.
1345 1739 1418 1790 Η.
1442 1739 1499 1791 ἔτι
1519 1738 1776 1804 ociosum,
1859 1733 2045 1807 Gesn.)
2072 1737 2235 1789 Cane.
2263 1757 2386 1789 cum
2407 1738 2542 1791 Alm.
2569 1739 2659 1809 qui
2680 1750 2881 1809 recepta

762 1819 927 1869 Came.
952 1818 1025 1868 H.
1048 1833 1341 1883 mucosum,
1357 1820 1511 1871 Tau-v.
1531 1837 1654 1869 cum
1673 1819 1780 1868 An·
1855 1825 1913 1866 et
1934 1834 2036 1886 pro
2077 1836 2119 1868 r.
2151 1826 2228 1868 est
2253 1816 2381 1870 dare
2417 1831 2676 1871 narratur.
2705 1816 2881 1869 Paulo

763 1896 979 1949 dream.
1001 1896 1252 1963 Actione,
1269 1898 1435 1949 an.
1453 1926 1517 1937 —
1531 1897 1668 1950 Van.
1687 1897 1778 1950 lib.

761 1977 871 2029 RB.
912 1978 944 2031 8
960 2013 976 2041 ,
1015 1993 1050 2044 9
1068 2014 1085 2041 ,
1126 1976 1263 2029 hanc
1296 1977 1596 2029 inott'osam.
1632 1977 1778 2028 Avie.

752 2054 1125 2121 -P0u1.·RR.3‚
1147 2055 1209 2120 5,
1232 2074 1251 2108 ι
1269 2074 1314 2123 ι,
1340 2056 1479 2107 hanc
1500 2061 1780 2108 mucosum.

762 2137 825 2187 R.
846 2152 901 2206 7,
914 2135 1055 2188 hanc
1068 2153 1347 2189 memsam.
1364 2138 1430 2188 R.
1451 2152 1541 2200 10,
1560 2135 1788 2208 hancjo·

765 2233 957 2268 cosam.
984 2217 1081 2267 En.
1100 2245 1176 2255 ——
1196 2214 1485 2267 Inotiosam
1504 2215 1783 2266 actionem.

768 2296 883 2346 Nec
903 2294 1145 2360 latinum,
1162 2293 1221 2345 ,id
1236 2292 1384 2366 quod
1403 2311 1531 2345 sane
1552 2311 1664 2344 non
1684 2295 1786 2343 mi-

766 2390 888 2424 rum
900 2410 918 2436 ,
948 2391 1049 2424 nec
1062 2391 1293 2442 gm’cum
1308 2370 1435 2423 huic
1454 2370 1785 2441 respondens

766 2450 1094 2502 vocabulum
1113 2449 1478 2501 demonstrare
1496 2448 1673 2501 adhue
1693 2448 1790 2501 ha-

766 2529 1000 2581 buerunt
1013 2533 1125 2580 VV.
1143 2529 1258 2580 DD.
1285 2531 1385 2581 nisi
1415 2528 1559 2601 quod
1586 2530 1790 2600 aptissi-

767 2628 855 2661 me
878 2608 1146 2661 Gesner-us
1177 2610 1386 2660 confert
1417 2610 1635 2660 Lucian.
1664 2608 1787 2660 Phi-

768 2688 962 2759 lopatr.
985 2706 1032 2738 c.
1058 2685 1151 2753 25,
1175 2706 1230 2758 p.
1253 2686 1359 2752 614
1377 2709 1389 2737 :
1410 2683 1492 2738 miv
1515 2683 1792 2752 πολυάσχο-

768 2781 843 2818 λον
884 2763 1250 2830 pentoma-ruit,
1304 2764 1362 2816 id
1406 2779 1515 2831 est,
1560 2766 1791 2818 astrolo-

752 2847 926 2917 giam.
940 2847 1053 2896 Nec
1068 2847 1228 2917 igitur
1245 2844 1488 2897 dubitare
1504 2844 1646 2911 licet,
1661 2848 1790 2917 quin

764 2923 974 2990 ἄσχολοι
985 2921 1220 2994 &iniquom
1230 2923 1455 2977 dixerint
1462 2925 1620 2995 graeci
1628 2924 1785 2978 rhett.

772 3006 870 3056 etsi
889 3003 1131 3055 nondum
1150 3003 1307 3056 nobis
1324 3003 1537 3075 quidem
1552 3005 1791 3058 animad-

768 3085 924 3136 versi.
938 3081 1083 3135 Talis
1097 3085 1470 3155 pronunciatio
1481 3085 1644 3137 fuerit
1657 3099 1790 3139 sata·

768 3165 1039 3237 ymerium,
1070 3183 1180 3216 non
1202 3164 1637 3237 aqentium.Vide
1667 3169 1783 3221 126.

852 3260 897 3295 1.
919 3244 1048 3312 Quoe
1069 3262 1242 3313 supra.
1261 3245 1463 3311 Τηνία,
1486 3262 1594 3316 qua
1613 3263 1783 3318 supra.

848 3339 896 3373 2.
931 3322 1101 3394 Supra
1129 3339 1192 3373 ex
1221 3323 1450 3375 Oratore.
1482 3345 1505 3367 u
1526 3326 1787 3394 Respicit,

780 3424 805 3448 a.
825 3413 989 3472 puto,
1014 3398 1183 3470 §.122
1197 3438 1215 3466 ,
1242 3401 1297 3451 in
1317 3402 1478 3452 Bruto
1499 3398 1568 3452 de
1582 3402 1656 3452 M.
1677 3402 1791 3453 An-

782 3503 805 3526 ·
826 3482 1010 3546 tnnio,
1043 3497 1163 3552 cap.
1195 3481 1264 3534 38
1288 3501 1300 3530 z
1336 3480 1518 3534 Gestus
1543 3491 1657 3532 emt
1681 3500 1790 3533 non

782 3582 807 3605 α
827 3560 983 3610 verba
1003 3559 1320 3630 exprimens,
1345 3558 1432 3611 sed
1448 3578 1568 3611 cum
1592 3571 1792 3612 senten·

784 3663 807 3686 ι
828 3638 913 3690 tiis
938 3656 1228 3711 conyruens
1247 3660 1263 3689 .-
1295 3657 1513 3705 manus‚
1553 3639 1760 3693 humeri
1773 3678 1791 3707 ‚

782 3740 806 3764 a
828 3717 994 3770 latera
1009 3757 1028 3784 ,
1075 3715 1341 3791 supplosio
1381 3718 1556 3790 pedis,
1600 3731 1790 3787 status,

783 3818 807 3844 ι
829 3797 1047 3849 incessas
1060 3836 1078 3863 ,
1118 3797 1392 3869 omnisque
1425 3809 1598 3852 motus
1612 3837 1630 3864 ,
1673 3818 1790 3852 cum

784 3896 807 3921 ι
828 3875 993 3928 verbis
1012 3874 1381 3948 sententiisque
1406 3878 1743 3929 consentiens.
1765 3901 1787 3925 a

779 3953 1062 4006 Gesnerus.

851 4031 901 4082 3.
928 4034 1010 4083 Μ.
1031 4031 1298 4093 Antonio;
1327 4034 1402 4086 sic
1421 4031 1597 4085 Guelf.
1624 4033 1785 4086 Cum

1863 1894 2025 1944 etiam
2074 1895 2340 1967 aqitatior,
2387 1895 2517 1949 Obr.
2566 1896 2670 1948 Sed
2714 1893 2881 1966 paulo

1862 1976 2040 2044 ipsum
2064 1976 2260 2026 omittit
2284 1976 2462 2028 Guelf.
2487 1977 2562 2027 Et
2581 1977 2878 2052 exiqert'tur,

1863 2054 2040 2104 Tui-ic.
2065 2051 2204 2104 Flor.
2227 2055 2302 2105 Et
2317 2054 2603 2128 exiquitur,
2629 2056 2807 2108 Ambr.
2832 2073 2882 2107 2.

1865 2133 2048 2183 Etiam
2072 2152 2148 2198 e.‚
2186 2134 2332 2186 Jens.
2363 2136 2518 2187 Tarv.
2555 2138 2630 2189 Et
2647 2139 2770 2208 jam
2801 2154 2879 2200 α,

1866 2210 2051 2262 Locat.
2074 2230 2195 2262 cum
2218 2211 2338 2264 edd.
2361 2227 2588 2283 posterr.
2609 2228 2736 2268 ante
2752 2214 2880 2266 Bad.

1866 2308 1978 2341 acc.
1995 2290 2149 2342 Basil.
2164 2291 2352 2344 Etiam,
2365 2305 2418 2344 et
2435 2313 2479 2343 e.
2492 2331 2510 2358 ‚
2529 2293 2655 2345 Bad.
2677 2293 2882 2367 Gryph.

1867 2368 2013 2435 Quid
2057 2371 2114 2421 in
2153 2370 2319 2422 verbo
2366 2372 2680 2444 productius
2722 2374 2886 2426 lateat

1869 2466 1934 2500 eo
1954 2485 1974 2513 ,
2031 2448 2179 2520 quod
2217 2449 2380 2520 vulgo
2440 2451 2666 2522 legimus
2695 2491 2712 2520 ,
2770 2471 2888 2505 non

1868 2540 2095 2599 exput03
2146 2527 2242 2580 sed
2286 2542 2367 2581 est
2410 2529 2740 2583 salebras-um
2790 2530 2886 2583 ali-

1870 2619 2129 2677 quantum
2167 2608 2226 2658 in
2260 2609 2375 2662 istis
2405 2619 2459 2659 et
2478 2609 2726 2683 exigitur,
2754 2620 2823 2661 et.
2841 2649 2855 2663 .
2872 2651 2884 2662 .

1868 2686 2128 2737 convenit.
2146 2687 2474 2742 Jensoniana
2495 2689 2709 2759 quidem
2723 2691 2891 2761 scrip·

1869 2775 1990 2816 tura
2017 2765 2179 2836 paulo
2203 2769 2411 2832 tersior,
2439 2788 2548 2840 proe
2577 2788 2683 2840 qua
2707 2783 2890 2822 tamen

1870 2842 2052 2895 malim
2074 2864 2088 2893 ι
2113 2862 2230 2916 quoe
2251 2858 2302 2898 et
2322 2848 2552 2919 exiqt'tur
2571 2860 2677 2901 et...
2702 2867 2890 2902 conve-

1869 2925 1969 2976 nit.
1995 2926 2104 2993 Qui
2134 2928 2353 3002 exigant
2373 2942 2498 2980 sunt
2526 2942 2578 2980 et
2596 2927 2810 2999 jndices
2834 2943 2888 2981 et

1870 3003 2150 3057 auditoria.
2179 3035 2252 3044 —-
2282 3008 2468 3059 Nostri
2502 3007 2670 3078 paulo
2706 3007 2886 3082 aqita-

1870 3084 1997 3148 τίον,
2036 3085 2138 3136 nisi
2172 3085 2319 3155 quod
2353 3087 2461 3138 RR.
2501 3101 2592 3152 ιο,
2634 3103 2688 3138 ιι
2720 3084 2886 3158 paulo

1868 3164 2139 3215 omittunt.
2160 3165 2308 3217 Avic.
2332 3163 2484 3216 Poul.
2515 3167 2623 3217 RB.
2650 3166 2716 3231 3,
2744 3165 2807 3231 5,
2836 3175 2889 3216 et

1867 3247 2112 3318 exigitur.
2146 3247 2206 3297 R.
2239 3263 2329 3312 10,
2361 3245 2523 3299 etiam
2547 3265 2594 3297 e.
2618 3246 2757 3299 Van.
2787 3246 2879 3299 lib.

1868 3326 1977 3377 BR.
2019 3327 2084 3390 8,
2121 3345 2188 3394 9,
2225 3329 2382 3378 etiam
2415 3336 2467 3377 et
2496 3345 2540 3378 e.
2566 3328 2674 3378 RR.
2703 3344 2764 3396 7,
2794 3343 2883 3392 ιι,

1870 3406 2016 3457 enim
2043 3423 2088 3457 e.
2119 3407 2212 3458 En.

1941 3485 1996 3552 4.
2012 3486 2124 3551 Ne,
2144 3485 2272 3536 dum
2291 3486 2493 3539 actoris.
2508 3488 2687 3538 Tui-ic.
2709 3486 2851 3540 Flor.
2866 3526 2885 3552 ‚

1873 3564 2093 3615 necdum
2116 3562 2285 3615 actori
2308 3564 2376 3616 ris
2397 3584 2442 3616 c.
2468 3568 2655 3617 actoris
2676 3565 2884 3639 elegan-

1873 3642 2000 3694 tiam
2016 3681 2033 3708 ,
2060 3661 2266 3695 summa
2286 3644 2399 3693 vitii
2422 3646 2648 3716 paritate
2661 3683 2679 3711 ,
2701 3664 2886 3715 quam-

1873 3740 2035 3792 quam
2053 3724 2109 3773 iu
2127 3723 2303 3774 Turio.
2317 3725 2486 3775 actori
2509 3726 2562 3775 iu
2582 3723 2689 3776 fine
2703 3743 2886 3778 versus

1873 3814 1927 3852 et
1959 3800 2088 3852 inde
2113 3813 2271 3852 natus
2302 3820 2467 3853 error.

1943 3879 1998 3932 5.
2029 3880 2146 3933 Viri
2171 3879 2354 3933 boni...
2378 3883 2758 3934 auctoritatem.
2785 3885 2889 3935 La-

1876 3973 1989 4012 tens
2015 3972 2068 4010 et
2087 3973 2269 4028 gratus
2296 3960 2366 4013 ad
2390 3979 2453 4012 ea
2485 3979 2602 4031 quae
2627 3965 2890 4015 continuo

1871 4038 2150 4091 tractanda
2173 4054 2298 4091 sunt
2322 4041 2588 4094 transitus.
