3200 5159
681 482 1337 551 INSTITUTIONIS
1374 481 1634 548 ORAT.
1674 482 1837 548 LIB.
1874 484 2003 565 XI,
2048 486 2107 553 3.
2327 487 2454 554 313

342 632 663 681 sensum:
710 607 950 705 itaque
993 607 1185 680 illam
1225 606 1745 681 distinctionem
1770 665 1790 698 ,
1827 607 2057 682 littora
2080 666 2105 698 ,
2147 610 2458 709 protinus
2493 629 2562 683 38

345 723 559 797 altero
584 724 861 824 spiritus
882 725 1083 799 initio
1114 726 1470 822 insequar:
1495 752 1720 823 quum
1748 725 1916 797 illuc
1940 754 2225 817 venero,
2252 746 2459 828 atque

343 838 503 912 altoe
517 845 767 912 moenia
781 843 1044 928 Romae,
1065 839 1414 940 deponam
1435 896 1454 926 ‚
1480 861 1546 913 et
1566 840 1914 929 morabor,
1935 861 2003 912 et
2016 868 2277 915 novum
2302 868 2459 914 rur-

343 981 459 1027 sus
479 956 842 1028 exordium
863 955 1138 1028 faciam.
1158 958 1336 1029 Sunt
1351 955 1732 1053 aliquando
1753 977 1820 1028 et
1833 956 1981 1029 sine
2013 957 2458 1057 respiratione
2496 975 2567 1044 39

349 1070 669 1168 quaedam
713 1097 923 1144 morae
966 1071 1180 1143 etiam
1213 1071 1289 1141 in
1320 1069 1623 1169 periodis
1646 1086 1697 1161 ¹,
1731 1091 1809 1143 ut
1849 1072 1922 1143 in
1960 1070 2116 1157 illa,
2155 1073 2242 1143 In
2281 1087 2459 1143 coetu

345 1212 510 1258 vero
538 1185 783 1286 populi
816 1192 1118 1273 romani,
1161 1191 1509 1285 neqotium
1532 1184 1895 1285 publicum
1920 1211 2188 1285 yerem,
2224 1191 2461 1284 maqis-

351 1318 454 1375 ter
495 1286 837 1403 equitum,
886 1325 1013 1376 etc.
1049 1304 1323 1376 Multa²
1360 1303 1684 1375 membra
1714 1302 1959 1392 habet3
1995 1328 2234 1374 sensus
2267 1302 2458 1391 enim

348 1440 514 1492 sunt
546 1418 661 1491 alii
695 1440 904 1517 atque
938 1420 1093 1509 alii;
1125 1440 1197 1492 et
1224 1420 1401 1492 sicut
1419 1418 1447 1464 3
1479 1446 1624 1491 una
1647 1417 2151 1491 circumductio
2175 1437 2273 1489 est
2285 1413 2340 1507 4,
2370 1416 2463 1489 ita

348 1533 647 1635 paulum
696 1537 1122 1608 morandum
1168 1536 1243 1607 in
1291 1536 1401 1608 his
1444 1534 1858 1625 intervalli3‚
1898 1561 2041 1606 non
2081 1534 2464 1605 interrum-

312 1708 323 1721 .
347 1651 627 1752 pendus
653 1673 752 1727 est
779 1674 1175 1726 contextus:
1208 1653 1327 1726 sed
1354 1680 1392 1725 e
1417 1651 1803 1725 contrario⁵
1828 1651 2146 1752 spiritum
2176 1649 2462 1722 interim

350 1766 653 1866 recipere
678 1768 826 1839 sine
848 1767 1198 1841 intellectu
1221 1794 1432 1840 morae
1458 1794 1734 1840 necesse
1755 1786 1893 1856 est3
1924 1793 2066 1864 quo
2088 1764 2240 1836 loco
2265 1763 2466 1863 quasi

347 1882 826 1983 surripiendus
856 1904 986 1975 est3
1022 1885 1288 1984 alioqui
1327 1884 1382 1957 si
1415 1883 1663 1957 inscite
1697 1883 2105 1981 recipiatur,
2141 1908 2284 1954 non
2319 1879 2461 1953 mi-

430 2080 450 2114 1
461 2102 473 2114 .
490 2065 558 2116 In
570 2064 812 2136 periodis.
823 2066 1098 2118 Tul-icens.
1112 2103 1130 2131 ‚
1145 2066 1363 2138 inperio.
1447 2066 1759 2117 stitnentem
1772 2065 1847 2117 sic
1865 2085 1878 2116 τ
1902 2077 1991 2117 -nt
2002 2062 2142 2117 enim
2153 2062 2239 2114 illa
2250 2063 2318 2114 In
2332 2046 2467 2114 coetu

348 2141 492 2194 Plor.
506 2181 522 2209 ‚
534 2144 589 2195 in
601 2142 805 2216 peribo.
826 2143 1217 2216 compendium
1233 2143 1368 2196 illud

352 2223 529 2276 Guelf.
564 2235 618 2275 et
641 2223 801 2275 Goth.
832 2226 977 2277 Jens.
1009 2227 1143 2291 (tac.
1175 2223 1368 2296 Gesn.)

356 2315 564 2354 mutant
611 2319 857 2373 expresso
899 2304 1018 2375 ipso
1063 2312 1116 2354 et
1154 2314 1366 2369 coeterae,

356 2399 479 2433 cum
494 2378 617 2433 edd.
633 2392 759 2433 ante
770 2379 983 2454 θνητὴ.
1006 2380 1171 2452 (Vide
1184 2384 1230 2433 V
1243 2418 1260 2448 ,
1288 2398 1307 2433 1
1325 2397 1369 2447 1,

366 2477 448 2514 12.

430 2459 484 2592 Β
505 2535 683 2591 Multa
706 2539 935 2592 membra
955 2538 1124 2591 habet.
1153 2539 1270 2590 Hoc
1289 2558 1373 2590 or-

354 2619 479 2673 dine
508 2622 612 2672 mei
637 2633 825 2692 praeter
844 2619 1007 2673 Goth.
1034 2621 1178 2672 Jens.
1219 2618 1369 2672 editt.

354 2712 582 2771 postet-r.
619 2712 740 2751 ante
779 2699 927 2751 Loid.
970 2700 1130 2753 Gesn.
1164 2699 1276 2770 Bip.
1303 2701 1371 2751 Hi

354 2780 496 2832 onim
520 2777 691 2829 multa
714 2777 765 2829 Ιι.
806 2796 877 2830 m.
923 2778 984 2830 ld
1016 2778 1118 2831 soli
1157 2782 1373 2850 conjec-

351 2871 485 2909 tnrae
513 2855 639 2908 dedi
660 2857 1022 2923 Gesner-ianae,
1061 2855 1210 2929 quod
1247 2874 1368 2921 cum

354 2936 477 3007 ipso
507 2948 561 2987 et
579 2935 693 3006 Bip.
706 2935 904 3005 -scripsi
935 2934 1090 2986 habet
1118 2934 1373 3005 singulari

356 3032 610 3079 numero,
631 3014 828 3065 caeteris
844 3014 1092 3066 omnibus
1115 3014 1373 3085 pluralem

359 3090 780 3146 ostendentibus.
836 3123 910 3132 —-
955 3092 1136 3144 Nostri
1189 3110 1373 3145 omnes

360 3169 566 3235 codd„
593 3167 763 3221 multa
786 3170 1015 3221 membra
1041 3168 1249 3220 habent.
1278 3170 1372 3220 En.

435 3249 485 3301 3.
524 3248 597 3299 Et
635 3248 821 3301 sicut...
869 3246 1241 3299 circumductio
1287 3259 1373 3299 est.

358 3329 538 3382 'rm-ie.
557 3367 573 3392 .,
615 3345 837 3381 suunam
862 3327 1373 3379 circumductionem.

357 3407 503 3460 Flor.
521 3409 717 3472 Caum,
744 3407 838 3459 sub
865 3424 1027 3457 unam
1052 3405 1379 3458 circumduc-

356 3488 587 3553 tionem,
617 3504 739 3537 cum
771 3485 907 3537 Alm.
937 3486 1093 3536 Voss.
1123 3501 1182 3550 2,
1210 3483 1372 3537 Goth.

357 3566 496 3636 (nisi
535 3565 683 3638 quod
706 3565 793 3617 hic
818 3563 966 3617 addit
997 3563 1065 3616 ab
1092 3566 1242 3618 initio
1274 3563 1377 3616 ali-

357 3645 571 3717 quando
590 3644 629 3714 ).
678 3646 752 3696 Et
774 3662 936 3696 unam
974 3641 1376 3696 circumductio-

356 3742 514 3792 nem,
550 3724 730 3776 Ambr.
765 3743 824 3790 α,
856 3721 985 3778 Obr.
1034 3722 1184 3774 Sicut
1213 3740 1376 3774 unam

356 3805 892 3869 circumductionem,
942 3807 1095 3857 Voss.
1132 3802 1182 3854 3.
1231 3804 1380 3857 Sicut

357 3904 472 3936 una
495 3904 540 3936 c.
570 3904 645 3950 e.,
671 3887 826 3936 Voss.
863 3899 908 3934 1.
946 3880 1080 3933 Mihi
1096 3880 1298 3952 liquet,
1320 3885 1378 3935 in

356 3963 719 4015 vetustissimo
771 3978 988 4032 quoqne
1032 3977 1147 4011 esse
1187 3959 1276 4010 sub
1321 3978 1372 4010 u.

358 4039 878 4092 circumductionem.
928 4038 1000 4089 Ut
1046 4049 1229 4091 autem.
1265 4049 1376 4087 tota

354 4118 473 4173 haec
509 4118 631 4187 ῥῖσις
673 4120 727 4171 in
762 4117 977 4187 vulgata
1022 4114 1258 4181 laborat,
1302 4117 1377 4167 ita

358 4200 490 4260 Obr.
516 4200 736 4253 maxime
769 4194 1100 4271 sequendum
1129 4213 1248 4249 reor
1293 4213 1377 4246 re-

1452 2168 1477 2192 ·
1497 2163 1673 2198 vero..
1693 2144 1995 2211 etc.‚multa
2011 2143 2246 2196 membra
2261 2141 2467 2195 habent

1455 2246 1477 2270 ι
1499 2223 1719 2294 (senous
1743 2226 1885 2276 enim
1908 2235 2031 2276 sunt
2055 2221 2144 2274 alii
2186 2235 2346 2292 atque
2376 2220 2465 2273 alii

1456 2321 1479 2346 α
1502 2299 1603 2353 sub
1623 2319 1786 2353 unam
1805 2299 2374 2370 circumductionem);
2393 2300 2466 2351 ita

1456 2401 1481 2425 ι
1500 2378 1780 2451 paulum...
1825 2391 2125 2431 contextus.
2147 2401 2170 2425 ιι
2219 2379 2466 2431 Gemina·

1450 2454 1567 2508 tum
1589 2455 1900 2510 brevissimo
1933 2454 2209 2509 intervallo
2233 2456 2373 2507 enim
2395 2458 2469 2510 ni·

1449 2533 1526 2588 hil
1568 2553 1841 2587 moramur
1858 2573 1877 2601 ,
1912 2533 2034 2586 vide
2076 2535 2174 2601 vl,
2199 2534 2233 2588 5
2250 2571 2268 2600 ,
2315 2535 2377 2601 4;
2416 2548 2471 2588 et

1454 2613 1617 2665 modo
1644 2613 1691 2685 ξ.
1718 2616 1817 2681 3ο,
1842 2615 1929 2666 31.
1968 2614 2076 2666 Sub
2096 2633 2219 2666 cum
2245 2634 2468 2669 accusa-

1449 2695 1558 2745 tivo
1584 2706 1845 2746 structum
1875 2693 1994 2746 vide
2024 2692 2170 2765 apud
2196 2693 2464 2747 Drakenb.

1452 2770 1522 2823 ad
1545 2774 1655 2824 Liv.
1685 2773 1763 2838 11,
1790 2770 1885 2837 55,
1917 2789 1962 2823 ι.
1988 2772 2365 2827 Circumductio
2389 2786 2470 2824 est

1449 2851 1728 2923 periodus,
1768 2848 1889 2904 vide
1917 2851 2019 2918 IX,
2051 2851 2114 2919 4,
2147 2852 2260 2905 118.
2292 2850 2468 2905 Paulo

1453 2949 1556 3062 Ξὲἱί
1575 2930 2117 3062 Ρῗξιῖῗῗῗὲἑῗὲ·
2143 2929 2328 3064 θἫ
2347 2951 2468 3062 ⁰¹¹1?
2525 2995 2532 3002 ·

1561 3051 1571 3061 .
1813 3050 1824 3062 .
1883 3030 1917 3062 n
2104 3049 2115 3063 .
2139 3042 2212 3053 —
2272 3031 2304 3065 o
2327 3031 2389 3064 us
2453 3053 2465 3066 .

1455 3106 1486 3159 7
1500 3099 1552 3141 et
1563 3030 1694 3141 sieut
1711 3108 1819 3140 una
1832 3089 2205 3143 circumductio
2219 3102 2307 3143 est.
2320 3093 2466 3144 Avic.

1455 3166 1606 3219 Poul.
1631 3168 1741 3220 BR.
1768 3168 1831 3235 3,
1865 3168 1926 3234 5,
1965 3185 2018 3220 11
2038 3206 2056 3235 ‚
2100 3180 2152 3220 et
2181 3189 2342 3221 urtam
2363 3172 2470 3223 cir*-

1456 3245 1909 3308 cumductionem;
1938 3248 2014 3299 sic
2040 3264 2255 3318 quoque
2281 3250 2343 3300 R.
2379 3264 2471 3315 ιο,

1455 3324 1559 3376 nini
1583 3322 1730 3396 quod
1753 3322 2144 3377 etetiam.Vall.
2162 3322 2254 3376 lib.
2280 3326 2386 3377 RR.
2405 3329 2437 3382 8
2452 3362 2470 3390 ‚

1456 3420 1519 3473 9,
1541 3403 1635 3456 sub
1655 3422 1819 3455 unam
1844 3402 2354 3459 circumductionem.
2374 3405 2469 3458 Eo.

1526 3482 1579 3550 4.
1605 3483 1807 3535 Sicut...
1832 3482 2206 3535 circumductio
2224 3495 2312 3537 est.
2336 3483 2471 3537 vide

1454 3575 1639 3614 notam
1653 3563 1996 3633 superiorem.
2014 3564 2188 3615 Locus
2199 3564 2468 3617 Ciceronis

1457 3654 1535 3693 est
1572 3639 1801 3712 Philipp.
1825 3642 1904 3708 ll,
1945 3641 2029 3695 25.
2066 3642 2468 3715 Surripiendum

1457 3720 1700 3791 spiritum
1739 3718 1858 3772 vido
1894 3717 1961 3771 ad
2000 3719 2092 3773 lib.
2127 3720 2218 3786 lv,
2255 3739 2374 3793 cap.
2413 3739 2432 3773 1
2452 3759 2468 3788 ‚

1494 3838 1506 3850 .
1536 3799 1621 3868 78.

1457 3796 1487 3870 ς
1529 3877 1578 3931 5.
1596 3876 1701 3929 Sed
1713 3878 2011 3930 econtrario
2024 3899 2044 3939 ,-
2059 3878 2134 3930 sic
2150 3876 2289 3930 Flor.
2301 3877 2470 3928 Cnn».

1457 3974 1579 4009 cum
1597 3955 1736 4008 Alm.
1755 3954 1862 4009 Sed
1873 3965 1947 4008 est
1960 3956 2267 4024 contrarios,
2291 3956 2469 4010 Turio.

1455 4033 1554 4086 nie
1584 4036 1709 4087 item
1731 4034 1940 4105 spiritus
1966 4052 2094 4086 cnm
2118 4034 2261 4086 Flor.
2303 4035 2466 4088 Cam».

1456 4113 1624 4166 Modo
1647 4113 1884 4167 Florent.
1901 4149 1920 4179 ,
1947 4115 2230 4177 conteniu
2272 4126 2324 4168 et
2347 4133 2472 4173 mox

1455 4194 1631 4248 Guelf.
1647 4233 1665 4262 ‚
1681 4193 2084 4265 surripiendum.
