3200 5159
794 531 828 571 2
1599 514 2070 581 EDITORIS

786 679 883 727 tas
905 655 1510 727 animadversiones
1537 670 1614 718 ut
1638 654 1978 720 inchoatas
2004 671 2070 719 et
2099 656 2519 746 imperfectas
2546 680 2885 732 notaverat

784 775 1199 864 Spaldingius
1220 773 1391 861 ipse,
1419 792 1554 835 non
1578 791 1790 858 pauca
1811 768 2104 859 denique
2127 787 2379 840 textum
2404 794 2472 842 et
2495 796 2683 844 notas
2708 804 2884 845 com·

782 893 1042 981 paranti
1062 887 1498 956 occurrebant
1521 883 1879 975 ejusmodi,
1903 909 2053 976 quae
2077 889 2321 956 iterum
2343 892 2638 961 scribens
2664 919 2883 961 emen·

786 1011 1003 1077 dasset
1028 1007 1131 1070 vir
1157 1004 1460 1071 omnium
1486 1024 1729 1091 prope,
1757 1025 1927 1092 quos
1956 1004 2307 1073 Germania
2333 1011 2482 1074 tulit
2499 1062 2516 1092 ‚
2542 1016 2888 1079 accuratis-

783 1126 1008 1190 simus.
1038 1113 1198 1185 Haec
1226 1119 1425 1205 igitur
1455 1115 1905 1195 describendi,
1930 1117 2321 1208 perficiendi
2350 1124 2883 1217 emendandique

784 1260 1058 1329 operam
1092 1237 1533 1299 Buttmannus
1570 1231 1895 1318 suscepit,
1935 1247 2004 1294 et
2041 1254 2245 1323 opus,
2272 1237 2453 1326 quod
2493 1240 2664 1306 intra
2699 1264 2888 1310 men-

783 1356 955 1421 sium
977 1351 1231 1442 aliquot
1253 1349 1542 1436 spatium
1571 1361 1919 1411 exsecutus
1943 1364 2120 1414 esset
2137 1400 2153 1427 ,
2187 1350 2239 1415 si
2262 1374 2297 1415 a
2329 1356 2614 1444 propriis
2639 1356 2881 1421 labori·

780 1469 907 1534 bns
945 1482 1141 1533 antea
1181 1460 1521 1528 destinatis
1564 1459 1714 1548 plus
1757 1460 1873 1526 otii
1920 1464 2357 1549 superfuisset
2374 1516 2390 1543 ,
2442 1469 2606 1535 inito
2649 1470 2886 1561 quinto

782 1601 935 1676 post
956 1578 1321 1671 Spaldingii
1347 1576 1607 1642 obitum
1631 1598 1839 1657 anno,
1866 1579 2143 1665 peregit.

872 1705 1023 1767 Non
1043 1699 1334 1764 alienum
1359 1692 1630 1759 videtur
1652 1693 1762 1759 hic
1781 1694 2144 1782 praedicere
2163 1697 2328 1762 nihil
2352 1702 2509 1766 novi
2531 1718 2885 1791 apparatus

781 1818 866 1886 ad
900 1818 1242 1906 scripturae
1263 1812 1615 1877 varietates
1651 1811 2046 1899 pertinentis
2080 1811 2238 1878 inde
2260 1838 2299 1879 a
2329 1819 2504 1881 tertii
2531 1818 2888 1916 voluminis

785 1935 1077 2000 editione
1088 1928 1470 2019 Spaldingio
1487 1928 1841 1991 accessisse
1854 1977 1870 2006 ,
1894 1945 2135 2015 praeter
2149 1929 2283 1995 duo
2301 1931 2510 1997 Codd.
2525 1983 2542 2011 ,
2561 1948 2697 1999 no'n
2714 1935 2883 2000 adeo

782 2047 1003 2137 magni
1025 2043 1298 2135 quidem
1321 2041 1547 2131 pretii,
1571 2063 1746 2132 quos·
1761 2059 1982 2108 tamen
2002 2061 2265 2134 paratos
2289 2049 2625 2137 negligere
2651 2052 2890 2118 noluit.

781 2165 1047 2252 Quippe
1075 2162 1176 2226 vir
1203 2158 1681 2224 illustrissimus
1711 2176 1778 2222 et
1809 2157 2228 2225 doctissimus
2258 2162 2340 2225 H.
2367 2165 2439 2226 F.
2468 2182 2553 2227 DE
2580 2166 2750 2231 Duzz
2768 2217 2786 2246 ‚
2814 2165 2884 2230 in

782 2282 887 2374 cuj
894 2304 970 2346 us
997 2278 1321 2345 ditissimo
1344 2298 1571 2340 rerum
1594 2274 1679 2339 ad
1706 2277 2109 2364 germanicas
2132 2277 2380 2350 litteras
2405 2281 2886 2368 pertinentium

783 2398 1097 2464 thesauro
1121 2396 1365 2483 primas
1384 2409 1605 2480 partes
1623 2409 1903 2480 occupat
1920 2392 2217 2484 supellex
2230 2395 2519 2462 Santenii
2539 2397 2886 2478 litteraria,

786 2512 1038 2603 quique
1073 2508 1273 2600 hujus
1313 2529 1510 2572 usum
1541 2507 1735 2572 bonis
1763 2509 2152 2596 permittere
2182 2510 2251 2574 in
2278 2512 2477 2578 laude
2513 2536 2630 2579 sua
2664 2518 2891 2606 ponit,

785 2626 1168 2716 Spaldingio
1187 2623 1342 2689 inde
1369 2640 1509 2710 tum
1529 2622 1832 2689 libellum
1854 2623 2097 2691 obtulit
2116 2627 2324 2691 varias
2344 2628 2664 2696 lectiones
2685 2632 2889 2715 Quin-

786 2749 996 2816 tiliani
1026 2768 1106 2810 ex
1130 2742 1359 2809 codice
1383 2741 1611 2831 aliquo
1642 2759 1981 2833 excerptas
2017 2747 2499 2826 continentem,
2527 2764 2672 2814 tum
2701 2750 2892 2818 flori—

787 2867 1012 2952 legum
1041 2859 1338 2927 codicem
1365 2858 1449 2923 ab
1476 2859 1749 2948 antiqua
1776 2882 1975 2924 manu
2013 2863 2081 2924 in
2109 2863 2509 2930 membranis
2537 2867 2859 2956 scriptum
2878 2917 2894 2946 ,

791 2979 1282 3065 sententiasque
1316 2996 1395 3038 ex
1424 2973 1784 3039 latinorum
1813 2977 2207 3064 scriptorum
2241 2978 2557 3067 operibus
2584 2984 2893 3049 collectas

792 3093 1234 3163 exhibentem.
1267 3092 1527 3155 Horum
1555 3088 1879 3156 librorum
1907 3091 2094 3171 alter,
2122 3115 2326 3183 quem
2356 3092 2487 3161 hoc
2516 3098 2704 3186 signo
2733 3098 2891 3163 Exc.

789 3211 971 3279 Sunt.
1003 3211 1255 3276 notavit
1284 3204 1736 3296 Spaldingius,
1777 3209 2033 3296 ignotas
2063 3208 2335 3276 aliunde
2366 3211 2723 3300 scripturas
2754 3237 2894 3281 non

790 3328 1021 3406 offert,
1042 3321 1197 3390 sed
1182 3338 1271 3386 ita
1295 3321 1434 3385 fere
1460 3341 1615 3384 cum
1634 3318 1866 3386 codice
1889 3321 2411 3414 Guelferbytano
2439 3327 2894 3415 conspirantes

793 3464 1059 3514 omnes
1089 3454 1164 3508 ut
1195 3459 1277 3501 ex
1310 3433 1489 3499 hoc
1472 3455 1616 3521 ipso
1654 3456 1763 3499 eas
1800 3458 2100 3501 manasse
2139 3461 2261 3526 pro
2300 3457 2642 3528 comperto
2676 3465 2892 3531 prope

788 3558 1146 3632 habeatur,
1176 3550 1363 3628 alter,
1399 3570 1601 3638 quem
1631 3547 1847 3614 Floril.
1883 3546 2064 3614 Sunt.
2101 3555 2401 3618 nominat
2429 3552 2890 3645 Spaldingius,

792 3671 976 3739 haud
1002 3690 1151 3734 raro
1176 3663 1451 3756 quidem
1473 3661 1557 3728 ab
1585 3664 1885 3729 omnium
1907 3665 2228 3732 librorum
2258 3669 2579 3755 scriptura
2602 3669 2891 3750 recedit,

790 3790 883 3856 ita
920 3802 1147 3851 tamen
1188 3796 1265 3845 ut
1296 3778 1692 3844 variationes
1731 3777 1814 3843 ab
1850 3777 1964 3845 illo
2003 3781 2182 3868 ipso,
2223 3781 2337 3871 qui
2373 3780 2573 3847 flores
2613 3781 2737 3849 hos
2776 3806 2888 3846 ex-

792 3914 1158 3991 cerpserat,
1190 3911 1304 3959 aut
1328 3892 1591 3973 sedulo,
1624 3916 1759 3984 quo
1785 3894 2205 3960 rotundiores
2229 3895 2483 3961 exirent
2507 3900 2853 3964 sententiae
2869 3948 2888 3978 ,

790 4033 904 4083 aut
926 4011 1232 4102 neglectu
1256 4009 1455 4074 etiam
1479 4006 1772 4097 quodam
1794 4007 2110 4074 admissas
2135 4008 2275 4073 fere
2302 4031 2445 4075 esse
2473 4010 2664 4076 facile
2692 4034 2893 4102 appa-

792 4147 949 4199 reat.
974 4133 1277 4194 Attamen
1293 4175 1309 4205 ,
1335 4141 1409 4189 ut
1428 4122 1513 4188 de
1538 4122 1666 4189 hoc
1682 4125 1829 4211 ipso
1848 4140 2208 4206 constaret,
2233 4123 2594 4215 Spaldingii
2618 4144 2885 4193 secutus

1140 4384 1161 4421 b
