3200 5159
745 447 867 509 512
1329 447 1423 508 M.
1468 444 1694 509 FABII
1733 445 1948 527 QUIN
1956 446 2291 510 TILIANI

745 570 949 668 quia¹
997 569 1189 640 aliud
1226 569 1300 640 in
1344 569 1483 641 alio
1518 570 1740 668 magis
1785 570 2082 658 eminet,
2128 571 2248 644 sed
2291 573 2481 671 quod
2517 599 2661 644 non
2705 601 2848 646 una

748 685 1079 755 omnibus
1111 686 1339 755 forma
1365 684 1667 783 placuit,
1703 685 1960 784 partim
1993 684 2396 762 conditione
2428 686 2537 759 vel
2571 708 2852 787 tempo-

750 826 944 888 rum,
988 799 1095 870 vel
1128 798 1474 888 locorum,
1506 800 1760 898 partim
1784 798 2056 900 judicio
2086 799 2435 900 cujusque
2464 822 2670 900 atque
2704 827 2856 901 pro-

750 914 996 1014 posito.
1039 914 1293 1004 Primi,
1340 941 1646 1012 quorum
1682 914 1974 1011 quidem
2010 941 2218 1013 opera
2260 943 2405 987 non
2457 917 2852 989 ²vetustatis

748 1029 960 1102 modo
991 1029 1204 1128 gratia
1223 1030 1510 1101 visenda
1534 1026 1767 1118 sunt3,
1798 1028 1966 1100 clari
1995 1029 2339 1128 pictores4
2371 1030 2588 1103 fuisse
2614 1030 2853 1102 dicun·

749 1166 861 1217 tur
908 1145 1381 1245 Polyqnotus⁵
1431 1166 1639 1245 atque
1676 1143 2141 1244 Aqlaophon,
2195 1173 2502 1245 quorum
2556 1147 2854 1245 simplex

747 1314 869 1382 sed,
903 1315 1047 1386 quod
1072 1314 1239 1385 probe
1264 1314 1680 1378 observandum,
1704 1315 1760 1366 in

749 1394 993 1446 omnibus
1039 1392 1122 1445 his
1168 1393 1299 1447 locis
1344 1395 1366 1466 (
1389 1396 1543 1467 plura
1583 1408 1759 1446 autem

720 1491 727 1497 ·
749 1473 876 1525 mihi
894 1473 1107 1545 quidem
1119 1511 1134 1538 ,
1153 1476 1270 1546 qui,
1286 1492 1347 1525 ea
1371 1494 1485 1546 quae
1502 1473 1762 1526 editorem

748 1550 901 1603 decet
933 1551 1202 1621 diligentia
1221 1591 1239 1618 ,
1270 1550 1415 1604 hunc
1451 1555 1762 1623 scriptorem

748 1648 858 1681 non
891 1628 1119 1701 perlegi,
1166 1649 1277 1682 non
1303 1630 1686 1700 innotuerunt)
1718 1631 1763 1680 is

749 1723 954 1761 tantum
990 1728 1182 1761 vocum
1224 1708 1433 1762 illarum
1480 1728 1606 1761 usus
1642 1727 1765 1780 pro-

749 1802 880 1852 stat,
902 1806 1008 1858 quo
1022 1790 1312 1860 junguntur
1333 1789 1506 1841 verbis
1530 1788 1765 1858 augenti-

750 1865 877 1931 bus,
918 1865 1257 1918 laudantibus
1273 1905 1291 1932 ,
1340 1864 1762 1918 asseverantibus

756 1968 778 1990 α
800 1947 819 2010 (
844 1946 1021 1997 nescio
1051 1964 1117 1997 an
1149 1943 1467 2016 plurimum,
1498 1946 1760 2012 minimoe,

754 2047 776 2070 α
796 2021 1087 2094 efficaciuS,
1120 2039 1220 2076 etc.
1238 2023 1327 2095 )·;
1358 2027 1628 2096 negationi
1644 2028 1766 2096 jun-

747 2117 858 2156 ctas
883 2103 1095 2157 easdem
1116 2103 1259 2175 apud
1274 2105 1532 2156 Nostrum
1554 2122 1664 2155 non
1679 2123 1764 2155 re-

749 2187 916 2256 perio.
940 2185 1145 2255 *Neque
1178 2197 1352 2236 tamen
1375 2183 1481 2236 hoe
1521 2202 1584 2236 eo
1610 2182 1761 2248 dico,

750 2263 893 2336 quod
910 2263 976 2315 de
993 2262 1217 2315 aliorum
1231 2275 1511 2314 auctorum
1524 2280 1626 2315 usu
1638 2263 1762 2316 satis

748 2356 895 2394 certo
926 2341 1102 2408 (haud
1125 2343 1228 2393 scio
1271 2360 1342 2392 αη
1367 2359 1519 2392 nemo
1559 2353 1612 2393 et
1645 2343 1759 2392 sim.

746 2420 863 2472 vide
884 2420 1084 2471 Duker.
1125 2419 1191 2471 ad
1211 2419 1349 2471 Flor.
1378 2421 1474 2486 111,
1511 2436 1569 2470 12
1586 2455 1605 2482 ,
1628 2420 1762 2470 Dra-

746 2498 904 2552 kenb.
938 2498 1002 2551 ad
1028 2502 1136 2551 Liv.
1158 2499 1431 2563 XXXVII,
1465 2497 1584 2568 54.)
1609 2496 1763 2548 dubi·

748 2593 885 2631 tem:
912 2578 1005 2630 sed
1029 2577 1339 2645 Quintiliani
1354 2576 1479 2630 huic
1501 2578 1650 2649 operi
1672 2578 1762 2627 im-

748 2659 955 2709 mittere
1000 2657 1119 2707 meo
1164 2655 1407 2718 arbitrio,
1455 2654 1596 2726 quod
1631 2653 1761 2715 libri

744 2734 944 2807 ubique
967 2752 1150 2785 omnes
1181 2736 1255 2799 (si
1296 2752 1459 2785 unum
1484 2752 1546 2784 ex
1571 2744 1678 2797 tot,
1707 2744 1761 2783 et

746 2833 856 2866 uno
881 2813 1004 2865 loco
1020 2850 1037 2878 ,
1059 2812 1287 2883 excipis)
1308 2829 1414 2863 non
1436 2823 1758 2882 agnoscunt,

734 2887 1004 2966 =cujusque
1065 2890 1207 2943 aliud
1270 2889 1568 2961 exemplum
1616 2890 1761 2960 apud

748 2973 989 3026 eumdem
1030 2990 1141 3024 non
1179 2985 1289 3032 est3
1334 2970 1469 3036 boc,
1510 2972 1725 3042 inquam
1742 3008 1760 3035 ,

748 3074 857 3106 non
883 3056 1146 3118 sustineo,
1172 3051 1477 3121 nollemque
1502 3050 1705 3101 factum
1728 3069 1759 3101 a

746 3131 1069 3203 Spaldingio.
1094 3128 1238 3198 Quid
1258 3131 1397 3181 enim
1419 3130 1463 3180 si
1486 3127 1762 3180 fluctuavit

747 3214 803 3263 in
826 3210 930 3263 hoc
955 3212 1113 3262 etiam
1137 3226 1264 3259 usus
1282 3210 1306 3259 ἰ’
1337 3206 1480 3274 Quid
1518 3209 1563 3258 si
1591 3207 1758 3275 Quin·

748 3290 960 3342 tilianus
994 3307 1108 3341 eam
1133 3306 1374 3339 normam
1416 3298 1628 3337 secutus
1654 3299 1759 3351 est,

750 3384 812 3422 ut
836 3368 1001 3420 nescio
1048 3385 1119 3417 αη
1156 3363 1447 3437 plurimum
1485 3378 1537 3416 et
1574 3364 1761 3416 similia

748 3465 905 3500 sensu
921 3444 1229 3498 affirmativo
1243 3479 1260 3508 ,
1284 3443 1448 3495 nescio
1469 3462 1541 3493 an
1557 3442 1728 3493 ullum
1741 3481 1758 3507 ,

748 3546 819 3578 an
837 3523 1122 3577 enarrabile
1142 3520 1470 3593 (cujusmodi
1488 3521 1648 3574 verba
1666 3541 1763 3595 per

750 3625 805 3658 se
832 3623 940 3656 non
964 3615 1289 3666 asseverant,
1329 3601 1421 3652 sed
1446 3601 1763 3671 extenuant)

750 3686 993 3755 negativo
1023 3681 1340 3753 usurparet?
1375 3681 1519 3748 Quin
1546 3682 1764 3734 interest

750 3761 949 3834 aliquid
993 3764 1131 3813 inter
1179 3760 1472 3831 simplicem
1521 3761 1765 3828 negatio-

749 3861 898 3907 nem,
942 3838 1109 3910 qualis
1150 3850 1229 3890 est
1265 3836 1473 3902 nullus,
1525 3839 1761 3907 quamvis

750 3939 848 3992 per
864 3919 1032 3972 nescio
1049 3937 1119 3972 an
1144 3915 1445 3969 diffidenter
1467 3915 1759 3986 prolatam,

754 4011 808 4050 et
835 3998 976 4048 illam
992 3995 1069 4047 de
1101 3993 1213 4047 ullo
1241 3994 1656 4047 haesitationem:
1688 4008 1762 4046 at-

755 4092 856 4144 que
900 4092 997 4144 ego
1035 4072 1176 4123 illam
1223 4092 1322 4143 pro
1370 4071 1470 4124 hac
1509 4072 1760 4144 ponendo

752 4171 965 4206 sensum
995 4154 1231 4204 minuere
1258 4170 1455 4205 verear.
1501 4151 1761 4204 Coeterum

1840 1334 1922 1366 am
1945 1311 2091 1380 ulla,
2130 1330 2255 1388 post
2285 1336 2474 1368 vocem
2499 1328 2696 1382 orator,
2731 1316 2853 1367 bre-

1842 1394 1972 1445 viter
2006 1392 2206 1446 dictum
2246 1409 2326 1448 est
2362 1395 2482 1448 loco
2521 1398 2663 1465 ejuS,
2706 1395 2852 1468 quod

1840 1471 2050 1543 plenius
2078 1487 2157 1526 est
2184 1475 2379 1546 artifex
2404 1477 2457 1527 in
2492 1489 2602 1528 arte
2633 1474 2760 1527 ulla.
2785 1505 2856 1515 -—

1841 1549 1975 1603 Vide
2000 1551 2128 1624 quid
2151 1552 2218 1606 de
2241 1553 2341 1606 hac
2365 1554 2634 1606 locutione
2657 1553 2856 1624 (nescio

1841 1647 1911 1679 an
1933 1628 1957 1700 )
2004 1630 2230 1683 dixerint
2279 1633 2412 1683 DI).-
2440 1631 2762 1703 Pon-Royal
2802 1633 2854 1683 in

1841 1707 2073 1760 Gramm.
2099 1710 2214 1761 Lat.
2240 1709 2333 1760 En.

1923 1804 1965 1837 1.
2003 1786 2157 1856 Quia.
2182 1789 2358 1839 Turic-
2379 1827 2395 1854 ,
2423 1790 2531 1861 qui.
2582 1790 2851 1841 Turicens.

1841 1862 1983 1914 Flor.
2018 1866 2163 1916 Jens.
2178 1902 2196 1929 ,
2220 1867 2276 1917 in
2299 1867 2410 1918 αΙία
2434 1870 2569 1932 (tac.
2589 1867 2782 1937 Gesn.)
2805 1882 2858 1919 et

1846 1939 1964 1992 edd.
1978 1955 2117 2013 post.
2132 1956 2255 1994 ante
2267 1942 2387 1994 Ald.
2407 1944 2557 2014 Quod
2571 1963 2674 1996 uno
2690 1963 2852 2008 omn„

1842 2022 2023 2072 Turic.
2046 2020 2186 2073 Flor.
2218 2023 2440 2096 Cuique,
2465 2025 2638 2076 Turio.
2657 2023 2795 2076 Flor.

1918 2117 1965 2150 α.
1996 2101 2050 2154 V
2046 2103 2290 2155 etustatis.
2322 2103 2372 2156 V
2368 2106 2558 2168 mustis,
2583 2105 2852 2157 Turicens.

1841 2179 1883 2229 F
1884 2179 1981 2231 lor.
2026 2179 2080 2232 V
2076 2180 2279 2232 iscenda
2294 2220 2312 2247 ,
2336 2183 2514 2233 Turic.
2555 2182 2818 2246 Miscenda
2835 2220 2850 2244 ,

1841 2260 1994 2310 Voss.
2027 2274 2048 2309 1
2067 2298 2084 2324 ,
2113 2260 2163 2311 3.
2190 2258 2422 2330 (Dixeris
2447 2261 2608 2312 fuisse
2635 2263 2726 2331 qui
2754 2259 2851 2311 da-

1841 2350 1958 2389 rent
1983 2356 2088 2389 non
2111 2338 2322 2392 vetustis
2335 2340 2489 2393 modo
2512 2338 2820 2409 miscenda.)

1913 2417 1964 2468 3.
2008 2416 2171 2478 Sura,-
2206 2419 2281 2470 sic
2308 2419 2485 2470 Turio.
2515 2417 2658 2469 Flor.
2688 2419 2848 2470 Cntr‘.

1839 2495 1985 2547 Jens.
2010 2493 2149 2561 (tac.
2185 2496 2381 2566 Gesn.)
2409 2515 2531 2548 cnm
2555 2496 2703 2549 editt.
2732 2510 2851 2548 ante

1839 2573 1988 2625 Leid.
2006 2592 2117 2626 acc.
2135 2575 2327 2628 Rollin.
2344 2577 2478 2640 Sint,
2501 2576 2850 2647 reliqui.Tmn

1839 2653 2141 2719 sui,'Guelf.
2162 2656 2395 2720 Habeat,
2409 2655 2549 2707 Flor.
2573 2675 2693 2708 cum
2713 2656 2850 2707 Alm,

1840 2762 1910 2782 -.—-
1934 2734 2115 2785 Nostri
2133 2736 2265 2802 sint,
2291 2755 2402 2788 exc.
2425 2737 2532 2787 RR.
2559 2753 2620 2806 7,
2651 2754 2672 2787 ι
2688 2752 2705 2786 t
2724 2774 2740 2802 ,
2760 2739 2852 2807 qui

1840 2820 1976 2861 sunt.
2008 2813 2101 2863 En.
2503 2811 2510 2818 ⁴

1912 2889 1963 2954 4.
1989 2889 2133 2943 clari
2147 2893 2384 2965 pictores.
2409 2895 2469 2944 ln
2491 2892 2576 2944 his
2600 2906 2654 2945 et
2675 2895 2729 2944 in
2749 2905 2851 2945 sta-

1841 2969 2023 3019 tuariis
2050 2970 2141 3038 qui
2165 2988 2287 3022 mox
2311 2986 2670 3037 recensentur,
2689 2973 2849 3023 facie-

1841 3065 1957 3099 mus
1981 3060 2042 3098 ut
2065 3049 2284 3102 Gesner.
2312 3063 2362 3102 et
2386 3053 2618 3124 priores,
2646 3048 2852 3103 studio-

1841 3145 2036 3197 sosque
2053 3127 2415 3200 ablegabimus
2436 3129 2502 3182 ad
2523 3131 2673 3182 Plinii
2690 3129 2851 3181 libros

1838 3206 2093 3270 XXXIV,
2134 3208 2362 3274 XXXV,
2411 3222 2465 3261 et
2492 3209 2558 3261 ad
2587 3210 2850 3262 Francisci

1840 3286 1870 3335 J
1875 3288 1988 3337 unii
2003 3286 2317 3357 Catalogum
2333 3287 2601 3340 Artificum
2618 3310 2633 3350 ;
2649 3292 2748 3342 nisi
2761 3288 2854 3340 ubi

1843 3362 1956 3417 haec
1978 3366 2137 3416 etiam
2152 3365 2470 3418 adminicula
2489 3365 2640 3419 dubii
2657 3366 2854 3439 aliquid

1844 3441 2155 3513 relinquunt
2179 3481 2196 3510 ,
2242 3457 2302 3495 ut
2349 3447 2525 3496 statim
2575 3447 2628 3496 in
2674 3447 2855 3517 primis

1842 3521 2072 3574 duobus.

1882 3603 1932 3654 5.
1945 3600 2303 3674 Polygnotum
2317 3599 2482 3653 fllium
2493 3603 2654 3654 fuisse
2665 3601 2854 3675 Aglao-

1840 3679 2057 3750 phontis
2075 3693 2261 3731 notum
2288 3698 2355 3731 exv
2375 3680 2658 3732 Simonidis
2675 3682 2850 3752 Epigr.

1846 3775 1931 3829 ap.
1966 3759 2118 3810 Paus.
2143 3759 2221 3824 X,
2263 3775 2357 3828 27,
2402 3777 2466 3809 ex
2498 3759 2628 3811 Plat.
2653 3760 2765 3810 Ion.
2795 3778 2850 3830 p.

1846 3835 1976 3902 532,
2020 3836 2110 3901 E.‚
2153 3849 2206 3887 et
2234 3855 2297 3887 ex
2334 3838 2507 3888 Dione
2548 3835 2730 3909 Chrys.
2760 3836 2857 3902 55,

1842 3916 1956 3965 init.
1989 3917 2079 3985 qui
2105 3913 2257 3990 simul
2282 3929 2460 3967 narrat
2483 3931 2604 3967 eum
2629 3928 2777 3988 patre
2795 3918 2851 3967 in

1831 3995 2047 4063 pictura
2069 3995 2318 4062 magistro
2333 4012 2507 4045 usum.
2533 3993 2675 4060 Quid
2699 3995 2856 4062 igitur

1843 4085 1924 4124 est
1938 4091 2034 4124 cnr
2049 4075 2210 4144 priori
2234 4073 2356 4125 loco
2376 4074 2726 4147 Polygnotum
2741 4091 2854 4124 me—

1842 4166 2015 4204 morat
2050 4151 2408 4218 Quintilianus
2432 4152 2548 4219 hic,
2592 4152 2684 4204 ubi
2719 4165 2854 4204 tem-
