3200 5159
715 470 840 558 472
1284 473 1377 535 M.
1418 473 1643 536 FABII
1681 473 2238 555 QUINTILIAN}

717 591 909 691 quod
938 592 1304 691 agentibus
1334 594 1590 666 caeteris
1611 609 1628 639 ¹
1666 596 2444 670 contumeliosissimum
2471 597 2640 687 fuit,
2672 598 2816 669 lau-

720 696 1008 777 datum²
1044 734 1324 808 quoque
1371 735 1450 780 ex
1495 730 1794 809 quatuor
1827 711 2294 785 tribunalibus
2327 712 2644 785 memini.
2680 711 2821 784 Sed

723 821 854 894 hoc
885 822 1171 895 votum³
1204 845 1307 896 est
1333 844 1401 895 et
1430 852 1576 896 rara
1599 825 1927 898 felicitas:
1965 854 2120 924 quae
2144 828 2200 899 si
2232 853 2376 899 non
2409 826 2619 916 adsit,
2653 852 2820 898 sane

724 939 1026 1012 sufficiat
1056 941 1147 1011 ab
1182 939 1265 1012 iis
1300 940 1602 1038 quibus4
1630 942 1790 1041 quis
1819 942 1989 1015 dicit
2014 943 2270 1015 audiri.
2297 944 2488 1015 Talis
2522 969 2664 1016 esse
2697 940 2824 1014 de-

726 1055 844 1128 bet
867 1077 1099 1130 orator
1121 1079 1192 1130 et
1215 1058 1360 1131 haec
1383 1059 1577 1131 scire.

824 1173 995 1247 CAP.
1028 1175 1198 1246 V15.
1253 1175 1525 1273 Agendi
1560 1195 1796 1247 autem
1831 1176 2113 1248 initium
2153 1177 2301 1248 sine
2331 1176 2547 1249 dubio
2571 1202 2827 1249 secun-

726 1287 900 1359 dum
943 1283 1118 1361 vires
1150 1290 1489 1391 cujusque
1522 1290 1950 1363 sumendum
1990 1312 2125 1364 est:
2168 1318 2400 1389 neque
2437 1319 2565 1391 ego
2606 1316 2832 1362 annos

729 1402 1066 1476 definiam
1094 1462 1113 1495 ,
1172 1433 1397 1506 quum
1442 1402 1966 1480 Demosthenem
2018 1433 2319 1504 puerum
2342 1405 2375 1451 ⁶
2433 1406 2829 1479 admodum

728 1516 1032 1622 fictiones
1056 1520 1473 1619 pupillares7
1501 1518 1826 1591 habuisse
1853 1519 2337 1593 manisfestum
2361 1520 2447 1593 sit
2457 1551 2476 1608 ;
2502 1518 2831 1607 8ΟαΙυιιε,

733 1633 980 1720 Caesar,
1010 1634 1269 1727 Pollio,
1298 1635 1607 1707 multum
1637 1651 1798 1707 ante
1824 1636 2258 1732 quaestoriam
2282 1662 2529 1708 omnes
2560 1655 2832 1708 aetatem

735 1774 872 1826 Alm.
889 1747 972 1827 Ab
992 1775 1098 1845 his,
1113 1777 1290 1829 Turio.
1307 1777 1490 1829 Ambr.
1514 1795 1565 1844 2,
1579 1778 1742 1829 Cnn’.
1827 1791 2116 1830 memorat:
2143 1777 2238 1831 sed
2251 1796 2427 1831 veram
2445 1776 2608 1830 habet
2628 1775 2832 1850 Gryph.

740 1855 886 1906 Dicit
902 1857 1094 1907 omittit
1112 1855 1387 1909 Guell'erb.
1409 1858 1536 1909 Mox
1555 1867 1607 1909 et
1624 1870 1746 1908 ante
1827 1855 2255 1928 (1544).6α1υος,
2274 1856 2413 1910 Flor.
2425 1886 2496 1898 -—
2510 1858 2690 1909 Nostri
2702 1855 2835 1908 dant

658 1175 679 1210 1

743 1935 849 1988 lxoec
880 1935 1008 1987 scire
1029 1937 1280 1988 omittunt
1301 1938 1577 1989 'rm-icens.
1608 1935 1747 1987 Flor.

742 2015 922 2067 Ambr.
945 2032 972 2066 2
986 2053 1003 2082 ‚
1028 2033 1151 2066 cum
1168 2013 1427 2069 Almelov.
1444 2020 1599 2070 Voss.
1624 2034 1670 2083 ι,
1688 2015 1722 2068 3
1735 2052 1753 2081 ,

748 2094 1077 2164 obsequente
1117 2094 1390 2149 Obrechto
1405 2134 1422 2162 ‚
1466 2098 1559 2167 qui
1599 2108 1754 2160 antea

748 2175 894 2226 debet
913 2193 1029 2228 esse.
1044 2175 1313 2228 —Nostri
1338 2173 1436 2226 hoc
1457 2186 1637 2227 votum
1658 2184 1757 2240 est,

751 2273 865 2306 exc.
887 2252 1037 2305 Poul.
1057 2255 1123 2306 R.
1144 2271 1234 2320 to,
1251 2257 1342 2326 qui
1358 2253 1455 2307 boc
1471 2266 1650 2306 notum
1669 2264 1756 2306 est.

753 2333 990 2405 Plerique
1009 2343 1060 2384 et
1077 2347 1199 2387 ante
1223 2334 1331 2386 hoec
1348 2336 1474 2386 scire
1488 2337 1756 2387 omitum).

834 2430 878 2464 ¹.
903 2412 1189 2487 Aqentibus
1213 2414 1421 2466 coeteris.
1445 2412 1504 2465 Id
1529 2427 1608 2466 est
1623 2452 1641 2480 ‚
1665 2431 1763 2485 pa-

754 2505 937 2545 troms.
960 2503 967 2509 '

831 2587 878 2621 2.
905 2567 1373 2622 Laudatum.Vide
1399 2569 1468 2622 ad
1488 2573 1575 2636 lv,
1599 2589 1650 2638 2,
1674 2572 1759 2641 37.

828 2644 880 2696 3.
904 2646 1115 2698 Votum.
1139 2648 1273 2699 Mira
1292 2660 1345 2699 et
1364 2648 1575 2718 elegans
1594 2648 1765 2701 brevi·

757 2725 1032 2796 loquentia
1055 2724 1123 2776 de
1147 2743 1203 2777 re
1226 2728 1362 2779 votis
1384 2738 1587 2778 tantum
1612 2746 1764 2780 com-

757 2802 1167 2878 prehendenda3
1210 2819 1270 2857 ut
1304 2807 1434 2859 alias
1473 2817 1648 2858 votum
1686 2821 1767 2859 est

760 2903 843 2937 res
855 2886 991 2937 votis
1006 2885 1235 2956 expetita
1256 2898 1308 2936 et
1321 2887 1628 2957 impetratam
1648 2886 1770 2940 vide

759 2965 916 3018 Gesn.
941 2967 997 3017 in
1015 2964 1177 3017 Thes.

830 3046 882 3113 4.
919 3045 1114 3115 Quibus
1141 3048 1275 3118 quis.
1312 3046 1491 3118 Spald.
1527 3049 1581 3098 in
1617 3045 1771 3100 sche-

762 3124 843 3178 dis
865 3147 877 3175 ε
911 3147 936 3170 a
953 3122 1135 3176 Malim
1153 3143 1205 3196 q.
1231 3126 1474 3198 quisque.-
1499 3150 1521 3174 s·
1550 3126 1669 3180 vide
1683 3129 1770 3194 IV,

771 3217 818 3268 ι’,
839 3202 908 3269 46
925 3225 948 3249 1·
967 3202 1091 3253 Non
1112 3203 1330 3255 accedo.
1346 3205 1483 3256 Nam
1503 3204 1589 3256 bic
1603 3223 1771 3276 graece

763 3284 922 3336 etiam
938 3278 1007 3337 τὶς
1032 3279 1211 3333 locum
1230 3281 1479 3350 haberet,
1504 3303 1612 3336 non
1637 3283 1659 3334 ὅ
1678 3281 1770 3336 ἀεὶ.

838 3360 889 3413 5.
906 3361 1184 3431 Inscriptio
1203 3382 1216 3411 :
1237 3361 1390 3432 Quod
1403 3363 1471 3415 sit
1488 3362 1776 3436 incipiendi

766 3458 942 3494 causas
953 3458 1106 3513 aqere
1116 3451 1331 3513 tempus,
1347 3442 1583 3509 Ambra,
1594 3442 1771 3496 Guelf.

766 3519 924 3575 Goth.
946 3522 1092 3572 Jens.
1114 3535 1167 3572 et
1184 3534 1411 3591 poster-r.
1435 3535 1485 3574 et
1505 3525 1574 3575 ita
1594 3525 1773 3575 Turio.

770 3604 871 3655 nisi
908 3601 1056 3672 quod
1092 3600 1223 3673 quid
1258 3616 1311 3654 et
1345 3605 1551 3677 agendi.
1588 3603 1774 3657 Caeteri

771 3680 1007 3733 silentur.
1032 3680 1262 3754 Ditionis
1279 3680 1598 3752 pupillares,
1634 3684 1774 3736 Flor.

770 3760 835 3812 A.
858 3759 1162 3833 populares,
1190 3758 1370 3811 Ambr.
1407 3780 1435 3812 2
1453 3798 1470 3826 ‚
1502 3751 1773 3813 Guelferb.

769 3840 929 3895 Goth.
951 3839 1182 3911 (tacente
1198 3840 1383 3913 Gesn.)
1402 3841 1549 3893 Jens.
1576 3854 1629 3892 et
1653 3838 1775 3893 edd.

772 3933 995 3992 postet-r.
1014 3932 1136 3971 ante
1150 3918 1274 3976 Bad.
1295 3921 1574 3989 quiveram
1597 3939 1627 3971 e
1640 3918 1774 3971 cod.

772 3998 907 4051 vall.
924 4000 1187 4070 reposuit3
1218 3997 1576 4051 relabentibus
1600 4012 1780 4050 tamen

771 4081 826 4129 in
845 4078 1087 4128 vitiosam
1109 4076 1313 4147 aliquot
1334 4091 1558 4150 postet-r.
1581 4079 1626 4128 si
1649 4073 1780 4129 fides

772 4160 946 4212 nun-m.
988 4157 1080 4229 qui
1117 4155 1316 4230 Gryph.
1343 4155 1530 4229 (1536)
1564 4175 1781 4230 quoque

1830 1937 1917 1988 alii
1931 1934 2250 2008 pupillares,
2275 1934 2364 1987 alii
2382 1934 2678 2007 populares.
2703 1935 2798 1986 En.

1903 2015 1953 2066 6.
1983 2015 2214 2066 Puerum
2237 2014 2541 2066 admodum.
2565 2010 2838 2082 Μοιραῦλ-

1836 2112 1927 2148 λιον
1953 2093 2011 2149 οἶν
2032 2093 2230 2162 κομιδῇ,
2253 2108 2310 2147 ut
2324 2096 2438 2166 ipse
2455 2093 2841 2147 Demosthenes

1837 2180 1939 2242 ait,
1968 2171 2061 2229 ubi
2082 2175 2222 2227 hanc
2245 2192 2396 2228 suam
2425 2186 2610 2225 contra
2636 2187 2842 2225 tutores

1837 2257 2003 2328 ipsius
2044 2253 2188 2306 litem
2229 2255 2398 2323 tangit
2439 2251 2556 2304 adv.
2598 2252 2727 2304 Mid.
2773 2252 2842 2304 23

1839 2334 1992 2406 (pag.
2016 2332 2121 2402 359
2142 2332 2307 2403 usk).
2332 2334 2456 2384 Erat
2479 2344 2656 2384 autem
2678 2331 2848 2383 xvul

1843 2431 2011 2467 annos
2031 2425 2186 2466 natus
2206 2435 2218 2464 z
2240 2411 2360 2464 vide
2381 2411 2532 2464 locos
2551 2430 2583 2463 a
2601 2410 2848 2483 Spaldin-

1840 2495 1929 2564 gio
1954 2492 2029 2544 ibi
2049 2492 2254 2544 allatos.

1915 2592 1964 2645 7.
1990 2574 2232 2626 Actiones
2249 2569 2553 2645 pupillaies.
2572 2573 2731 2637 Tres,
2756 2571 2854 2642 qui

1845 2651 2020 2704 adhuc
2040 2663 2272 2717 exstant,
2290 2648 2654 2720 intelliguntur
2670 2647 2855 2715 ἰητρο-

1844 2729 1969 2783 vano>
1994 2728 2124 2796 λὸγοι
2147 2726 2279 2781 κεναὶ
2295 2725 2820 2789 ἈρὸζοωἮῠιῐΠῸι

1918 2807 1966 2859 8.
1998 2806 2216 2873 Calvus,
2245 2810 2429 2873 Caesar,
2459 2806 2711 2859 Pollio...
2738 2824 2855 2859 sus-

1847 2887 2092 2959 ceperint.
2141 2889 2397 2940 Disertius
2442 2884 2510 2937 de
2555 2884 2637 2938 his
2682 2884 2854 2938 tribus

1849 2966 2103 3037 Dialogus
2123 2965 2190 3017 de
2208 2965 2474 3019 Oratorib.
2500 2964 2568 3031 34
2587 2987 2600 3014 :
2623 2986 2646 3010 ιι
2666 2966 2856 3017 Nono-

1856 3070 1878 3093 «
1900 3045 2108 3099 decimo
2150 3045 2315 3097 aetatis
2357 3063 2498 3096 anno
2539 3042 2596 3094 L.
2639 3042 2858 3094 Crassus

1858 3150 1880 3172 ι
1899 3124 1960 3177 C.
1994 3124 2290 3178 Carbonem
2307 3162 2324 3190 ‚
2370 3143 2478 3178 uno
2521 3135 2573 3175 et
2619 3123 2857 3174 vicesimo

1858 3227 1881 3251 ιι
1906 3207 2071 3257 Coesar
2090 3201 2456 3268 Dolabellam,
2490 3201 2656 3255 altero
2688 3211 2739 3252 et
2761 3199 2869 3252 XX

1859 3307 1881 3331 a
1902 3285 2114 3336 Asinius
2146 3281 2322 3335 Pollio
2345 3282 2404 3334 C.
2430 3281 2686 3333 Catonem
2702 3318 2719 3344 ‚
2748 3297 2859 3330 non

1860 3387 1883 3411 ι
1903 3363 2071 3415 multo
2118 3376 2270 3415 aetate
2310 3360 2629 3414 antecedens
2674 3358 2862 3413 Calvus

1860 3434 2170 3495 {Vatinium
2195 3443 2257 3494 iis
2282 3439 2608 3493 orationibus
2631 3439 2858 3491 insecuti

1862 3545 1882 3567 u
1905 3533 2026 3573 sunt
2044 3559 2060 3587 ,
2088 3538 2218 3591 quas
2246 3516 2514 3588 hodieque
2542 3535 2665 3568 curn
2694 3514 2862 3568 admi-

1862 3622 1885 3646 ιι
1905 3603 2110 3652 ratione
2125 3599 2363 3668 legimus.
2381 3621 2403 3644 n
2425 3599 2562 3649 Usus
2584 3607 2664 3648 est
2683 3608 2736 3646 et
2754 3594 2860 3646 hoc

1857 3692 1911 3730 et
1933 3692 2114 3728 nostro
2153 3676 2274 3728 loco
2307 3676 2514 3746 Lipsius
2546 3678 2603 3726 in
2633 3674 2758 3725 Exc.
2794 3671 2866 3723 ad

1856 3758 2023 3811 Tacit.
2053 3760 2188 3809 Anu.
2220 3758 2322 3820 ΙΙΙ,
2350 3773 2448 3826 29,
2477 3754 2570 3806 ubi
2598 3753 2754 3806 simul
2783 3767 2864 3805 sat

1858 3840 2013 3891 certis
2049 3839 2370 3908 argumentis
2406 3846 2612 3888 oetatem
2647 3844 2869 3906 quato-

1860 3918 1990 3969 riam
2007 3916 2189 3968 definit
2208 3935 2350 3968 anno
2368 3916 2533 3967 aetatis
2547 3915 2711 3966 XXV.
2726 3911 2865 3965 Add.
2927 3963 2937 3972 ,

1861 3996 2038 4048 eumd.
2067 3997 2210 4068 Lips.
2231 3995 2300 4047 de
2323 3996 2559 4063 Magistr.
2584 3993 2638 4044 P.
2659 3993 2722 4043 R.
2753 4011 2802 4044 c.
2828 3988 2869 4043 5

1861 4074 2011 4142 (tom.
2043 4075 2142 4134 ΠΙ,
2179 4093 2302 4146 pag.
2335 4071 2526 4143 1433);
2560 4073 2768 4124 Ernest.
2797 4069 2872 4123 ad

1862 4156 2003 4208 Suet.
2030 4152 2191 4227 calig.
2219 4156 2273 4220 1,
2303 4169 2345 4205 ι.
2364 4149 2673 4205 -Polllo..
2690 4190 2703 4204 .
2725 4160 2867 4206 ante.
