3200 5159
784 482 913 563 484

1347 479 1443 545 M.
1483 479 1715 545 mnu
1751 478 2311 563 Qnm‘rmm

783 608 1117 706 gnitatem
1137 606 1495 679 attollendi
1518 634 1533 678 :
1558 632 1703 678 non
1724 606 1916 678 euim
1941 608 2229 682 fortuna
2252 635 2494 683 causas
2515 611 2622 684 vel
2640 611 2888 713 justas,

778 723 887 794 vel
918 722 1271 823 improbas
1290 723 1489 795 facit:
1517 750 1748 820 neque
1768 749 1927 796 vero
1948 725 2177 823 pudor
2195 725 2451 818 obstet,
2486 755 2625 825 quo
2648 728 2888 799 minus

779 847 1171 936 susceptam
1191 895 1211 928 ,
1233 865 1455 935 quum
1479 838 1730 910 melior
1747 838 2133 931 videretur,
2157 840 2350 912 litem
2366 899 2385 932 ,
2414 843 2686 942 cognita
2707 844 2891 915 inter

776 953 1307 1053 disceptandum
1333 968 1350 999 ¹
1393 954 1799 1054 iniquitate,
1838 954 2210 1048 dimittam,
2256 984 2479 1054 quum
2517 960 2711 1057 prius
2737 958 2888 1030 liti-

706 1088 737 1143 7
772 1071 992 1170 gatori
1038 1070 1283 1143 dixerit
1326 1097 1571 1142 verum
1600 1098 1616 1142 ε
1662 1098 1832 1143 nam
1881 1093 1948 1144 et
1995 1073 2069 1143 in
2118 1072 2294 1146 hoc³
2344 1102 2691 1174 magnum
2715 1075 2770 1166 4,
2825 1077 2888 1148 si

773 1185 953 1286 aequi
975 1185 1292 1287 judices⁵
1324 1213 1606 1276 sumuS,
1643 1187 2068 1262 beneficium
2102 1210 2232 1281 est,
2264 1213 2347 1263 ut
2378 1218 2524 1264 non
2555 1190 2887 1266 fallamus

768 1329 949 1375 vana
973 1328 1094 1401 spe
1127 1301 1519 1400 litigantem
1543 1329 1557 1372 :
1577 1328 1827 1402 «neque
1862 1301 2009 1375 est6
2039 1303 2292 1403 dignus
2321 1333 2531 1405 opera
2562 1307 2840 1406 patroni
2867 1365 2887 1398 ‚

771 1417 894 1517 qui
929 1443 1070 1489 non
1100 1417 1316 1490 utitur
1340 1417 1633 1490 consilio
1658 1449 1676 1508 3
1710 1438 1777 1490 et
1800 1439 1981 1490 certe
2008 1445 2152 1490 non
2183 1421 2510 1493 convenit
2537 1422 2640 1511 ei,
2664 1448 2887 1522 quem

769 1554 1111 1608 oratorem
1147 1562 1288 1607 esse
1315 1536 1680 1627 volumus,
1716 1536 1974 1637 injusta
1997 1537 2179 1609 tueri
2211 1538 2545 1611 scientem
2574 1566 2589 1610 :
2624 1566 2794 1611 nam
2826 1540 2893 1611 si

767 1679 847 1726 ex
888 1652 1058 1744 illis,
1104 1679 1276 1752 quas
1310 1666 1562 1752 supra⁷
1614 1651 1947 1744 diximus,
1983 1654 2209 1727 causis
2243 1654 2502 1728 falsum
2531 1656 2885 1749 tuebitur,

699 1775 732 1830 8
768 1768 894 1841 erit
915 1790 1150 1841 tamen
1175 1769 1550 1844 honestum
1566 1826 1584 1860 ,
1609 1769 1803 1869 quod
1826 1770 1972 1869 ipse
1987 1770 2212 1844 faciet.
2242 1771 2607 1845 Gratisne⁸
2629 1774 2689 1844 ei
2712 1800 2886 1845 sem-

840 1999 885 2035 1.
910 1983 1057 2034 Inter
1075 1983 1496 2056 disceptandum3
1523 1985 1598 2036 sic
1612 1981 1773 2036 Goth.

765 2062 919 2114 Voss.
940 2079 998 2127 2,
1028 2061 1147 2114 Ald.
1179 2061 1362 2134 Steph.
1388 2060 1587 2135 Gryph.
1617 2063 1662 2114 Ι.
1680 2062 1777 2116 disb

760 2141 979 2193 cendum
991 2181 1008 2209 ,
1033 2143 1305 2194 Turicens.
1322 2141 1463 2195 Flor.
1480 2161 1603 2194 cum
1622 2141 1772 2194 Bodl.

761 2221 951 2274 Almel.
976 2224 1121 2275 Jens.
1149 2236 1202 2274 et
1221 2222 1343 2274 edd.
1371 2236 1493 2275 ante
1516 2221 1698 2294 Steph.
1726 2223 1772 2274 1.

760 2301 1040 2354 dicendum
1054 2340 1070 2364 ,
1096 2301 1285 2373 reliqui
1302 2300 1387 2373 (in
1408 2300 1602 2374 quibus
1621 2302 1775 2353 Bern.

761 2380 956 2432 dicitur
970 2379 1167 2432 habere
1183 2382 1278 2433 int.
1299 2399 1448 2454 coqu.
1467 2382 1564 2433 die.
1582 2381 1621 2451 ).
1639 2383 1775 2432 Vera

760 2458 971 2511 videtur
996 2459 1217 2511 Gesneri
1246 2459 1544 2512 observatio
1561 2498 1577 2526 ,
1609 2460 1776 2511 nemi-

764 2558 887 2591 nem
919 2540 1020 2591 nisi
1052 2538 1215 2590 levem
1249 2539 1502 2613 suscipere
1528 2558 1777 2605 causam,

760 2629 1046 2686 antequam
1062 2615 1313 2668 didicerit.
1331 2616 1431 2669 Sed
1450 2619 1641 2668 mirum
1653 2635 1782 2688 quo·

765 2713 899 2766 que,
940 2695 985 2747 si
1027 2696 1164 2745 inter
1185 2693 1491 2760 dicendum,
1538 2694 1592 2745 h.
1618 2713 1695 2762 e.,
1725 2697 1780 2748 in

760 2776 877 2845 ipsa
894 2774 1136 2824 oratione
1151 2774 1410 2844 resipiscit
1426 2787 1624 2825 orator.
1635 2776 1781 2843 Qun-

762 2873 819 2906 re
857 2855 1041 2924 utique
1081 2852 1465 2924 praeferendum
1502 2866 1617 2905 erat
1646 2855 1784 2906 inter

761 2933 1183 3006 disceptandum,
1223 2932 1277 2984 h.
1307 2952 1353 2986 e.
1373 2972 1391 3000 ,
1428 2934 1483 2984 in
1511 2933 1779 3006 discepta-

761 3016 909 3066 tione
944 3014 1176 3072 forensi3
1220 3013 1367 3085 quod
1399 3011 1592 3065 Badius
1618 3016 1776 3066 etiam

764 3093 1040 3148 suadebat.
1070 3095 1136 3145 Et
1162 3093 1371 3146 facilius
1396 3108 1539 3146 certe
1559 3113 1588 3145 e
1614 3097 1776 3167 scrip-

762 3188 884 3224 turo.
906 3172 1294 3246 disceptandum
1306 3212 1325 3240 ,
1351 3191 1510 3245 quam
1530 3193 1595 3225 ex
1619 3172 1776 3226 alter·

760 3266 876 3304 utro
925 3251 1247 3323 reliquarum
1298 3254 1444 3304 nasci
1490 3266 1776 3324 potuerant

759 3331 1269 3384 caeterae.-Eadem
1294 3333 1481 3382 nostri.
1510 3334 1603 3383 Eu.

835 3432 884 3465 2.
912 3413 1176 3464 Dimittat.
1209 3411 1402 3475 Goth„
1429 3412 1679 3463 dimittas.
1701 3441 1776 3453 -

757 3491 1063 3544 Dimittat...
1089 3490 1293 3542 dixerit.
1336 3493 1396 3542 ln
1422 3490 1596 3542 verbis
1625 3490 1771 3544 hisce

757 3573 922 3623 tertiae
945 3587 1177 3643 persouae
1197 3569 1409 3640 ablegat
1435 3567 1770 3641 Spaldingius

758 3650 827 3703 ad
855 3662 1034 3701 notata
1061 3648 1160 3700 sibi
1185 3647 1250 3701 ad
1276 3649 1350 3714 11,
1386 3646 1476 3712 15,
1510 3664 1587 3699 ι).

829 3731 881 3782 3.
907 3729 1049 3781 Nam
1075 3740 1127 3781 et
1148 3730 1205 3779 in
1235 3726 1348 3780 boc.
1395 3728 1571 3780 Turio.
1598 3727 1738 3779 Flor.
1726 3765 1769 3794 .,

757 3827 937 3862 verum
962 3828 1028 3860 ne
1051 3808 1105 3859 ἰη
1138 3808 1252 3859 boc.

827 3889 881 3955 4.
920 3888 1212 3963 Μαφιαηις
1258 3888 1335 3937 sic
1378 3886 1542 3938 Con·-
1586 3885 1768 3958 Magi-

755 3989 901 4021 mum
907 3968 1203 4033 ,Turicens.
1222 3967 1540 4028 Maximum,
1558 3964 1765 4037 reliqui.

753 4050 1011 4119 Agnoscis
1039 4046 1234 4118 gradus
1260 4048 1635 4118 corruptionis.
1667 4047 1769 4117 Ap-

752 4129 859 4179 ιίοι·
903 4141 1079 4178 autem
1129 4128 1313 4198 utiquo
1359 4125 1447 4178 hic
1487 4126 1764 4200 positivus.

760 4205 920 4260 Varia
938 4223 1054 4279 spe,
1082 4204 1259 4258 Guelf.

1932 1984 1984 2037 5.
2005 1984 2071 2038 Si
2092 1984 2446 2059 oeqm‘judices
2460 2002 2655 2039 sumus.
2679 1987 2800 2037 Hoc
2825 1988 2881 2038 in

1857 2081 1954 2116 sua
1978 2065 2161 2133 Quint.
2187 2083 2417 2137 persona
2440 2062 2595 2131 dicit,
2625 2064 2757 2118 illud
2778 2085 2881 2118 au-

1857 2152 1963 2192 tem
1973 2141 2153 2210 utfnon
2153 2139 2421 2212 fallamus
2432 2144 2487 2194 in
2502 2145 2742 2196 oratoris:
2761 2162 2881 2217 qne

1858 2218 2107 2272 notabilis
2132 2234 2210 2273 est
2234 2221 2572 2292 negligentia.

1927 2298 1978 2351 6.
2005 2301 2192 2373 Neque
2212 2312 2300 2352 est.
2325 2300 2500 2354 Guelf.
2516 2298 2843 2353 Goth-leus.
2859 2338 2877 2366 ‚

1856 2398 2025 2451 neque
2041 2380 2200 2430 entim.
2229 2382 2358 2432 Mox
2375 2397 2493 2453 quae
2509 2398 2663 2454 παρη
2674 2419 2694 2446 ,
2708 2379 2878 2432 Cun.

1857 2476 2031 2528 neque
2069 2470 2250 2511 tamen
2295 2457 2363 2510 de
2393 2460 2681 2511 omissione
2728 2460 2876 2511 vocis

1859 2536 2021 2589 causis
2070 2539 2355 2609 quicquam
2399 2540 2603 2590 notavit
2659 2537 2875 2609 spaldq

1861 2630 2044 2669 contra
2068 2618 2124 2668 in
2142 2617 2286 2668 Jens.
2312 2616 2395 2669 his
2415 2616 2585 2670 ocutis
2606 2615 2727 2687 lego
2748 2635 2877 2691 quas

1861 2709 1915 2747 et
1939 2698 2184 2747 omissum
2211 2708 2389 2747 tamen
2419 2694 2578 2748 video
2600 2697 2777 2748 causis.
2801 2723 2872 2735 -

1858 2773 1994 2825 Vall.
2017 2773 2107 2826 lib.
2128 2773 2235 2824 Ru.
2249 2775 2311 2839 8,
2329 2791 2393 2844 9,
2416 2789 2479 2825 to
2491 2775 2870 2846 ‚nequeeninm

1858 2854 1966 2905 RR.
1994 2867 2044 2921 7,
2073 2871 2091 2903 ι
2110 2870 2155 2916 1,
2181 2870 2276 2904 nec
2297 2862 2385 2903 est.
2411 2811 2556 2904 Avic.
2583 2852 2736 2905 Poul.
2757 2853 2868 2906 RB.

1859 2931 1923 2999 3,
1947 2931 1978 2985 5
1992 2970 2008 2997 ,
2031 2950 2198 3005 neque
2214 2942 2304 2983 est.
2325 2931 2419 2982 En.

1930 3029 1977 3082 7.
2003 3014 2189 3085 Supra.
2212 3010 2345 3083 Cap.
2379 3030 2398 3065 1
2431 3010 2593 3083 hujus
2619 3010 2766 3080 libri,
2789 3013 2868 3085 §S-

1857 3091 2043 3159 35-45.
2075 3094 2163 3144 En.

1929 3170 1978 3223 8.
2010 3172 2266 3224 Gratim.
2305 3173 2484 3226 'hu-ic.
2510 3171 2652 3223 Flor.
2670 3212 2689 3240 ,
2711 3176 2876 3246 quatis

1854 3250 1920 3301 ei.
1940 3279 2015 3289 -—
2047 3249 2302 3302 Gratisne.
2342 3251 2493 3302 Hanc
2526 3253 2868 3321 questionem

1854 3346 1922 3380 ne
1947 3329 2083 3380 forte
2108 3328 2292 3381 eredas
2317 3328 2435 3400 lege
2453 3329 2637 3381 Cincin
2648 3331 2760 3401 jtun
2783 3330 2874 3383 de·

1854 3410 2046 3474 cisum,
2076 3425 2180 3480 qna
2205 3408 2349 3461 dona
2376 3408 2450 3460 ob
2472 3426 2689 3462 causam
2713 3426 2867 3462 oran·

1854 3488 1976 3541 dam
1987 3508 2177 3561 capere
2187 3493 2408 3542 vetitum
2417 3503 2530 3543 erat
2547 3510 2562 3552 ς
2583 3490 2871 3543 observan-

1851 3568 1980 3621 dum
1992 3582 2072 3621 est
2083 3607 2099 3634 ,
2110 3570 2248 3622 hauc
2259 3569 2430 3640 legen
2440 3569 2542 3622 sub
2551 3569 2867 3636 Cesaribus,

1853 3647 2071 3700 relatam
2088 3647 2300 3719 quidem
2316 3667 2432 3701 esse
2446 3648 2730 3720 aliquoties
2741 3687 2757 3716 ‚
2769 3649 2865 3702 sed

1848 3728 1922 3779 ita
1943 3740 2001 3778 ut
2022 3739 2436 3799 temperamenta
2463 3727 2701 3800 quadam
2726 3731 2866 3781 aeci-

1848 3818 2027 3877 peret,
2057 3804 2249 3876 quibus
2271 3805 2418 3859 dona
2446 3809 2862 3860 remuneratori·

1849 3885 1984 3935 intra
2024 3896 2226 3937 certum
2261 3883 2483 3937 modum
2519 3903 2711 3957 capere
2737 3904 2864 3957 per-

1848 3964 2068 4016 missum
2093 3977 2248 4015 esset.
2284 3964 2415 4033 Quoe
2439 3965 2617 4016 omnia
2639 3963 2864 4057 diligen·

1849 4055 1930 4095 ter
1950 4055 2263 4114 persecutus
2287 4058 2367 4095 est
2385 4045 2694 4096 Brummer
2677 4061 2734 4094 m
2757 4047 2866 4097 sin·

1846 4121 2018 4193 gulari
2030 4123 2094 4173 de
2113 4122 2226 4195 lege
2245 4122 2424 4176 Cincin
2439 4135 2697 4189 tractatu,
2716 4142 2863 4177 recu·

1848 4220 1908 4256 so
1937 4204 1993 4256 in
2017 4204 2420 4256 Brummerianis
2442 4205 2584 4277 Lips.
2620 4219 2786 4274 1712,
2811 4204 2863 4257 8.
