3200 5159
830 505 954 583 ¹40
1398 500 1490 563 M.
1529 498 1757 564 FABII
1796 498 2360 580 QUINTILIANI

823 623 1065 713 dium3
1107 650 1249 722 quo
1281 621 1411 695 sibi
1450 637 1593 694 non
1633 647 1930 719 praesens
1966 642 2238 693 tantum
2280 621 2507 713 dolor,
2546 622 2669 694 sed
2715 625 2919 698 etiam

825 738 1208 837 desperatio
1257 738 1331 809 in
1389 758 1743 837 posterum
1794 737 2023 808 fieret:
2076 758 2230 809 tum
2278 737 2520 810 Florus
2571 739 2925 828 arridens,

721 856 784 911 ¹5
822 854 1189 954 Numquid
1218 869 1325 939 tu,
1358 852 1619 952 inquit,
1646 851 1884 923 melius
1916 851 2139 923 dicere
2166 857 2285 938 viS,
2315 880 2525 951 quam
2554 855 2796 952 potes?
2825 856 2921 926 Ita

820 996 892 1041 se
918 996 1022 1041 res
1057 968 1264 1041 habet
1291 996 1305 1039 ε
1333 968 1731 1040 curandum
1768 987 1897 1057 est,
1930 988 2005 1038 ut
2033 995 2248 1065 quam
2280 967 2540 1068 optime
2573 968 2925 1060 dicamus;

817 1085 1196 1158 dicendum
1233 1105 1471 1162 tamen
1507 1110 1633 1181 pro
1665 1083 1988 1155 facultate
2017 1097 2032 1127 ¹
2066 1110 2082 1154 :
2115 1084 2201 1155 ad
2239 1085 2635 1182 profectum
2662 1099 2687 1129 ²
2724 1086 2921 1157 enim

815 1227 991 1301 opus
1025 1221 1124 1273 est
1152 1200 1420 1292 studio,
1457 1226 1597 1271 non
1634 1198 2155 1297 indignatione:
2188 1221 2266 1271 ut
2298 1200 2643 1298 possimus
2685 1223 2924 1274 autem

817 1316 1116 1388 scribere
1166 1315 1379 1387 etiam
1429 1312 1684 1414 plura³
1719 1314 2012 1385 celerius
2036 1373 2055 1405 ,
2092 1317 2669 1389 non‘exercitatio
2710 1317 2925 1389 modo

813 1432 1195 1533 praestabit,
1232 1432 1304 1503 in
1354 1458 1492 1530 qua
1542 1433 1692 1503 sine
1737 1431 1955 1504 dubio
2008 1432 2319 1505 multum
2369 1453 2509 1523 est,
2545 1433 2664 1505 sed
2708 1434 2921 1505 etiam

813 1555 991 1622 ratio
1002 1578 1026 1632 ,·
1057 1548 1113 1620 si
1138 1574 1283 1619 non
1318 1548 1629 1647 resupini
1647 1547 1702 1637 4,
1733 1570 2257 1647 spectantesque
2281 1537 2540 1622 tecttim
2566 1549 2620 1640 ⁵,
2652 1571 2723 1623 et
2748 1550 2926 1650 cogi-

815 1660 1150 1734 tationem
1199 1659 1612 1733 murmure⁶
1645 1661 2018 1760 agitantes,
2054 1664 2708 1762 exspectaverimuS,
2746 1665 2923 1764 quid

816 1778 1141 1849 obveniat
1160 1793 1215 1867 ⁷,
1250 1779 1370 1850 sed
1400 1779 1571 1878 qnid
1605 1806 1707 1851 res
1737 1800 2008 1878 poscat,
2038 1781 2210 1880 quid
2245 1807 2612 1880 personam
2644 1781 2921 1872 deceat,

812 1893 1001 1993 quod
1030 1893 1116 1966 sit
1137 1915 1448 1994 tempus,
1470 1895 1589 1995 qui
1606 1895 1864 1998 judicis
1890 1896 2205 1986 animus,
2226 1895 2525 1988 Sintuiti,
2556 1896 2918 1970 9humano

885 2091 929 2126 ι.
967 2076 1071 2127 Pro
1092 2076 1375 2148 facultate.
1406 2080 1579 2131 Tui-ic.
1599 2116 1618 2144 ,
1648 2089 1826 2149 proter

796 2152 1145 2225 facultatem3
1167 2175 1196 2206 a
1211 2174 1316 2208 sec.
1336 2175 1495 2210 manu
1508 2168 1724 2231 propter
1728 2158 1820 2228 fa·

806 2231 1082 2297 cultatem,
1110 2247 1163 2285 et
1186 2237 1259 2285 sic
1283 2236 1423 2287 Fior.
1445 2254 1474 2287 a
1497 2256 1575 2308 pr.
1603 2255 1780 2288 manu.

877 2331 925 2364 α.
965 2312 1054 2363 Ad
1081 2313 1395 2384 profectum.
1421 2315 1596 2366 Turio.
1643 2315 1817 2381 Pion,

806 2391 1043 2463 adjecero
1061 2403 1189 2443 tunt.
1213 2392 1304 2444 nte
1325 2411 1352 2443 a
1374 2412 1482 2446 sec.
1505 2411 1666 2444 manu
1688 2408 1744 2446 ut
1762 2395 1818 2446 id

792 2472 971 2542 secero
993 2481 1135 2534 tunm
1155 2470 1242 2523 hie
1261 2472 1331 2524 ad
1348 2474 1671 2547 perfeetum,
1695 2494 1819 2528 cum

804 2550 963 2603 Goth.

870 2629 923 2680 3.
945 2628 1107 2682 Plura
1123 2629 1363 2692 cele-rius,-
1384 2633 1458 2682 sic
1472 2635 1652 2685 Tui-ic.
1671 2633 1813 2686 Flor.

798 2708 959 2760 Cnn’.
985 2707 1146 2761 Goth.
1172 2710 1316 2761 Jens.
1344 2708 1467 2778 (tac.
1484 2711 1671 2781 Gesn.)
1689 2730 1811 2762 cum

797 2783 951 2839 Voss.
988 2805 1033 2851 ι,
1061 2805 1125 2848 2,
1162 2786 1229 2848 3,
1264 2801 1315 2838 et
1349 2787 1468 2839 edd.
1505 2801 1630 2842 ante
1664 2790 1813 2853 Ald„

797 2884 910 2917 acc.
957 2863 1083 2916 Bad.
1129 2864 1334 2935 Reliqui
1372 2868 1610 2919 inserunt
1647 2879 1711 2918 et.
1754 2870 1814 2919 In

794 2944 972 2996 Guelf.
996 2941 1203 2995 videtur
1222 2963 1339 2996 esse
1361 2944 1487 2998 hoc.
1511 2947 1675 2998 Cnn’.
1701 2966 1813 2999 mo·

797 3021 868 3073 do
891 3033 942 3073 et
965 3040 1061 3091 pro
1086 3021 1259 3073 etiam.

861 3102 910 3168 4.
939 3101 1240 3173 Resupt'm’...
1265 3102 1396 3174 quid
1424 3105 1686 3156 obveniat.
1714 3108 1813 3158 Ac·

791 3180 917 3233 cidit
945 3182 1175 3244 Nostro,
1206 3180 1352 3253 quod
1386 3201 1546 3253 supra
1576 3186 1624 3250 S.
1654 3202 1723 3253 9,
1752 3198 1813 3236 nt

791 3279 882 3313 sna
925 3274 1185 3332 repeteret
1218 3263 1511 3326 immemor,
1542 3281 1659 3332 quae
1688 3277 1814 3314 sunt

792 3341 835 3391 11
852 3378 869 3406 ,
907 3355 924 3389 1
945 3356 989 3403 ι,
1014 3340 1066 3406 4.
1093 3340 1224 3393 Sunt
1253 3352 1429 3396 tamen
1456 3342 1664 3412 utrique
1687 3342 1807 3394 loco

790 3438 893 3470 snae
915 3437 1159 3480 veneres,
1175 3432 1235 3470 ut
1250 3420 1607 3489 geminatione
1628 3438 1807 3472 carere

787 3497 947 3551 nolis.
966 3498 1146 3549 Malim
1161 3498 1252 3552 hio
1268 3498 1411 3569 quod
1428 3499 1542 3550 obv.
1569 3517 1675 3570 quo
1692 3502 1808 3573 ipse

793 3579 943 3631 locus
966 3579 1206 3646 geminus
1231 3576 1465 3628 deducit.

852 3657 902 3710 5.
937 3657 1169 3708 Tectum.
1200 3657 1377 3708 Turio.
1416 3656 1558 3708 Flor.
1595 3655 1724 3728 (hic
1774 3677 1805 3711 a

778 3757 863 3809 pr.
890 3737 1079 3802 manu)
1101 3738 1369 3788 omittunt.

845 3816 895 3870 6.
941 3816 1317 3888 Coqitationem
1359 3832 1642 3867 murmure.
1688 3818 1801 3869 Tu-

777 3899 901 3960 rio„
924 3894 1299 3965 coqt'tationum
1326 3910 1600 3943 munnere.

850 3992 899 4044 7.
930 3972 1213 4032 Obveniat,
1238 3970 1324 4021 sel
1347 3970 1487 4043 quid.
1515 3972 1797 4023 'suricenm

774 4052 912 4103 Flor.
957 4050 1133 4103 Guelf.
1174 4050 1333 4102 Cui».
1384 4050 1640 4099 omittunt
1680 4050 1798 4115 sed,

774 4151 897 4182 cum
922 4129 1082 4183 Goth.
1112 4132 1266 4181 Voss.
1302 4147 1316 4179 ι
1354 4128 1543 4198 (Voss.
1586 4146 1612 4179 2
1648 4130 1795 4181 nulla

770 4217 828 4264 in
843 4210 944 4263 hoc
962 4208 1209 4281 mentio),
1230 4222 1282 4263 et
1297 4208 1416 4262 edd.
1435 4222 1556 4262 ante
1575 4209 1792 4283 Gryph-

1902 2080 2098 2131 Inserta
2141 2091 2220 2132 est
2260 2079 2523 2152 particula
2561 2097 2626 2132 ex
2663 2081 2878 2150 ingenio
2896 2117 2921 2146 ,

1901 2162 2053 2229 cujus
2079 2159 2292 2231 quidem
2317 2162 2527 2223 nescio,
2552 2158 2647 2211 sed
2670 2177 2917 2212 necessa-

1901 2237 1996 2286 rio.
2042 2265 2109 2273 —
2152 2238 2419 2289 Omittunt
2464 2255 2680 2310 quoque
2726 2255 2915 2289 omnes

1901 2317 2070 2366 nostri
2094 2314 2267 2367 Codd.
2293 2316 2388 2367 En.

1970 2394 2021 2445 8.
2045 2394 2252 2446 Intuitt'.
2274 2397 2484 2460 Τηνία,
2511 2393 2710 2448 intulit.
2736 2394 2879 2446 Flor.
2896 2434 2919 2461 ,

1901 2471 2156 2534 inituim,-
2193 2491 2221 2524 ο
2262 2491 2367 2526 seo.
2409 2493 2566 2525 manu
2602 2474 2834 2538 intuitu,
2863 2488 2917 2527 et

1898 2553 1971 2602 sie
2006 2549 2168 2602 Goth.
2206 2553 2349 2604 Jens.
2386 2551 2525 2620 (tac.
2557 2551 2759 2621 Gesn.)
2789 2570 2911 2602 cum

1896 2628 2035 2680 vall.
2072 2643 2126 2682 ct
2163 2629 2283 2682 edd.
2326 2645 2547 2699 posterr.
2592 2643 2715 2681 ante
2753 2629 2913 2694 Md„

1896 2724 2006 2757 ace.
2036 2707 2159 2758 Bad.
2186 2706 2286 2759 Sed
2311 2708 2474 2759 Cant.
2500 2726 2598 2778 pro
2623 2707 2706 2759 his
2732 2708 2911 2760 innati

1897 2783 1950 2836 Ιι.
1975 2804 2026 2857 q.
2057 2806 2129 2837 m.
2159 2807 2210 2837 a.
2239 2787 2379 2839 scrib.
2410 2786 2529 2837 dat:
2566 2805 2668 2859 quo
2702 2787 2909 2838 interim

1893 2864 2075 2916 animo
2101 2865 2310 2916 tandem
2334 2866 2404 2916 ad
2423 2865 2565 2918 scrib.
2579 2904 2598 2933 ,
2618 2878 2672 2918 et
2690 2867 2767 2918 sie
2786 2864 2904 2919 Ald.

1894 2944 1942 2995 N
1948 2957 2156 3006 ostrum⁸
2190 2948 2490 3017 reposuisse
2530 2944 2741 2997 videtur
2785 2944 2909 2998 Phi-

1893 3021 2105 3086 landen-3
2138 3025 2428 3093 ingeniose.
2463 3025 2662 3075 Bonam
2694 3026 2909 3094 copiam.

1893 3103 2062 3171 ejurat
2082 3104 2301 3173 Regius,
2327 3105 2415 3155 cui
2434 3115 2487 3154 et
2504 3116 2760 3173 corrupta
2781 3120 2904 3154 nos-

1893 3192 2002 3245 tra,
2032 3194 2084 3232 et
2106 3180 2195 3232 illa
2219 3181 2548 3251 legebantur,
2574 3199 2690 3252 quae
2713 3179 2787 3232 ab
2809 3199 2903 3232 au-

1893 3259 2086 3312 daculo
2112 3262 2359 3314 Caurino
2377 3258 2623 3312 videntur
2643 3261 2905 3331 profecta.

1891 3370 1962 3380 —
1985 3341 2129 3392 Avie.
2162 3342 2269 3392 RR.
2301 3339 2332 3392 3
2351 3377 2369 3405 ,
2399 3339 2464 3403 5,
2493 3342 2628 3392 Prat.
2646 3378 2664 3405 ,
2699 3340 2898 3391 intuiti.

1891 3420 2155 3471 Omittunt
2197 3421 2386 3472 caeteri.
2431 3422 2627 3473 Omnes
2667 3417 2899 3471 humano

1889 3499 2115 3571 quodam
2143 3500 2294 3551 modo
2317 3499 2390 3550 ad
2406 3499 2744 3551 scribendum.
2770 3499 2863 3549 Eu.

1959 3595 2010 3646 9.
2028 3579 2336 3630 Humano...
2353 3579 2522 3630 modo.
2541 3576 2897 3649 Sicslatinam

1895 3678 1917 3702 ι
1938 3676 2088 3728 paene
2114 3675 2224 3708 non
2253 3656 2486 3708 'cumana
2506 3674 2639 3708 voce
2660 3680 2682 3704 ιο
2711 3656 2900 3708 efflan-

1888 3737 2010 3789 dam
2035 3735 2162 3788 dicit
2184 3739 2278 3788 ΧΠ
2295 3775 2313 3801 ,
2339 3753 2429 3802 10,
2456 3753 2550 3806 29,
2576 3735 2717 3787 unde
2740 3750 2895 3807 puta

1892 3839 1913 3864 ι
1936 3817 2228 3870 humanum
2250 3815 2465 3868 modum
2486 3839 2509 3864 a
2535 3818 2740 3887 opponi
2760 3834 2894 3868 mur*-

1884 3896 2023 3947 muri
2063 3911 2222 3966 supra
2264 3897 2457 3965 posite.
2496 3893 2598 3945 Sed
2636 3892 2894 3966 quidquid

1885 3987 2032 4027 certa
2058 3975 2261 4025 ratione
2289 3973 2379 4038 fit,
2407 3972 2699 4025 humanum
2729 3987 2808 4026 est
2840 3988 2893 4027 et

1883 4054 2037 4106 decet
2072 4075 2094 4100 ιι
2115 4054 2406 4106 sanctius...
2447 4050 2639 4104 animal
2677 4055 2891 4106 mentis·

1890 4155 1913 4179 ι
1934 4151 2036 4202 qne
2074 4134 2321 4202 capacius
2357 4130 2503 4194 aitte,
2525 4154 2549 4178 ιι
2580 4149 2745 4201 quum
2773 4130 2891 4195 ille,

1883 4229 2041 4284 quem
2066 4209 2226 4266 modo
2251 4208 2609 4275 adumbravit,
2635 4206 2893 4262 advocan-
