3200 5159
765 518 894 599 423

1331 518 1429 583 M.
1467 517 1696 582 FABn
1733 515 2294 601 Qnm‘rlmml

767 665 911 714 esse
951 641 1327 741 perfectus»,
1365 666 1581 738 quem
1607 639 1993 740 ‘dormitare
2028 639 2313 713 interim
2353 637 2550 728 dicit3
2585 665 2715 714 nec
2748 640 2874 715 (3ἱὲ-

765 780 919 828 cero
945 769 962 799 ¹
998 757 1209 828 Bruto
1247 755 1602 854 Calvoque
1625 811 1645 845 ,
1681 741 1822 853 qui'
1847 773 2026 826 certe
2059 754 2644 854 compositionem
2678 756 2871 828 illius

765 871 976 942 etiam
1001 869 1188 970 apud
1214 870 1445 970 ipsum
1469 866 2029 969 reprehendunt3
2060 894 2189 941 nec
2209 868 2484 942 'Asinio
2516 869 2545 916 3
2562 870 2868 970 utrique,

764 984 887 1085 qui
927 985 1096 1058 vitia
1137 985 1467 1058 orationis
1510 983 1659 1085 ejus
1707 984 1922 1058 etiam
1959 983 2244 1056 inimice
2286 984 2604 1084 pluribus
2643 985 2871 1059 4locis

658 1132 726 1185 23
764 1101 1254 1202 insequuntur.
1288 1101 1783 1175 Concedamus
1813 1127 2015 1190 sane,
2059 1100 2248 1201 quod
2283 1101 2584 1175 minime
2622 1123 2874 1175 natura

764 1218 1024 1317 patitur
1039 1217 1092 1308 ⁵,
1120 1238 1476 1318 repertum
1499 1243 1643 1290 esse
1659 1217 1979 1317 aliquem
2000 1216 2270 1290 malum
2289 1217 2524 1290 virum
2545 1275 2566 1310 ‚
2587 1245 2869 1291 summe

766 1331 1138 1421 disertum3
1176 1332 1403 1405 nihilo
1427 1353 1667 1406 tamen
1697 1334 1935 1406 minus
1966 1354 2307 1406 oratorem
2340 1360 2506 1405 eum
2549 1333 2820 1432 negabo
2849 1361 2872 1405 τ

766 1446 990 1521 nam⁶
1032 1474 1163 1520 nec
1208 1447 1588 1541 omnibus,
1636 1449 1760 1547 qui
1802 1449 2065 1522 fuerint
2103 1475 2326 1523 manu
2361 1450 2702 1550 prompti,
2735 1449 2872 1522 viri

763 1563 958 1635 fortis
978 1590 1241 1637 nomen
1267 1566 1748 1656 concesserim,
1766 1566 1937 1665 quia
1958 1567 2110 1639 sine
2132 1566 2381 1640 virtute
2403 1567 2695 1667 intelligi
2719 1594 2871 1640 non

657 1710 725 1779 24
763 1698 985 1778 potest
1012 1679 1370 1752 fortitudo.
1402 1682 1514 1753 An
1546 1681 1643 1770 ei,
1674 1681 1798 1779 qui
1834 1681 1922 1753 ad
1956 1680 2432 1756 defendendas
2469 1710 2705 1756 causas
2746 1683 2888 1756 ad·-

760 1814 1046 1867 vocatur
1065 1808 1121 1885 ⁷,
1166 1821 1309 1867 non
1354 1815 1455 1868 est
1496 1822 1674 1896 opus
1708 1795 1888 1887 fide,
1918 1824 2137 1897 quam
2177 1824 2307 1870 nec
2345 1798 2691 1897 cupiditas
2725 1825 2884 1870 cor-

766 1929 1082 2009 rumpat,
1138 1935 1268 1981 nec
1313 1910 1536 2010 gratia
1584 1930 1841 1984 avertat
1870 1967 1889 2001 ,
1938 1938 2068 1984 nec
2114 1933 2339 1985 metus
2392 1912 2707 2011 frangat?
2746 1911 2883 1985 sed·

764 2023 1191 2122 proditorem
1212 2082 1232 2116 ,
1276 2025 1709 2124 transfugam
1738 2082 1758 2116 ‚
1806 2026 2393 2126 praevaricatorem
2444 2025 2871 2099 donabimus

763 2139 1049 2212 oratoris
1090 2138 1208 2213 illo
1237 2165 1430 2213 sacro
1455 2139 1797 2212 nomine?
1841 2140 2057 2231 Quod
2081 2141 2138 2213 si
2165 2140 2640 2213 mediocribus
2655 2139 2866 2212 etiam

762 2255 1073 2352 patronis
1105 2254 1428 2327 convenit
1448 2252 1597 2327 haec
1618 2312 1639 2345 ,
1665 2282 1821 2355 quae
1850 2256 2061 2355 vulgo
2091 2255 2383 2348 dicitur,
2417 2255 2679 2329 bonitas
2691 2285 2716 2340 ,·
2741 2281 2884 2327 cur·

636 2429 647 2436 .
761 2396 907 2442 non
938 2392 1166 2444 orator
1193 2371 1346 2463 ille,
1391 2370 1515 2472 qui
1540 2371 1866 2444 nondum
1889 2372 2062 2462 fuit,
2102 2372 2222 2446 sed
2254 2393 2476 2474 potest
2502 2399 2682 2462 esse,
2720 2392 2868 2444 tam

659 2518 726 2573 25
762 2486 852 2558 sit
877 2485 1188 2560 moribus
1206 2545 1225 2578 ‚
1251 2513 1467 2586 quam
1500 2485 1785 2560 dicendi
1809 2488 2052 2562 virtute
2074 2489 2458 2590 perfectus?
2481 2491 2650 2562 Non·
2671 2489 2867 2562 enim

844 2732 891 2769 1.
916 2718 1089 2771 Cicero
1110 2720 1272 2772 Bruto
1295 2718 1614 2793 Caluoque...
1631 2722 1778 2794 apud

762 2800 950 2871 ipsum.
968 2798 1101 2851 Vide
1121 2799 1195 2851 IX
1210 2837 1228 2865 ‚
1252 2799 1285 2865 4
1300 2838 1318 2866 ,
1351 2817 1396 2852 ι.
1420 2802 1662 2872 Apparet
1684 2804 1779 2873 igi·

760 2891 850 2930 tur
871 2878 1297 2950 compositionem
1327 2879 1417 2932 hic
1443 2897 1558 2933 esse
1582 2900 1777 2934 nume-

761 2977 850 3011 ros
888 2959 1181 3025 oratorios,
1211 2976 1319 3029 quo
1354 2958 1441 3012 vel
1475 2970 1611 3013 certe
1639 2959 1775 3014 illud

764 3036 1000 3090 deducit.

835 3133 884 3188 2.
906 3115 1088 3168 Asinio
1108 3117 1333 3189 utrique.
1355 3138 1379 3163 e·
1401 3120 1539 3171 Patri
1564 3132 1616 3171 et
1640 3118 1774 3186 filio,

768 3219 790 3242 κ
813 3213 1039 3268 quorum
1061 3192 1150 3247 hic
1175 3194 1239 3248 de
1258 3200 1651 3269 comparatione
1674 3217 1776 3270 pa-

768 3298 792 3323 «
812 3275 903 3328 tn's
923 3285 977 3326 et
1000 3273 1254 3329 Ciceronis
1284 3275 1450 3329 libros
1475 3277 1640 3331 edidit
1663 3278 1776 3331 lec-

768 3376 791 3401 «
810 3365 895 3405 tos
919 3351 1087 3404 Plinio
1107 3355 1272 3424 Epist.
1289 3357 1383 3407 vn
1398 3393 1415 3422 ‚
1440 3355 1502 3423 4,
1529 3357 1561 3423 4
1579 3395 1596 3422 ,
1622 3371 1675 3409 et
1695 3376 1778 3411 re-

766 3456 790 3480 ·
810 3434 1010 3485 futatos
1038 3452 1070 3485 a
1091 3431 1316 3486 Claudio
1341 3436 1468 3506 imp.
1497 3448 1633 3488 teste
1653 3438 1779 3490 Sue-

769 3537 792 3562 «
811 3527 956 3580 ton.‚
980 3532 1027 3565 c.
1051 3512 1138 3580 41.
1160 3513 1296 3566 Add.
1320 3515 1456 3567 Gell.
1480 3518 1651 3583 XVII,
1684 3535 1728 3570 ι.
1746 3541 1770 3566 ιι

760 3595 1045 3647 Gesnerus.
1077 3594 1470 3664 Iniquissimum
1505 3597 1778 3650 Ciceronis

763 3672 1178 3724 obtrectatorem
1209 3674 1455 3725 Asinium
1486 3675 1778 3729 Pollionem

763 3749 994 3807 ostendit
1013 3751 1212 3804 Seneca
1234 3766 1390 3823 pater
1409 3754 1623 3808 Suasor.
1639 3759 1728 3808 Vl.

831 3830 883 3884 3.
916 3830 1149 3905 Πετίφιε.
1185 3832 1335 3885 Poul.
1369 3834 1476 3886 RR.
1501 3833 1565 3900 3,
1590 3853 1643 3906 7,
1669 3836 1778 3888 Lo-

762 3923 897 3976 cat.‚
922 3911 1116 3983 utique.
1143 3910 1302 3964 Male.
1332 3912 1424 3965 En.

772 4023 783 4030 -
835 3989 885 4055 4.
905 3987 1150 4042 Pluribus
1169 3987 1322 4054 tot-is,-
1345 3994 1423 4044 sic
1437 3993 1615 4044 Turic.
1632 3992 1776 4045 Flor.

761 4067 946 4119 Ambr.
985 4085 1032 4120 2.
1080 4067 1147 4121 In
1189 4070 1430 4123 inserunt
1469 4070 1679 4143 reliqui.
1709 4101 1777 4113 —

764 4145 960 4199 Eadem
979 4148 1164 4199 nostri.
1187 4149 1282 4201 En.
1428 4143 1435 4150 ⁶

837 4223 888 4279 5.
924 4226 1136 4279 Patitur
1144 4248 1168 4291 ,-
1206 4231 1282 4281 sic
1318 4228 1592 4284 Turicens.
1635 4228 1775 4284 Flor.

1855 2724 2037 2777 Ambr.
2073 2742 2101 2777 2
2119 2764 2137 2793 ,
2165 2725 2341 2780 Guelf.
2366 2724 2527 2778 Goth.
2551 2724 2697 2775 hnc.
2721 2720 2865 2791 (tac.

1853 2802 2050 2876 Gesn.)
2068 2805 2232 2857 Cain».
2254 2822 2375 2856 cum
2394 2802 2532 2855 Alm.
2553 2802 2707 2854 Voss.
2731 2817 2790 2866 2,
2815 2812 2870 2852 et

1857 2882 1979 2935 edd.
2005 2894 2128 2935 ante
2147 2881 2346 2954 Gryph.
2374 2880 2637 2946 patiatur,
2655 2877 2867 2949 reliqui.

1856 2958 1989 3012 Vide
2009 2959 2052 3030 §.
2070 2978 2124 3029 9,
2150 2960 2206 3011 id
2219 2960 2417 3032 quod...
2436 2968 2619 3031 potest.
2642 2958 2771 3009 Mox
2789 2957 2871 3008 ηἰ-

1856 3038 2024 3090 hilo...
2061 3038 2257 3111 negabo
2290 3040 2485 3091 omittit
2517 3036 2690 3091 Guelf.
2720 3037 2870 3087 Eum

1857 3120 2052 3171 omittit
2074 3119 2238 3171 Cute.

1927 3199 1978 3251 6.
2016 3197 2173 3250 Nam.
2205 3198 2472 3251 Omittuut
2503 3194 2681 3249 Turic-
2719 3195 2865 3248 Flor.

1857 3295 1980 3328 cum
2007 3275 2147 3327 Alm.
2187 3290 2241 3328 et
2264 3277 2423 3329 Turio
2461 3274 2676 3346 quidem
2713 3275 2868 3345 apice

1856 3355 2105 3427 imposito
2136 3356 2255 3407 voci
2289 3372 2409 3417 nec,
2441 3370 2540 3424 pro
2570 3370 2679 3424 qua
2698 3350 2865 3405 Goth.

1855 3433 2085 3505 (tacente
2103 3434 2495 3506 Gesn.)Cn1r.,
2515 3450 2707 3505 neque,
2729 3434 2869 3485 sicut

1857 3532 1980 3566 mox
1999 3526 2121 3565 ante
2139 3512 2395 3587 cupiditas
2412 3511 2543 3565 dant
2556 3530 2749 3585 neque,
2763 3513 2871 3564 Tu-

1856 3593 1950 3646 ric.
1984 3592 2125 3644 Flor.
2162 3591 2344 3644 Ambr.
2381 3609 2446 3656 2,
2484 3589 2661 3643 Guelf.
2700 3588 2866 3644 Goth.

1857 3671 1980 3743 (tac.
2005 3671 2194 3742 Gesn.)
2216 3672 2379 3724 Can».
2397 3669 2530 3724 Vide
2555 3671 2658 3737 111,
2692 3687 2761 3741 9,
2797 3670 2832 3724 5
2849 3708 2870 3736 ‚

1859 3764 1913 3804 et
1941 3770 2066 3802 mox
2093 3747 2139 3822 §-
2176 3750 2258 3804 25.

1944 3848 1993 3901 7.
2057 3830 2371 3883 Advooamr.

1858 3909 2039 3963 Ambr.
2059 3929 2106 3963 2.
2133 3910 2318 3964 Gratia
2338 3918 2523 3974 vertat,
2535 3909 2872 3974 Tui-icensis,

1858 3990 2222 4055 Florentium,
2254 3991 2415 4050 Gaia».
2447 4006 2571 4041 cum
2605 3986 2872 4038 Almelov.

1860 4069 2324 4142 Tramfuqatorem
2338 4109 2355 4133 ,
2384 4069 2546 4122 Cntr.
2572 4066 2695 4120 Esse
2713 4065 2875 4118 sitam

1857 4150 1950 4214 sit,
1988 4150 2315 4224 Guelferbyt.
2351 4148 2645 4217 Major-ibus
2675 4163 2874 4219 quain,

1859 4229 2095 4281 Floreat.

2432 3830 2538 3880 Dat
2589 3829 2875 3881 advocator
