3200 5159
801 515 930 601 474

1366 511 1461 577 M„
1500 513 1729 577 nnn
1766 491 2326 596 Qum'nmmt

793 634 971 708 bum
1006 633 1432 734 proferatur:
1464 661 1632 706 nam
1665 634 1832 707 inde
1856 656 1922 707 et
1940 656 2384 736 contemptus
2407 638 2635 737 operis
2659 639 2876 711 innas-

794 750 971 821 citur
991 763 1040 839 ¹,
1071 770 1143 822 et
1166 749 1635 822 fundamenta
1653 749 2016 852 jaciuntur
2047 751 2535 851 impudentias,
2567 774 2665 843 et,
2700 754 2873 854 quod

795 885 897 938 est
947 864 1211 964 ubique
1259 864 1928 964 perniciosissimum
1959 923 1979 957 ‚
2028 869 2357 966 praevenit
2398 868 2575 942 vires
2618 869 2874 942 fiducie.

719 1004 753 1058 3
794 983 940 1053 Nec
968 1007 1203 1053 rursus
1222 980 1744 1054 differendum²
1777 1003 1879 1055 est
1905 982 2308 1055 tirocinium
2339 984 2412 1056 iu
2437 1005 2875 1056 senectutem:

789 1121 963 1168 nam
984 1096 1297 1193 quotidie
1318 1117 1545 1170 metus
1569 1098 1847 1189 crescit,
1875 1099 2246 1201 majusque
2266 1099 2344 1171 fit
2367 1127 2676 1199 semper,
2705 1099 2879 1199 quod

792 1210 1032 1282 ausuri
1057 1237 1340 1298 sumus;
1378 1231 1475 1301 et,
1513 1210 1686 1283 dum
1720 1211 2229 1304 deliberamu5‚
2264 1214 2549 1312 quando
2573 1214 2885 1314 incipien-

793 1325 970 1397 dum
1002 1326 1121 1417 sit,
1159 1326 1466 1427 incipere
1484 1327 1640 1429 jam
1669 1353 1907 1400 serum
1935 1350 2072 1402 est:
2108 1353 2322 1428 quare
2354 1329 2709 1402 fructum³
2746 1351 2881 1403 stu-

792 1524 1005 1593 negatio
1044 1537 1152 1573 non
1192 1522 1425 1586 aeder-e,-
1463 1522 1586 1576 ilico
1627 1533 1805 1576 tamen

790 1603 1015 1653 sentitur
1038 1611 1091 1653 et
1114 1609 1275 1653 causa
1301 1615 1353 1653 et
1380 1604 1603 1654 maxima
1630 1603 1804 1655 diver-

792 1682 952 1745 sitas,
977 1698 1042 1732 eo
1075 1680 1219 1751 quod
1249 1697 1359 1733 nou
1393 1680 1461 1733 ad
1485 1682 1708 1734 verbum
1738 1678 1806 1732 li-

789 1769 870 1811 eet
892 1757 1183 1830 repetenda
1208 1771 1286 1810 est
1310 1760 1554 1828 negatio,
1576 1761 1650 1809 ita
1677 1771 1735 1810 ut
1757 1769 1808 1811 et

793 1836 916 1890 lieet
933 1850 1072 1890 esset
1085 1853 1183 1909 pro
1200 1837 1461 1901 necle'ce15
1485 1837 1631 1909 quod
1647 1837 1806 1909 louge

791 1915 953 1969 alium
995 1916 1072 1969 ihi
1108 1929 1162 1969 et
1198 1919 1550 1988 incongruum
1592 1933 1806 1969 sensum

789 1996 1043 2048 efficeret.
1077 1996 1178 2046 nic
1199 2009 1326 2047 vero
1351 2005 1418 2047 et.
1435 2034 1446 2046 .
1463 2035 1476 2046 .
1508 1994 1811 2068 proferatur

790 2073 950 2147 plane
975 2086 1054 2127 est
1078 2072 1219 2125 idem
1241 2071 1388 2144 quod
1413 2089 1594 2145 neque.
1611 2111 1624 2124 .
1641 2112 1653 2123 .
1679 2089 1810 2143 pro-

778 2161 1010 2233 feratur.
1024 2159 1121 2212 Per
1140 2177 1198 2211 se
1218 2160 1378 2230 igitur
1397 2156 1706 2210 tractandus
1729 2168 1809 2208 est

788 2253 973 2292 noster
1013 2238 1201 2302 locus;
1255 2251 1413 2309 quem
1469 2239 1564 2309 qui
1602 2249 1807 2294 „sanum

782 2315 1020 2391 judicat,
1065 2333 1209 2370 novo
1245 2315 1576 2388 negligentiae
1612 2329 1806 2387 genere

788 2405 1107 2472 scriptorem
1149 2400 1394 2470 superius
1431 2410 1491 2450 ut
1526 2409 1697 2468 neque
1731 2397 1803 2446 ita

787 2478 931 2532 dicat
972 2480 1297 2551 respexisse,
1341 2477 1492 2549 quasi
1535 2477 1805 2546 scripserit

787 2575 856 2609 ne
872 2568 938 2609 et.
959 2556 1121 2624 Quod
1147 2571 1311 2627 quum
1335 2557 1392 2607 in
1415 2553 1803 2623 Quintilianum

784 2638 871 2688 vix
894 2635 1049 2688 cadat
1066 2673 1083 2701 ,
1108 2634 1372 2706 reliquum
1393 2645 1472 2686 est
1497 2646 1556 2685 ut
1580 2645 1805 2705 corrup-

787 2727 901 2766 tum
947 2713 1128 2766 locum
1172 2725 1482 2766 statuamus.
1532 2709 1803 2764 Facillima

784 2807 965 2847 autem
1004 2791 1302 2863 corrigendi
1339 2807 1463 2844 eum
1499 2794 1636 2844 ratio
1668 2805 1807 2845 esset

788 2887 919 2926 sane
938 2871 1062 2938 illa,
1100 2889 1216 2944 quae
1251 2885 1304 2924 et
1336 2871 1467 2924 mihi
1502 2885 1555 2925 et
1588 2869 1803 2925 duobus

784 2955 967 3006 amicis
991 2950 1317 3004 Schneider-o
1359 2964 1411 3004 et
1445 2949 1714 3004 Boeckhio
1747 2955 1803 3004 in

785 3047 1014 3086 mentem
1058 3035 1233 3085 statim
1269 3034 1446 3098 venit,
1489 3049 1700 3104 quaque
1745 3044 1804 3085 ut

786 3125 881 3165 nec
910 3123 1206 3165 mutaretur
1229 3111 1283 3164 in
1306 3123 1365 3165 ut
1388 3131 1468 3165 ne.
1486 3116 1684 3166 Verum
1707 3109 1803 3164 hu-

777 3195 868 3264 jus
886 3188 1125 3245 formulas
1146 3207 1274 3244 usus
1300 3190 1445 3264 apud
1470 3191 1569 3244 hos
1588 3195 1802 3264 potissi-

781 3289 931 3324 mum
955 3286 1199 3323 auctores
1216 3311 1233 3340 ‚
1264 3275 1353 3344 qui
1389 3271 1457 3323 ab
1483 3275 1800 3343 antiquitate

785 3353 951 3421 magis
988 3353 1178 3403 remoti
1212 3363 1368 3416 suut,
1406 3354 1574 3402 rarior
1607 3361 1719 3416 est,
1748 3363 1800 3402 et

783 3449 994 3503 semper
1042 3447 1260 3484 causam
1313 3430 1547 3502 aliquam
1597 3427 1798 3492 habet;

784 3511 956 3583 qualis
972 3523 1079 3578 est,
1105 3523 1271 3583 quum
1298 3511 1340 3562 is
1362 3512 1454 3583 qui
1472 3509 1710 3580 loquitur
1729 3511 1800 3562 ita

782 3609 969 3644 seusus
1004 3587 1288 3663 disponere
1322 3588 1467 3654 vult,
1497 3601 1557 3641 ut
1586 3590 1798 3660 negatio

783 3672 1083 3742 praefigatur
1127 3672 1203 3721 rei
1242 3669 1344 3741 ipsi
1387 3681 1589 3739 negate
1633 3671 1799 3723 serius

782 3748 1045 3822 ponendae
1061 3787 1079 3813 ‚
1105 3763 1214 3820 quo
1239 3745 1380 3798 facto
1406 3753 1642 3798 remanet
1667 3753 1729 3796 ιιι
1744 3747 1799 3798 iu

782 3830 959 3881 fronte
996 3827 1378 3900 propositionis
1416 3823 1495 3896 (e.
1526 3837 1577 3895 g.
1617 3835 1682 3875 ut
1716 3823 1801 3877 lex

785 3901 933 3981 Fufia
976 3918 1028 3959 et
1070 3905 1282 3960 Valeria
1322 3923 1388 3957 ne
1431 3901 1664 3974 valeat);
1707 3919 1799 3957 ant

782 4003 950 4056 quum
986 4001 1172 4038 sensus
1205 3981 1555 4055 prohibitivus
1585 3996 1640 4034 et
1667 3997 1798 4034 cau-

782 4065 1024 4128 nonalis,
1051 4066 1142 4134 qni
1165 4077 1245 4115 est
1265 4065 1320 4114 in
1341 4061 1566 4134 simplici
1592 4079 1684 4128 ne,
1707 4064 1799 4113 mi-

784 4145 877 4195 nui
901 4142 1059 4194 debet
1072 4181 1087 4202 ,
1114 4139 1259 4212 quod
1279 4160 1308 4192 a
1328 4154 1512 4193 nostro
1533 4139 1655 4192 loco
1676 4140 1799 4193 alie-

784 4223 1059 4274 nissimum
1085 4233 1191 4282 est;
1217 4234 1309 4271 aut
1335 4239 1498 4292 quum
1518 4220 1796 4274 consilium

1884 1519 2018 1578 illud
2050 1527 2350 1597 negativum
2369 1565 2387 1593 ‚
2421 1528 2527 1580 sive
2557 1528 2734 1579 cautio
2760 1545 2882 1599 pen·

1885 1602 1976 1655 det
2014 1621 2045 1655 a
2077 1604 2274 1671 verbo,
2311 1604 2392 1657 vel
2435 1618 2678 1657 sermone
2714 1622 2882 1657 sensus

1887 1684 2179 1736 affirmativi
2199 1724 2217 1752 ,
2249 1685 2342 1737 sed
2371 1684 2609 1737 nondum
2635 1682 2884 1750 absoluti,

1885 1761 1991 1813 hoc
2017 1776 2131 1831 est,
2155 1762 2424 1835 objectum
2446 1755 2667 1834 aliquod
2694 1760 2884 1815 deside·

1885 1844 2052 1894 rantis
2068 1880 2086 1909 ‚
2115 1839 2291 1914 qualia
2315 1855 2438 1895 sunt
2450 1839 2663 1915 facere,
2687 1859 2883 1914 operam

1887 1920 2036 1988 dar-e,
2057 1940 2247 1974 munus
2268 1924 2376 1994 ςῘιις
2398 1931 2498 1988 est,
2519 1918 2811 1992 postulare,
2832 1929 2887 1971 ut

1887 2017 2071 2062 ne...‚·
2106 2018 2222 2071 quae
2256 2001 2432 2051 omnia
2467 1999 2629 2069 hujus
2653 1999 2759 2052 loci
2787 2015 2884 2049 non

1889 2091 2027 2132 sunt.
2055 2080 2233 2147 Quare
2260 2087 2466 2131 servato
2490 2078 2582 2131 illo
2607 2089 2672 2130 ut
2699 2097 2885 2152 neque,

1886 2155 2075 2211 vocula
2102 2165 2153 2211 et
2176 2161 2358 2231 utique
2383 2156 2638 2211 mutanda
2666 2171 2762 2211 est.
2789 2155 2886 2210 Ne·

1888 2249 1990 2311 que
2011 2251 2184 2291 tamen
2210 2241 2325 2310 ejus
2349 2237 2470 2291 loco
2492 2239 2750 2291 satisfacit
2769 2247 2883 2290 arat.-

1887 2335 1996 2370 non
2021 2320 2158 2369 enim
2184 2325 2282 2368 aut
2302 2317 2524 2370 alterum
2554 2315 2887 2371 metuendum

1886 2407 1985 2465 est,
1999 2399 2043 2450 si
2053 2393 2233 2450 modus
2243 2416 2353 2449 uon
2366 2403 2583 2465 tenetur,
2597 2397 2694 2451 sed
2705 2412 2889 2450 utrum·

1885 2494 2007 2547 que.
2031 2477 2259 2528 Unicum
2284 2478 2465 2547 itaque
2481 2513 2498 2542 ,
2528 2476 2583 2528 ni
2607 2474 2782 2542 fallor,
2810 2494 2890 2529 re-

1882 2556 2068 2609 lictum
2077 2567 2175 2621 est,
2191 2568 2250 2608 ut
2265 2555 2502 2628 legamus
2518 2576 2612 2609 nec
2625 2558 2885 2630 quicquid.

1976 2653 2022 2688 1.
2069 2631 2388 2688 Innascitur.
2433 2633 2678 2707 intellige
2722 2638 2889 2688 animo

1880 2713 2119 2785 juvenili.
2159 2714 2323 2781 Quod
2364 2713 2524 2786 longe
2563 2718 2888 2787 praestantius

1884 2792 2059 2845 inutili
2081 2791 2340 2846 Obrechti
2368 2798 2709 2866 conjectura,
2738 2813 2888 2869 quam

1884 2875 2051 2926 textui
2075 2874 2322 2940 immisit,
2346 2874 2595 2928 nascitur.

1957 2969 2004 3004 2.
2027 2950 2422 3023 Differ-endum.
2445 2949 2629 3004 Ambr.
2656 2970 2685 3005 2
2702 2988 2719 3016 ‚
2739 2949 2889 3022 dt’ff‘e-

1882 3032 2087 3085 oendus.
2118 3029 2351 3083 Florem.
2387 3029 2586 3099 Cauta,
2623 3044 2887 3085 senectute.

1880 3111 2077 3178 Goth„
2099 3114 2371 3184 majusque
2392 3111 2476 3164 sit.
2512 3107 2642 3163 Mox
2675 3111 2890 3164 alterum

1882 3204 1956 3243 est
1995 3202 2118 3262 post
2154 3208 2320 3242 serum
2364 3192 2636 3242 emitterre
2675 3192 2892 3244 refertur

1880 3263 2025 3321 Flor.
2051 3267 2274 3320 alterum
2299 3283 2424 3340 post
2447 3287 2556 3340 spes
2577 3269 2766 3322 Ambr.
2798 3288 2844 3322 2.

1952 3352 2004 3403 3.
2025 3350 2294 3401 chtum.
2311 3388 2323 3399 .
2342 3388 2354 3400 .
2381 3348 2597 3400 viridem
2634 3361 2690 3401 et
2723 3349 2890 3401 adhuc

1880 3429 2110 3482 dulcem.
2136 3428 2364 3481 Multum
2393 3428 2566 3481 haereo
2589 3433 2646 3481 in
2669 3429 2775 3482 hac
2803 3448 2890 3501 ap·

1879 3510 2180 3580 positorum
2216 3511 2615 3578 conjunctione.
2654 3507 2772 3561 Hoc
2815 3523 2891 3559 ta-

1880 3604 2004 3638 men
2033 3605 2096 3638 ex
2121 3605 2254 3639 voce
2277 3584 2452 3638 adhuc
2473 3600 2619 3638 recte
2642 3585 2889 3658 colligere

1878 3665 2081 3730 videor,
2092 3667 2353 3734 cogitasse
2365 3665 2618 3717 Nostrum
2634 3663 2888 3738 defructu

1883 3746 2000 3796 vitis
2020 3739 2159 3810 (vide
2176 3741 2320 3808 vm,
2343 3741 2407 3809 3,
2429 3743 2510 3817 8);
2536 3742 2630 3796 sed
2653 3757 2888 3798 remanet

1879 3823 2162 3890 dubitatio,
2171 3826 2474 3895 potueritne
2485 3833 2735 3893 mustum,
2747 3822 2888 3899 quod

1881 3899 2045 3955 viride
2077 3903 2301 3955 fortasse
2332 3915 2442 3955 nou
2472 3906 2650 3975 inepte
2679 3902 2886 3966 dicitur,

1878 3985 1994 4038 solo
2027 3979 2241 4057 fruetus
2277 3985 2491 4036 nomine
2533 3981 2790 4046 indicari;
2825 4001 2890 4034 au

1878 4065 2020 4129 vino,
2041 4064 2128 4113 cui
2149 4063 2386 4132 quamvis
2405 4058 2552 4114 dulci
2570 4073 2783 4133 semper
2800 4059 2887 4113 ali·

1878 4159 1982 4214 qua
2032 4144 2311 4214 austeritas
2332 4179 2350 4208 ‚
2403 4143 2516 4193 sive
2559 4143 2888 4194 severitatem

1876 4223 2073 4286 mavis,
2099 4217 2339 4288 accedit,
2368 4220 2650 4273 commode
2684 4221 2890 4292 opponi
