3200 5159
739 487 1391 557 INSTITUTIONIS
1428 488 1685 554 ORAT.
1726 488 1888 554 LIB.
1928 489 2051 573 Xl,
2097 492 2158 556 3.

2371 496 2497 580 407

392 631 593 700 rum,
617 613 809 710 quod
837 613 1008 686 alter
1040 612 1238 702 deos,
1278 632 1345 684 et
1366 612 1700 713 juvenes»,
1722 633 1790 688 et
1816 612 2325 713 bonos'patres,
2357 641 2501 687 ser-

394 750 681 826 vosque,
706 747 778 799 et
799 748 1176 817 matronas,
1206 748 1273 800 et
1300 752 1538 825 graves
1561 753 1745 799 anus
1773 728 2034 826 optime
2053 785 2074 816 ,
2097 728 2289 800 alter
2313 755 2500 801 acres

388 864 638 930 senes,
696 841 984 918 callidos
1031 867 1296 928 servos,
1353 839 1683 939 parasitos
1708 897 1727 930 ‚
1772 839 2092 931 lenoneS,
2151 862 2219 914 et
2262 843 2504 914 omnia

392 955 755 1054 agitatiora
790 956 1086 1032 melius:
1130 955 1265 1030 fuit
1300 956 1491 1032 enim
1523 977 1779 1032 natura
1820 957 2125 1047 diversa3
2164 985 2334 1031 nam
2374 984 2505 1031 vox

392 1096 677 1170 quoque
709 1072 1049 1146 Demetrii
1081 1071 1506 1175 jucundior,
1551 1072 1741 1146 illius
1776 1072 2000 1146 acrior
2046 1094 2211 1146 erat.
2261 1076 2505 1146 Anno-
2545 1093 2644 1150 ι79

392 1188 626 1260 tandm
668 1189 895 1288 magis
920 1204 938 1233 ¹
988 1189 1439 1289 proprietates
1462 1245 1481 1278 ,
1526 1216 1684 1286 quae
1729 1190 2081 1263 transferri
2128 1217 2273 1262 non
2307 1211 2508 1289 pote-

399 1326 585 1396 rant,
621 1333 877 1379 manus
902 1307 1196 1408 jactare,
1230 1328 1305 1379 et
1334 1306 1573 1381 dulces
1591 1321 1617 1351 ²
1650 1306 2191 1381 exclamationes
2217 1307 2506 1382 ³theatri

392 1446 601 1493 causa
653 1423 1037 1521 producere
1064 1480 1084 1514 ‚
1133 1443 1202 1495 et
1241 1422 1703 1521 ingrediendo
1756 1423 2099 1496 ventumst
2140 1422 2506 1522 concipere

386 1559 600 1628 veste,
625 1559 690 1610 et
713 1566 1234 1638 nonnunquam
1255 1539 1492 1612 dextro
1517 1538 1756 1612 latere⁵
1783 1542 2008 1612 facere
2027 1560 2289 1638 gestus3
2317 1539 2510 1640 quod

391 1654 764 1727 neminem
791 1655 1013 1728 aliurn
1038 1677 1286 1755 praeter
1311 1654 1755 1728 Demetrium
1785 1655 2059 1744 decuit3
2088 1682 2405 1755 namque
2433 1655 2507 1727 in

399 1841 428 1874 2
448 1859 464 1886 ,
493 1810 646 1873 illum
671 1823 863 1877 m't'nus.
885 1824 1066 1876 Turio.
1097 1824 1267 1889 Flor„
1297 1842 1410 1876 me—

395 1899 501 1954 lius
516 1912 593 1955 set
608 1905 771 1955 enirn.
785 1903 960 1956 Guelf.
974 1941 993 1970 ,
1016 1923 1090 1955 m.
1096 1901 1175 1975 fit
1192 1922 1235 1956 e.
1254 1904 1408 1956 Voss·

406 1997 452 2045 1,
472 1980 533 2044 3,
556 2000 626 2033 m.
656 1982 722 2033 sit
743 2002 787 2034 e.
813 1982 1078 2048 Gothan.,
1102 1980 1337 2056 m.fiunt
1363 2001 1408 2034 e.

390 2058 564 2111 Csnr.
579 2097 595 2127 ,
618 2079 691 2112 m.
715 2072 841 2114 sunt
860 2082 904 2114 e.
918 2063 1184 2113 -Nostri
1206 2073 1255 2113 et
1272 2062 1414 2113 Stra·

397 2136 594 2203 coclea,
635 2140 736 2190 nisi
760 2141 907 2211 quod
938 2142 1046 2193 BR.
1074 2143 1137 2206 3,
1171 2140 1237 2207 5,
1274 2156 1334 2192 to
1363 2151 1415 2192 et

400 2219 667 2269 omittunt.
693 2218 786 2269 En.

478 2314 498 2348 ι
512 2335 523 2348 .
540 2295 876 2352 Annotandoe
888 2300 1257 2372 'nafis-Turic-
1268 2299 1410 2352 Flor.

397 2372 484 2442 (ex
521 2374 626 2426 hoc
661 2375 875 2445 quidem
907 2395 1180 2444 memore,
1207 2393 1260 2434 et
1288 2397 1411 2431 mox

393 2449 749 2526 proprietatis)
776 2456 962 2523 Caum,
977 2456 1293 2509 adnotanda*
1311 2475 1415 2509 me-

399 2534 580 2586 morioe
600 2536 798 2610 Μαρία,
828 2554 951 2588 cum
974 2536 1233 2590 Almelov.
1258 2536 1410 2590 Bodl.

398 2614 566 2666 Andr.
580 2616 809 2670 Facilius
830 2635 957 2670 sane
976 2618 1077 2670 fuit
1096 2636 1285 2674 vocem
1302 2637 1415 2672 mo-

397 2691 733 2752 lestissimam
757 2696 947 2766 ejicere
974 2714 1132 2767 quam
1159 2696 1412 2749 emenda-

398 2790 453 2824 re
469 2793 485 2835 3
509 2771 603 2824 sed
621 2774 737 2845 ipse
754 2774 955 2828 bonam
973 2777 1183 2847 copiam
1204 2780 1411 2848 ejurare

398 2870 580 2922 cogor.
606 2853 667 2906 ld
686 2855 902 2926 quidem
926 2870 1177 2928 apparet,
1198 2856 1408 2929 adjecto

399 2930 579 3001 aliquo
639 2936 887 3005 apposito
948 2934 1017 2986 ad
1070 2936 1411 3008 proprietates

397 3008 558 3081 longe
576 3010 763 3064 melius
783 3013 1099 3083 procedere,
1123 3014 1267 3085 quod
1289 3014 1412 3068 sub-

391 3091 635 3159 jungitur
648 3090 832 3144 iisdem
846 3128 863 3156 ,
878 3109 996 3163 quoe
1017 3093 1283 3164 transfer-n
1301 3112 1409 3146 non

395 3168 1059 3240 poterant.1ndioabantur
1080 3173 1261 3241 itaque
1280 3189 1409 3243 pro-

392 3259 660 3318 paetum,
689 3265 802 3318 quae
835 3245 984 3300 nullo
1016 3252 1233 3319 negotio
1260 3249 1410 3302 vide-

400 3323 594 3376 bantur
625 3344 748 3377 cum
770 3325 875 3378 alio
900 3329 1314 3391 communicari3
1337 3342 1411 3381 ut

400 3421 465 3454 eo
488 3403 775 3457 mirabilius
796 3419 963 3472 esset,
984 3425 1073 3459 eas
1093 3409 1235 3479 ipsas
1259 3427 1290 3460 a
1305 3409 1411 3460 De-

401 3484 589 3536 metrio
614 3483 685 3536 ad
706 3485 1024 3552 Stratoclea,
1042 3505 1153 3539 non
1170 3490 1410 3559 potuisse

400 3562 705 3628 transferri,
742 3581 842 3616 nec
875 3565 1119 3618 vicissim.
1156 3564 1336 3638 [Quid
1367 3569 1410 3619 si

402 3641 664 3695 mimice?
688 3643 923 3711 hoeest,
949 3661 1063 3716 quae
1086 3662 1198 3698 non
1224 3649 1279 3697 in
1307 3645 1410 3698 ho-

402 3723 559 3774 minis
577 3724 839 3795 cujusque
862 3737 1056 3778 natura
1070 3763 1087 3789 ,
1110 3725 1205 3778 sed
1227 3728 1283 3778 in
1300 3723 1411 3778 his-

405 3801 589 3852 trionis
626 3814 737 3853 arte
771 3803 880 3855 sitae
911 3807 1201 3867 erant;·ita
1243 3817 1304 3856 ut
1345 3803 1412 3856 ab

404 3878 574 3931 altero
611 3881 667 3931 in
710 3880 933 3934 alterum
972 3880 1229 3934 imitando
1265 3880 1413 3934 vide-

405 3973 587 4011 rentur
608 3979 768 4032 posse
792 3963 1076 4015 transferri.
1102 3961 1414 4035 Burrum]—

402 4041 590 4093 Nostri
607 4041 776 4094 Codd.
796 4042 999 4100 habent
1012 4042 1293 4112 vulgatam.
1317 4044 1410 4094 En.

481 4137 531 4172 2.
568 4122 646 4172 Et
674 4118 869 4175 dulces.
889 4161 900 4173 .
924 4161 938 4174 .
973 4122 1270 4193 producere.
1314 4124 1414 4178 Hic

406 4216 626 4271 quoque
668 4199 801 4253 nihil
847 4201 991 4256 aliud
1031 4219 1266 4271 agnosco
1314 4204 1413 4254 nisi

1475 1822 1696 1900 ,plasma
1733 1824 1888 1889 (vide
1926 1821 2172 1895 §.168)‚
2211 1822 2360 1894 quod
2395 1841 2508 1876 non
2593 1855 2600 1860 -

1488 1901 1707 1973 quidem
1725 1902 2033 1974 proferatur
2047 1902 2242 1968 modo,
2267 1902 2362 1955 sed
2381 1920 2509 1973 pro-

1491 1980 1734 2047 ducatur,
1764 1981 1820 2033 id
1853 1995 1961 2047 est,
1994 1981 2194 2034 diutius
2222 1983 2477 2033 continue

1492 2073 1579 2110 tur
1603 2078 1665 2112 ac
1691 2059 1950 2128 trahatur,
1975 2075 2027 2112 et
2048 2062 2262 2133 quidem
2288 2061 2505 2127 theatri,

1492 2137 1547 2190 id
1557 2152 1679 2204 est,
1712 2152 2074 2212 spectatorum
2098 2138 2310 2209 (vide-1,
2337 2158 2398 2207 2,
2422 2138 2506 2211 9),

1493 2237 1648 2270 causa
1661 2258 1678 2285 ,
1703 2220 1765 2270 iis
1785 2232 1844 2270 ut
1864 2219 2073 2290 placeat
2096 2234 2262 2272 actor.
2283 2221 2362 2271 Ita
2380 2237 2506 2270 mox

1492 2297 1695 2368 aliquid
1727 2299 1930 2370 populo
1968 2300 2147 2366 datter,
2191 2318 2257 2352 eo
2296 2311 2508 2366 tamen,

1480 2379 1547 2440 ,ni
1572 2377 1749 2442 fallor,
1772 2376 2105 2442 discrimine;
2133 2390 2194 2429 ut
2223 2378 2372 2448 prius
2405 2375 2508 2428 ho-

1492 2459 1752 2508 nestiores
1773 2457 1933 2508 etiam
1955 2456 2362 2529 complectatur,
2383 2454 2512 2508 alte-

1492 2555 1614 2587 rum
1662 2534 1731 2586 ad
1779 2553 2039 2587 summam
2084 2536 2251 2605 magis
2293 2553 2507 2586 caveam

1494 2626 1717 2686 spectet.
1738 2612 1876 2665 Vide
1900 2616 2208 2679 11‚12,1o.

1565 2694 1617 2745 3
1660 2693 1922 2745 Theatri..
1945 2691 2289 2766 ‚producere.
2326 2694 2472 2745 Jens.
2490 2730 2507 2758 ,

1495 2771 1685 2824 theatri
1707 2789 1822 2822 eam
1844 2790 1957 2843 pn,
1984 2789 2106 2823 cum
2130 2770 2252 2823 edd.
2277 2783 2503 2843 postet-r.

1490 2864 1616 2903 ante
1639 2850 2075 2904 Ald..Producere
2092 2865 2152 2904 ιιι
2175 2852 2231 2903 ἰη
2250 2851 2509 2924 egredien-

1490 2929 1586 2997 do,
1602 2931 1781 2982 Tur-ic.
1808 2931 1874 2982 P.
1898 2941 1960 2982 ιιι
1983 2930 2340 3003 ingredienda,
2360 2929 2503 2982 Flor.

1489 3010 1652 3062 Cam.
1680 3009 1745 3059 P.
1774 3019 1828 3059 et
1854 3008 1909 3059 in
1939 3008 2104 3082 inqu,
2134 3008 2272 3073 Alm.
2307 3010 2506 3062 Dextra

1492 3089 1681 3155 latere,
1718 3090 1864 3140 Jens.
1898 3089 2053 3142 'ran-v.
2091 3087 2276 3140 Alium
2311 3090 2507 3141 Deme-

1492 3167 1652 3218 trium
1664 3205 1683 3233 ,
1695 3167 1874 3219 Turio.
1891 3168 1932 3217 F
1935 3165 2030 3219 lor.
2046 3166 2230 3218 Ambr.
2251 3185 2279 3218 2
2294 3205 2310 3232 ,
2325 3167 2501 3220 Guelf.

1491 3266 1614 3298 cum
1637 3246 1775 3299 Alm.
1807 3246 1876 3296 A.
1907 3265 2069 3318 quam
2101 3247 2204 3312 D„
2233 3246 2398 3300 Cute.
2431 3249 2499 3299 A.
2534 3267 2542 3275 ·

1491 3326 1592 3380 nisi
1615 3326 1682 3376 D.
1695 3328 1886 3393 ,.Voss
1921 3343 1967 3391 ι,
1993 3325 2043 3377 3.
2070 3326 2322 3399 Suspicor
2339 3328 2504 3380 fuisse

1489 3402 1659 3457 alium
1689 3415 1750 3455 ut
1769 3405 1836 3456 D.

1560 3483 1615 3550 4.
1655 3484 1885 3538 Ventum
1917 3447 2185 3555 concipere
2218 3494 2365 3540 veste.
2399 3487 2503 3535 Po-

1492 3576 1628 3615 nunt
1654 3561 1952 3615 illustrandi
1984 3580 2146 3614 causa
2169 3561 2347 3614 locum
2376 3564 2506 3616 Ovi-

1491 3642 1709 3694 dianum
1745 3646 1856 3695 Art.
1892 3642 1990 3708 111,
2015 3640 2156 3694 301·
2144 3681 2156 3693 .
2190 3644 2355 3694 «Haec
2385 3661 2503 3694 mo-

1500 3745 1522 3769 «
1541 3737 1630 3775 vet
1661 3736 1773 3776 arte
1802 3721 1941 3774 latus
1963 3723 2263 3792 tunicisque
2291 3721 2505 3774 fluenti-

1499 3825 1521 3847 u
1542 3800 1644 3854 bus
1670 3821 1824 3853 auras
1849 3803 2080 3872 Excipit,
2107 3815 2350 3852 extensos
2375 3801 2505 3852 fert-

1500 3906 1523 3930 ·
1544 3903 1649 3956 que
1676 3882 1902 3953 superba
1931 3881 2115 3956 pedes.
2137 3906 2160 3928 n

1567 3963 1617 4015 5.
1665 3964 1859 4015 Dextro
1903 3959 2065 4014 latere
2096 3961 2280 4033 facere
2314 3974 2501 4034 qestus.

1493 4045 1610 4095 Hoc
1647 4042 1780 4094 illud
1817 4045 1991 4114 ipsum
2030 4060 2145 4094 esse
2173 4060 2400 4108 censen,
2436 4042 2504 4093 de

1466 4167 1472 4172 .
1495 4142 1603 4195 quo
1629 4126 1738 4194 agit
1768 4125 1815 4191 S.
1846 4122 1947 4194 74,
1972 4122 2027 4172 id
2049 4121 2308 4175 ostendere
2333 4122 2507 4174 maxi-

1488 4223 1579 4256 me
1608 4204 1761 4257 latus.
