3200 5159
686 495 1341 567 INSTITUTIONIS
1377 494 1636 561 ORAT.
1678 493 1839 559 LIB.
1880 493 2037 575 XII,
2088 516 2111 558 1
2133 516 2183 557 1.

1034 620 1351 719 adeoque
1417 618 1677 690 discere
1747 616 2035 688 meliora
2098 613 2493 687 volentibus

395 651 590 697 mam
658 622 904 723 genuit
939 654 958 713 ;

2362 491 2482 558 581

394 760 802 839 promptum
833 760 963 829 est,
990 759 1067 810 ut
1098 764 1253 809 vere
1287 734 1585 807 intuenti
1617 732 1880 805 mirum
1910 731 1993 804 sit
2020 730 2199 802 illud
2231 729 2492 827 magiS,

395 856 619 928 malos
667 883 806 929 esse
856 876 999 927 tam
1043 852 1327 925 multos.
1385 854 1567 923 Nam
1619 870 1697 921 ut
1735 863 1958 946 aqua¹
2010 847 2352 947 piscibuS,
2416 865 2494 917 ut
2532 859 2592 912 ¹3

395 968 575 1041 sicca
631 967 917 1042 terrenis
943 1025 963 1058 ‚
1011 967 1476 1039 circumfusus
1524 964 1728 1036 nobis
1773 963 2050 1063 spiritus
2091 960 2496 1058 volucribus

391 1085 762 1175 convenit;
806 1085 900 1156 ita
928 1104 1107 1156 certe
1149 1081 1423 1155 facilius
1469 1107 1612 1154 esse
1658 1077 2051 1178 oportebat,
2104 1075 2494 1150 secundum

397 1221 779 1291 naturam,
842 1226 1056 1298 quam
1119 1219 1365 1269 contra
1418 1223 1576 1270 eam
1635 1195 1882 1267 vivere.
1943 1195 2248 1265 Caetera²
2293 1218 2495 1281 vero,

394 1313 665 1386 etiamsi
696 1334 965 1386 aetatem
996 1333 1303 1384 nostram
1333 1338 1477 1383 non
1502 1310 1724 1410 spatio
1747 1308 2118 1382 senectutis
2135 1365 2155 1399 ,
2178 1306 2300 1379 sed
2326 1327 2503 1379 tem-

394 1454 560 1526 pore
586 1426 615 1472 3
668 1427 1145 1500 adolescentiae
1186 1426 1594 1515 metiamur,
1641 1425 1924 1497 abunde
1966 1422 2223 1495 multos
2259 1421 2347 1493 ad
2392 1421 2503 1492 di-

395 1544 735 1616 scendum
769 1571 990 1617 annos
1028 1544 1329 1616 habent:
1381 1543 1620 1616 omnia
1663 1543 1856 1615 enim
1898 1540 2210 1613 breviora
2259 1538 2504 1613 reddet

400 1660 602 1743 ordo,
639 1679 706 1730 et
734 1660 943 1749 ratio,
980 1679 1046 1730 et
1074 1658 1349 1731 modus.
1396 1659 1531 1731 Sed
1577 1659 1786 1757 culpa
1831 1678 1928 1728 est
1956 1657 2029 1727 in
2070 1653 2503 1755 praeceptori-
2537 1661 2610 1729 ¹4.

399 1774 531 1845 bus
562 1774 784 1872 prima
804 1772 857 1865 4,
902 1774 1024 1873 qui
1065 1773 1363 1845 libenter
1397 1772 1715 1845 detinent
1746 1800 1919 1872 quos
1948 1790 2461 1870 occupaverunt
2479 1828 2516 1859 ,.

401 1890 654 1989 partim
685 1890 1061 1989 cupiditate
1097 1890 1357 1961 diutius
1391 1888 1713 1987 exigendi
1743 1888 2212 1977 mercedulas,
2244 1887 2503 1988 partim

404 2003 821 2093 ambitione,
853 2030 994 2102 quo
1029 2003 1386 2075 difficilius
1410 2004 1499 2074 sit
1531 2002 1720 2101 quod
1755 2003 2207 2103 pollicentur,
2244 2001 2504 2131 partim

400 2117 611 2190 etiam
642 2118 999 2190 inscientia
1027 2117 1380 2208 tradendi,
1409 2118 1519 2192 vel
1548 2117 2059 2217 negligentia53
2087 2118 2401 2215 proxima
2427 2116 2503 2190 in

402 2232 639 2323 nobi5‚
685 2233 806 2332 qui
850 2234 1102 2305 morari
1140 2233 1213 2304 in
1251 2260 1332 2304 eo
1366 2232 1555 2332 quod
1591 2233 1951 2323 novimu5‚
2001 2259 2213 2331 quam
2245 2231 2502 2303 discere

402 2375 556 2456 quae
596 2348 920 2420 nondum
967 2349 1260 2440 scimu5‚
1304 2349 1558 2421 melius
1598 2371 1949 2449 putamus.
2004 2351 2186 2420 Nam
2237 2367 2314 2419 ut
2358 2345 2500 2419 ⁶de

404 2537 568 2587 ticum
591 2534 735 2608 apud
759 2538 927 2590 Cicer.
959 2537 1026 2589 de
1049 2539 1197 2590 Orat.
1222 2537 1407 2607 1‚=47

410 2614 660 2684 nQuibus
696 2615 751 2667 id
790 2634 1100 2685 persuasum
1140 2630 1310 2680 esset,
1353 2628 1411 2667 ut

409 2693 583 2746 anihil
608 2695 824 2747 mallent
849 2713 904 2747 se
923 2713 1038 2747 esse
1057 2712 1217 2766 quam
1236 2694 1408 2747 bonos

409 2774 618 2838 avit-os,
654 2775 717 2827 iis
757 2774 1017 2846 reliquam
1051 2774 1264 2828 facilem
1294 2793 1410 2828 esse

409 2813 815 2907 “doctrinama

485 2950 525 2983 ι.
555 2933 625 2984 Ut
640 2952 799 3006 aqua.
827 2935 896 2986 Ue
912 2945 1099 3007 atque,
1123 2935 1262 2988 Flor.
1286 2890 1414 2987 Tor·

408 3012 569 3079 reaia,
611 3010 767 3065 idem.
775 3013 1225 3084 circurnfusam,
1270 3014 1411 3066 Flor.

407 3089 581 3143 Guelf.
608 3092 742 3144 Cerit
768 3109 869 3162 pro
899 3102 1031 3144 certe
1058 3092 1198 3145 Flor.
1226 3095 1416 3146 Coetero

411 3190 513 3242 pro
536 3182 717 3223 coetera
732 3171 910 3225 Guelf.
937 3172 1115 3225 Etiam
1139 3172 1418 3238 scietatem,

413 3251 552 3303 Flor.
590 3251 692 3304 Sed
726 3270 937 3325 corpore
981 3249 1418 3319 adulescentiam,

412 3328 538 3381 Tur.
555 3329 694 3380 Flor.
712 3327 837 3400 (nisi
851 3329 992 3402 quod
1010 3349 1072 3382 ex
1088 3329 1194 3383 hoc
1209 3349 1421 3403 corpore

413 3423 620 3463 tantum
635 3410 880 3481 affertur)
893 3410 1070 3465 Guelf.
1089 3430 1250 3483 marg.
1264 3411 1418 3465 Basil.

414 3491 735 3556 Motiamur,
769 3492 946 3543 Turio.
987 3490 1073 3542 Ad
1107 3491 1382 3545 dicendum
1398 3529 1417 3557 ‚

417 3572 579 3624 Goth.
594 3571 717 3642 (tac.
729 3571 930 3641 Gean).
947 3573 1419 3640 Ratioetmundos,

414 3649 555 3702 Flor.
576 3651 637 3703 R.
662 3669 706 3703 e.
734 3652 979 3715 mundus,
1004 3650 1180 3704 Guelf.

489 3744 538 3780 2.
560 3731 769 3781 Coetera.
787 3728 1019 3799 Respicit
1037 3727 1105 3782 ad
1120 3729 1267 3800 prius
1286 3728 1418 3781 illud

418 3819 472 3859 et
494 3809 687 3878 majus,
718 3805 764 3876 §.
798 3823 817 3858 1
834 3824 877 3858 ι.

486 3888 537 3940 3.
566 3887 820 3958 Tempore
857 3885 1230 3940 adolescentiae.
1263 3889 1418 3940 Tem-

414 3985 540 4037 pus,
567 3985 730 4038 quum
755 3966 1050 4038 opponitur
1072 3970 1221 4058 quas}
1244 3968 1418 4040 spatio

413 4062 493 4095 τοι
515 4063 642 4112 ωρο
634 4043 670 4097 'v
690 4044 984 4115 significare
1010 4059 1164 4098 acute
1187 4047 1244 4097 in
1264 4045 1419 4099 sche-

414 4120 496 4174 dis
525 4136 704 4175 monet
727 4123 1084 4196 Spaldingius.

478 4199 530 4267 4.
552 4201 794 4256 Prima...
816 4210 1218 4275 occupaverunt.
1240 4204 1418 4256 Turia.

2540 2359 2610 2414 15.

1490 2538 1631 2593 Flor.
1653 2538 1859 2603 finem,
1877 2538 2048 2609 prima
2067 2540 2163 2612 qui
2182 2536 2502 2591 libenter-de-

1492 2618 2079 2691 tinentoccupaverunt,
2099 2638 2219 2670 cum
2241 2616 2500 2669 Almelov.

1491 2696 1678 2750 Prima
1707 2698 1930 2751 libenter
1946 2696 2232 2750 detinentes
2246 2714 2472 2769 puerum
2483 2737 2501 2764 ,

1489 2780 1644 2829 Voss.
1669 2794 1718 2829 2.
1741 2778 1804 2829 Ρ.
1830 2776 1866 2829 l.
1888 2776 2231 2828 detinentibus
2248 2793 2499 2847 puerum,

1486 2855 1656 2921 Goth,
1676 2858 1839 2909 Cam.
1867 2869 1919 2908 et
1943 2854 2062 2909 edd.
2086 2868 2209 2907 ante
2231 2854 2364 2906 Obr.
2390 2872 2518 2907 acc..

1493 2937 1718 3008 Capper.
1741 2940 1936 2989 Nostra
1959 2937 2013 2987 in
2038 2953 2205 3005 marg.
2223 2934 2380 2986 Basil.
2405 2952 2519 2987 non--

1495 3028 1608 3067 tata
1627 3014 1695 3066 ab
1715 3015 1846 3069 Obr.
1866 3016 2036 3085 primo
2057 3024 2274 3084 recepta
2289 3025 2386 3065 est.
2406 3015 2504 3065 Cu-

1495 3096 1801 3167 piditatem,
1825 3092 1967 3145 Flor.
2001 3092 2240 3157 Divitiis,
2270 3091 2504 3145 Florem.

1499 3173 1676 3228 Guelf.
1703 3173 2061 3227 mercedulam
2076 3211 2094 3238 ,
2127 3171 2292 3224 ΟΜ.
2324 3171 2510 3226 Ambiv-

1504 3256 1575 3306 tio
1589 3293 1606 3318 ‚
1620 3255 1799 3307 Turio.
1820 3254 1962 3305 Flor.
1983 3252 2158 3304 Guelf»
2189 3253 2344 3323 Quod
2357 3251 2507 3324 diff,

1502 3335 1678 3386 Turia.
1702 3333 1842 3385 Flor.
1865 3333 1947 3385 Sit
1969 3332 2220 3383 omittunt
2237 3332 2510 3383 Tur-icens.

1499 3413 1643 3465 Flor.
1681 3411 1856 3465 Gnelf.
1897 3410 2261 3482 Insipientiam
2274 3448 2291 3475 ,
2331 3412 2508 3463 Turio.

1500 3491 1641 3543 Flor.
1676 3490 2016 3563 nsipientia,
2044 3488 2221 3540 Guelf.
2256 3489 2506 3554 Ιπεοίεἰει,

1501 3571 1662 3624 Goth.
1684 3570 1809 3641 (tac.
1827 3566 2012 3639 Gesn.)
2029 3571 2189 3622 Cau».
2211 3567 2331 3620 Ald.
2353 3567 2505 3622 Basil.

1501 3664 1556 3705 et
1578 3653 1891 3724 posterior-r.
1917 3662 2042 3702 ante
2063 3648 2201 3703 Obr.
2227 3648 2505 3715 deeuti,

1496 3734 1771 3784 Tur-icem.

1573 3812 1624 3863 5.
1667 3811 1721 3863 V
1715 3809 1769 3861 el
1804 3807 2138 3883 negliqentia-
2186 3807 2289 3862 Vel
2327 3806 2507 3880 myle-

1495 3889 1656 3962 9endi
1671 3927 1686 3953 ‚
1715 3890 1892 3941 Turio.
1917 3887 2056 3939 Flor.
2081 3887 2266 3940 Guelfv
2283 3883 2400 3956 (sed
2418 3885 2508 3947 hic

1499 3986 1596 4038 per
1622 3966 1687 4037 i).
1719 3967 2024 4018 Proximam
2049 3965 2105 4016 in
2130 3966 2303 4032 nobis,
2327 3966 2503 4016 Tur-ic.

1501 4044 1807 4096 Proximam
1828 4044 1999 4108 nobis,
2019 4043 2184 4094 Cum
2202 4043 2268 4094 In
2287 4062 2348 4096 eo
2365 4044 2511 4116 quod

1502 4122 1649 4175 nobis
1661 4121 1881 4184 discere,
1907 4122 2084 4173 Turio.
2107 4120 2249 4172 Flor.
2274 4118 2452 4172 Guelf.

1573 4203 1629 4255 6.
1644 4204 1792 4256 Nam
1811 4213 1868 4253 ut
1889 4201 1970 4254 de.
1990 4199 2189 4265 Guelf.‚
2209 4218 2333 4251 nam
2352 4211 2405 4254 et
2425 4198 2505 4252 de.
