3200 5159
601 460 1256 530 INSTITUTIONIS
1294 460 1550 527 ORAT.
1591 461 1756 527 LIB.
1794 462 1884 541 X,
1934 485 1988 527 ι.

2270 463 2347 527 8ι

249 613 420 660 rum
468 585 684 660 illud¹
737 587 991 659 etiam²
1040 582 1232 684 prius
1273 583 1490 655 satirae
1542 611 1802 683 geuuiz,
1851 584 1974 658 sed
2018 611 2163 657 non
2215 585 2363 657 sola
2462 641 2471 652 .

243 702 652 775 carminum
681 700 1010 773 varietate
1041 699 1338 771 mixtum
1372 698 1689 771 condidit
1722 702 2071 772 Terentius
2107 702 2356 788 Varro,

191 907 194 912 ἡ
246 818 360 890 vir
395 820 878 889 Romanorum
926 813 1468 888 eruditissimus:
1506 812 1849 912 plurimos
1882 815 1996 886 hic
2039 813 2250 887 libros
2296 834 2366 886 et

244 929 725 1006 doetissimos3
762 930 1193 1030 composuit,
1223 928 1677 1028 peritissimus
1710 925 1967 1028 linguat
1999 928 2258 1019 latinae,
2294 950 2368 1002 et

244 1046 489 1120 omnis
508 1046 931 1145 antiquitatis
944 1103 963 1136 ,
986 1066 1054 1118 et
1072 1071 1305 1117 rerum
1330 1069 1710 1143 graecarum
1727 1041 1782 1135 4,
1804 1064 2362 1143 nostrarumque,

247 1259 379 1299 ante
399 1244 600 1318 Gryph.
623 1246 954 1297 Burmannus
974 1241 1182 1314 ablegat
1201 1240 1270 1294 ad

246 1327 514 1378 Gronovii
542 1338 725 1378 notam
747 1327 802 1375 in
825 1326 933 1375 Liv.
961 1325 1016 1388 l,
1045 1321 1143 1386 26,
1174 1323 1234 1373 13
1252 1358 1270 1386 ‚

251 1405 402 1458 unde
430 1422 460 1454 a
493 1401 929 1458 Drakenborchio
962 1401 1274 1456 dimittimur

250 1484 327 1538 ad
359 1485 470 1536 Liv.
495 1487 562 1546 V,
597 1498 683 1551 27,
718 1499 761 1533 ι.
799 1511 868 1522 -
900 1479 1273 1534 Nominnbun-

253 1575 362 1616 tur.
401 1562 730 1626 Turioenzis,
770 1560 1105 1612 Florentinus
1147 1556 1272 1626 (hic

250 1663 286 1695 a
315 1643 484 1713 prima
509 1640 700 1708 manu)
728 1640 1157 1692 nominabantur.
1179 1638 1273 1688 Vi-

253 1721 330 1774 de
357 1720 445 1787 45.
473 1749 541 1760 -—
564 1719 713 1773 Sunt.
734 1758 746 1769 .
768 1757 781 1769 .
802 1756 814 1768 .
842 1718 1268 1770 nominabuntur.

252 1800 394 1853 Vide
420 1803 516 1866 111,
540 1815 588 1866 1,
610 1815 695 1863 21,
715 1797 860 1851 unde
877 1797 1039 1867 hujus
1059 1814 1272 1868 quoque

251 1882 368 1935 loci
386 1881 875 1952 interpretationem
893 1889 1045 1950 pete,
1068 1880 1112 1928 si
1137 1877 1275 1928 forte

251 1960 446 2013 heres.
477 1961 666 2029 Neque
692 1959 831 2009 enim
863 1954 1118 2020 dubium,
1148 1955 1276 2026 quin

214 2085 224 2092 ,
260 2038 554 2108 utrobique
574 2036 713 2087 idem
735 2035 914 2087 testari
933 2033 1158 2086 voluerit
1171 2034 1275 2101 Qu.

255 2122 374 2189 Qui
395 2120 504 2171 sint
527 2130 732 2183 autem,
757 2134 983 2187 quorum
1007 2112 1095 2166 hic
1118 2115 1284 2165 nomi-

259 2219 334 2252 na
373 2200 591 2250 reticeat
624 2200 836 2261 Noster,
874 2212 982 2245 non
1022 2205 1102 2243 est
1134 2192 1283 2260 dictu

258 2277 454 2342 facile,
484 2289 543 2327 ut
566 2294 666 2328 nec
682 2274 845 2326 altero
862 2271 984 2323 loco
1005 2272 1285 2344 quisquam

261 2357 537 2411 divinavit.
560 2353 868 2407 Juvenalem
883 2390 899 2416 ‚
921 2355 1075 2423 cujus
1099 2352 1210 2402 fere
1229 2350 1283 2402 in

265 2450 502 2489 mentem
521 2436 698 2485 venire
719 2431 853 2484 solet
879 2429 1285 2502 interpretibua‚

265 2516 359 2568 hic
387 2532 498 2566 non
518 2512 738 2580 intelligi
766 2513 892 2563 satis
913 2509 1104 2580 liquet,
1125 2512 1169 2562 si
1191 2529 1284 2561 ve-

266 2614 328 2646 ra
353 2605 478 2646 eunt
503 2610 619 2664 quae
642 2591 1025 2661 disputavimus
1053 2590 1106 2640 in
1135 2588 1282 2660 praef.

268 2684 488 2735 noma,
521 2682 651 2721 tom.
691 2670 708 2717 l
741 2666 894 2740 (pag.
926 2669 957 2721 8
997 2686 1144 2738 seqq.
1183 2666 1287 2718 hu-

259 2755 419 2823 jusce
436 2750 727 2821 editionis).
755 2752 895 2799 lntra
917 2749 1084 2799 satirae
1107 2760 1286 2799 autem

267 2834 561 2903 scriptores
585 2847 797 2880 omnem
819 2825 988 2892 hanc,
1008 2844 1124 2898 quae
1144 2844 1287 2878 nuno

266 2911 358 2977 fit,
383 2927 660 2962 censuram
682 2909 965 2959 coercitam
990 2925 1107 2958 esse
1130 2923 1287 2958 nemo

265 2990 526 3045 attentior
548 3000 738 3058 neget3
764 3003 925 3058 quare
949 3003 1047 3038 nec
1069 2986 1289 3038 Martia-

269 3071 376 3122 lem
400 3087 527 3121 cnm
552 3066 915 3119 Almelovenio
940 3064 1289 3136 significatum

269 3150 506 3203 credam.

355 3246 401 3281 1.
427 3225 675 3279 Alterum
705 3222 898 3278 illud...
925 3222 1162 3276 condidit
1187 3224 1292 3275 Te-

271 3307 474 3360 rentius
490 3306 545 3359 V
538 3323 675 3356 arm.
695 3305 843 3356 Hanc
856 3341 875 3370 ‚
891 3322 1006 3374 quae
1020 3316 1099 3355 est
1113 3314 1293 3369 vetus,

274 3389 597 3457 scripturam
632 3383 867 3455 probans
904 3383 1170 3435 Gesner-us
1211 3383 1296 3433 in-

275 3479 604 3539 terpretatur
622 3463 770 3535 prius
793 3463 945 3534 quasi
968 3460 1171 3513 dictum
1193 3479 1294 3532 pro

273 3542 639 3619 prestantius,
659 3561 821 3614 quum
839 3539 1143 3594 casauboni
1161 3542 1296 3592 ratio

281 3625 388 3695 (de
426 3625 535 3684 Sat.
575 3623 651 3688 11,
691 3640 752 3688 2,
787 3638 908 3692 pag.
942 3619 1128 3672 Ramb.
1167 3619 1297 3690 ¹99)

278 3702 511 3758 vocandi
525 3702 912 3753 Varronianam
926 3698 1144 3751 Satiram
1154 3698 1298 3771 prio·

283 3803 431 3852 κω,
468 3783 593 3852 quia
631 3780 861 3834 Ennium
901 3792 1170 3830 auctorem
1207 3776 1301 3828 ha·

285 3863 407 3915 beat
425 3899 442 3926 ‚
474 3858 680 3913 Lucilio
714 3861 964 3929 majorem
984 3893 1001 3918 ,
1034 3857 1188 3907 nimis
1217 3855 1302 3908 di-

286 3955 426 3993 serte
441 3955 682 4011 pugnare
696 3935 933 3988 videatur
955 3936 1017 3987 iis
1034 3953 1148 4005 quae
1171 3932 1217 4004 §.
1234 3933 1302 4003 93

288 4021 428 4074 dicat
443 4017 657 4072 Fabius.
669 4019 787 4069 Hoc
798 4015 1011 4087 quidem
1030 4014 1156 4066 mihi
1171 4013 1306 4066 adeo

289 4101 629 4151 manifestum
650 4114 760 4147 non
780 4094 864 4160 fit,
886 4113 985 4146 nec
1007 4108 1180 4147 tamen
1197 4112 1307 4144 ma·

288 4181 368 4249 gia
401 4194 564 4250 quam
600 4176 868 4230 Gesner-ua
905 4174 1011 4227 fido
1045 4173 1308 4227 vocabulo

502 4266 556 4333 4.

1347 1241 1493 1312 prius
1508 1243 2120 1314 tamquamincorrupto.
2138 1244 2254 1314 lpse
2272 1241 2367 1294 tlu-

1349 1321 1518 1386 bitat‚
1553 1339 1621 1372 an
1661 1339 1723 1372 ex
1761 1321 2080 1391 compendio
2115 1322 2369 1392 posterius

1348 1398 1516 1472 {rius
1539 1413 1713 1451 ortum
1738 1401 1821 1451 sit.
1844 1399 1988 1469 Quid
2015 1402 2057 1452 si
2091 1401 2366 1471 proprium

1352 1480 1481 1545 fuit,
1505 1492 1562 1531 ut
1591 1482 1881 1551 respic-eret
1903 1483 2085 1547 Quint.
2114 1479 2178 1530 ad
2206 1481 2371 1548 signi-

1355 1561 1570 1612 ficatum
1585 1559 1731 1611 illum
1749 1562 2028 1631 pristinum
2044 1573 2244 1626 saturoe,
2260 1575 2367 1628 qno

1354 1638 1495 1709 leges
1521 1639 1771 1690 dicuntur
1797 1642 1970 1704 rogari
1993 1658 2091 1710 per
2108 1649 2368 1705 saturam,

1353 1721 1386 1769 i.
1415 1736 1472 1782 e,
1497 1717 1739 1771 miscelloe
1770 1717 1918 1786 (vide
1950 1718 2156 1771 Novell.
2195 1719 2284 1781 1V,
2324 1734 2372 1783 ι,

1355 1796 1478 1866 43)?
1497 1799 1552 1847 ln
1575 1815 1678 1866 qua
1705 1799 1907 1848 ratione
1930 1797 2018 1849 sed
2034 1796 2210 1848 locum
2239 1797 2374 1868 opti·

1358 1897 1441 1929 me
1467 1873 1762 1940 invenirem
1795 1890 2007 1948 poterat
2041 1879 2181 1928 enim
2209 1877 2375 1928 videri

1358 1959 1580 2010 mixtura
1633 1959 1729 2009 ista
1777 1959 2001 2008 maxime
2044 1956 2373 2007 diversorum

1362 2039 1651 2090 carminum
1666 2038 2061 2088 consociatione
2073 2035 2382 2086 effecta.Ca-

1363 2115 1745 2167 aauhonianam
1784 2114 1886 2166 loci
1922 2117 2085 2166 nostri
2116 2117 2379 2185 interpre-

1363 2195 1618 2246 tationem
1638 2193 1876 2264 sequitui·
1894 2193 2145 2244 Daca-rius
2161 2194 2213 2243 in
2229 2210 2376 2243 corn·

1364 2276 1691 2325 mentatione
1715 2271 1783 2323 (le
1807 2272 1977 2325 Satira
1999 2273 2194 2322 inserta
2220 2271 2376 2322 tertio

1363 2350 1471 2402 vol.
1503 2349 1670 2401 Acad.
1704 2351 1965 2422 Inscriptt.
1998 2348 2255 2420 probatus
2288 2347 2378 2400 ille

1363 2430 1622 2502 Gedoyno
1647 2433 1699 2483 in
1720 2432 1958 2482 versione
1984 2428 2375 2497 fram-ogallica.

1365 2513 1443 2564 De
1472 2512 1638 2564 Satira
1660 2512 2014 2572 varroniana,
2034 2509 2152 2561 vide
2173 2512 2220 2573 l,
2241 2509 2273 2575 4
2288 2547 2304 2574 ‚
2324 2507 2376 2575 4.
2417 2515 2423 2519 ’

1364 2590 1720 2655 Heinriehius,
1735 2590 2055 2642 Kiloniensis
2068 2587 2378 2661 philologus

1359 2669 1380 2738 (
1397 2668 1694 2741 Explanatt.
1710 2671 1984 2721 lloratian.
1998 2686 2217 2740 procem.
2234 2669 2380 2734 1808,

1359 2754 1566 2822 januar.
1600 2749 1669 2820 4)
1693 2751 2021 2823 peregrinum
2058 2749 2248 2802 suadet
2280 2767 2379 2820 pro

1363 2831 1534 2901 prius,
1556 2829 1799 2881 voculam
1818 2828 1961 2901 quod
1979 2828 2239 2880 librorum
2260 2845 2385 2879 aue·

1367 2909 1580 2960 toritate
1602 2907 1905 2961 confirmari
1928 2921 2142 2980 putans.

1441 3003 1490 3038 2.
1514 2986 1755 3039 Etiam...
1791 2985 1911 3048 κάς
1943 2990 2018 3038 sic
2046 2987 2167 3038 libri
2196 3003 2380 3037 omnes

1371 3079 1423 3117 et
1456 3067 1593 3132 mei,
1633 3077 1684 3117 et
1722 3063 1945 3116 aliorum
1982 3079 2104 3118 ante
2138 3063 2259 3115 ΔΜ.
2291 3066 2387 3136 qui

1369 3147 1570 3216 recepit
1619 3146 1907 3214 Regianam
1956 3145 2385 3198 emendationem

1368 3235 1444 3278 est
1466 3235 1573 3276 et...
1602 3222 1744 3295 quod
1759 3263 1774 3289 ,
1804 3240 1925 3276 cum
1957 3223 2204 3276 omnibus
2232 3220 2344 3274 rell.
2367 3259 2386 3287 ‚

1371 3323 1482 3357 exc.
1510 3302 1667 3378 Basil.
1696 3305 1792 3356 Est
1811 3302 1969 3355 etiam
1995 3303 2122 3355 dare
2143 3315 2390 3355 narratur

1373 3382 1510 3434 Alm.
1526 3419 1542 3446 ‚
1563 3400 1647 3433 me
1665 3381 1877 3454 quidem
1895 3381 2172 3434 incredulo
2186 3420 2201 3444 .,
2220 3399 2389 3452 quum

1374 3460 1505 3513 nihil
1540 3461 1643 3513 tale
1678 3463 1743 3513 cit
1764 3462 1820 3512 in
1842 3460 1982 3512 Flor.
2009 3460 2159 3534 (vide
2185 3464 2235 3529 S.
2266 3459 2387 3536 94).

1380 3540 1530 3614 ριιρά
1552 3559 1652 3611 pro
1681 3539 1784 3606 sed,
1809 3541 1910 3593 nisi
1937 3542 2051 3612 ipse
2079 3540 2391 3611 dormitavi,

1375 3618 1540 3672 habet
1562 3619 1727 3671 Cain».

1448 3701 1497 3753 3.
1529 3699 1873 3752 Doctissimos.
1908 3698 2083 3751 Guelf.
2102 3739 2119 3768 ,
2151 3704 2393 3762 emditis-

1377 3778 1560 3841 u'mos,
1584 3796 1706 3829 cum
1727 3780 1863 3830 Voss
1905 3779 1954 3831 3.
1974 3778 2106 3830 Vide
2128 3795 2395 3851 permuta-

1382 3872 1462 3910 tas
1478 3857 1713 3931 ejusdem
1729 3861 2008 3929 potestatis
2020 3877 2194 3918 voces,
2207 3858 2283 3932 §§.
2304 3862 2396 3928 86,

1384 3939 1472 4007 98.
1497 3967 1570 3978 ——
1592 3938 1771 3987 Nostri
1799 3935 2001 3986 hahent
2040 3936 2127 3988 alii
2163 3938 2397 3992 doctissi-

1387 4032 1522 4078 ηιος,
1551 4013 1639 4065 alii
1662 4014 2030 4068 eruditissimos
2073 4018 2164 4067 En.

1459 4093 1510 4160 4.
1544 4095 2154 4146 Groecamm.Tu1-icens.
2189 4094 2254 4165 (a
2289 4081 2398 4149 ser.

1341 4159 1350 4170 ⁸
1390 4172 1577 4244 manu)
1594 4184 1873 4243 qestarum.

2085 4259 2120 4312 6
