3200 5159
688 486 695 492 -
728 447 855 531 584

726 571 1038 673 quotidie
1080 572 1318 645 crescit
1335 604 1355 662 ;
1396 591 1467 645 et
1495 592 1732 644 tamen
1756 586 1771 616 ¹

1280 449 1374 514 M.
1421 447 1652 512 FABn
1691 412 2250 532 QUIIQITILIANI

1823 599 2036 670 quam
2067 572 2454 644 multorum
2483 570 2574 642 ad
2611 583 2638 615 ²
2660 594 2827 641 eam

725 687 1069 759 librorum
1136 685 1563 760 necessaria³
1633 687 1842 761 lectio
1896 708 2036 779 est,
2097 687 2351 785 quibus
2405 707 2531 760 aut
2585 711 2828 757 rerum

722 831 921 895 rimatis,
965 832 1211 883 omittant
1250 831 1494 883 voculam
1530 849 1729 904 quant,-

722 908 841 959 vide
870 927 938 960 an
973 907 1223 962 leviorem
1250 908 1469 962 alteram
1500 921 1578 975 et,
1605 923 1730 981 post

723 982 948 1039 similem
961 991 1106 1041 vocis
1126 991 1372 1059 proxime
1393 992 1618 1055 exitum,
1643 992 1730 1042 iti-

723 1066 842 1119 dem
868 1070 1057 1137 ejicere
1081 1068 1253 1121 liceat.
1280 1072 1406 1122 Mox
1436 1093 1458 1117 a
1478 1068 1638 1122 lectio
1663 1069 1729 1121 ii-

726 1170 749 1193 «
769 1145 1019 1215 brorum,
1055 1149 1237 1221 quibus
1272 1150 1340 1201 ab
1373 1149 1638 1202 historicis
1676 1162 1729 1201 et

725 1248 748 1271 ιι
771 1223 839 1276 ab
856 1225 1155 1279 oratoribus
1170 1225 1409 1299 exempla
1428 1241 1686 1300 petuntur
1700 1252 1721 1276 n

723 1300 885 1355 habet
915 1303 1115 1374 aliquid
1138 1305 1341 1369 scabri;
1376 1306 1523 1377 quod
1552 1320 1728 1361 tamen

718 1400 830 1433 non
851 1400 1034 1453 urgeo.
1056 1383 1192 1435 [llud
1210 1397 1413 1451 autem,
1436 1386 1581 1456 quod
1609 1409 1631 1432 ι
1649 1407 1727 1438 re·

725 1481 747 1504 ·
770 1478 885 1511 rum
915 1463 1147 1532 cognitio
1165 1486 1186 1510 n
1217 1464 1502 1535 complecti
1533 1465 1727 1517 dicitur

724 1564 746 1587 α
768 1541 1007 1611 exempla
1032 1560 1203 1594 rerum
1221 1566 1244 1590 ι
1271 1557 1322 1596 et
1343 1567 1365 1591 ιι
1383 1544 1623 1617 exempla
1641 1544 1726 1596 di-

724 1640 747 1665 ·-
767 1620 947 1687 cendi,
970 1644 992 1667 n
1025 1623 1233 1692 gravius
1266 1623 1504 1685 videtur-3
1539 1626 1614 1675 ita
1642 1637 1724 1677 ta·-

714 1717 837 1751 men
871 1713 930 1751 ut
953 1699 1058 1754 hoc
1084 1704 1243 1754 etiam
1271 1703 1435 1756 solitae
1460 1705 1640 1756 Nostri
1669 1707 1724 1756 in

712 1777 909 1829 talibus
944 1779 1272 1849 negligentia
1306 1781 1597 1834 condones.
1628 1782 1726 1834 Res

716 1859 855 1908 enim
892 1860 1056 1929 priori
1093 1858 1216 1911 loco
1249 1879 1448 1931 penum
1487 1863 1727 1913 omnium

713 1954 898 1988 eorum
922 1939 1245 2009 significant,
1271 1958 1386 2011 quae
1409 1952 1532 2011 post
1553 1942 1726 2012 ipsam

713 2018 936 2069 oratoris
955 2020 1341 2071 institutionem
1363 2018 1612 2072 historice
1627 2057 1645 2085 .,
1665 2032 1724 2070 ut

712 2113 812 2147 nos
827 2094 1114 2168 loquimur,
1128 2097 1283 2150 discit
1301 2097 1468 2161 idem,
1489 2112 1540 2150 et
1565 2100 1620 2150 in
1640 2097 1722 2150 liis

711 2176 869 2225 etiam
895 2175 1207 2243 multifaria,
1232 2196 1346 2248 quae
1370 2177 1514 2249 apud
1539 2190 1723 2229 orato-

710 2270 799 2304 res
809 2267 1053 2324 prostant
1064 2293 1080 2321 ,
1096 2255 1305 2308 dicendi
1318 2255 1555 2327 exempla
1567 2293 1584 2320 ‚
1606 2273 1722 2326 quae

713 2351 812 2404 per
834 2352 891 2385 se
915 2335 1055 2388 rebus
1077 2337 1369 2406 angustiori
1394 2354 1555 2387 sensu
1578 2349 1723 2390 recte

714 2427 1076 2483 opponuntur.
1106 2412 1208 2467 Sed
1239 2416 1474 2466 omnium
1497 2415 1724 2487 impedi-

711 2493 913 2544 tissima
957 2507 1080 2546 sunt
1114 2492 1276 2546 verba
1321 2517 1343 2541 α
1367 2493 1724 2566 Philosopho-

719 2591 741 2614 α
760 2588 937 2621 rum...
962 2573 1137 2623 omnia
1155 2608 1171 2636 ‚
1195 2595 1216 2619 n
1257 2590 1371 2643 quoe
1400 2575 1453 2624 in
1478 2574 1723 2646 scriptis,

715 2666 850 2719 quos
881 2648 1093 2718 quidem
1124 2651 1400 2716 novimus,
1436 2650 1580 2703 libris
1613 2671 1724 2705 non

714 2729 784 2779 ita
807 2726 1069 2798 leguntur.
1093 2728 1269 2796 Quare
1287 2729 1590 2784 Obrechtus
1612 2734 1725 2803 qui-

713 2805 836 2859 dem
880 2826 911 2859 e
947 2806 1203 2860 Codicum
1248 2810 1508 2880 scriptura
1547 2808 1723 2863 solum

713 2903 780 2938 ne
807 2886 890 2939 vel
922 2906 1027 2941 non
1058 2890 1307 2941 omittens
1344 2891 1417 2942 ita
1451 2892 1719 2960 reposuit:

718 2988 741 3012 α
762 2965 1267 3039 Philosophorum...
1291 2968 1591 3039 opiniones,
1615 2972 1724 3022 sic-

717 3070 741 3093 ·
761 3048 841 3098 uti
883 3047 983 3100 alia
999 3086 1015 3114 ‚
1060 3048 1282 3101 velimus
1330 3049 1533 3119 legere.
1576 3050 1722 3123 quod

719 3148 743 3172 ι
764 3123 977 3196 quidem
996 3140 1199 3198 potest,
1221 3130 1396 3180 omnia
1416 3127 1546 3180 :sed
1563 3128 1722 3182 breve

718 3229 741 3249 ι
763 3203 918 3256 nobis
939 3218 1146 3277 tempus
1168 3225 1267 3258 nos
1287 3208 1528 3260 facimus.
1546 3231 1569 3255 ι
1589 3209 1721 3277 Quae

714 3286 848 3336 ratio
871 3298 1003 3357 quot
1022 3284 1184 3337 titulis
1199 3284 1502 3358 displiceat,
1522 3306 1590 3340 ne
1609 3287 1722 3340 lon·

710 3383 809 3436 gns
834 3367 964 3431 sim,
993 3384 1258 3436 exponere
1283 3365 1623 3438 supersedeo.
1660 3369 1718 3419 in

709 3457 926 3515 recepta
951 3442 1196 3515 quidem,
1228 3448 1274 3497 si
1306 3444 1375 3497 ab
1406 3444 1486 3498 his
1521 3468 1543 3492 ι
1564 3447 1719 3499 sicuti

715 3547 737 3571 ι
759 3525 894 3589 alia,
932 3523 1151 3577 velimus
1173 3547 1194 3571 ι·
1242 3523 1491 3592 recedas,
1532 3539 1717 3578 caetera

710 3617 819 3656 tam
848 3603 985 3656 bene
1009 3617 1335 3674 congruunt,
1366 3616 1454 3669 ut,
1481 3606 1720 3674 quamvis

708 3681 869 3733 verba
887 3680 1231 3735 necessarium
1246 3693 1319 3734 est
1334 3701 1363 3733 e
1380 3683 1577 3753 scripto
1598 3681 1716 3734 nul-

708 3759 763 3812 lo
787 3759 946 3811 allata
969 3761 1071 3811 sint
1087 3796 1103 3824 ,
1129 3774 1182 3812 et
1204 3758 1314 3812 haec
1339 3778 1514 3833 quoe...
1537 3780 1716 3833 possu-

709 3859 824 3892 mus
851 3838 1063 3891 Merulae
1086 3838 1363 3892 videantur
1385 3837 1567 3892 deberi
1582 3877 1598 3905 ,
1635 3853 1717 3894 ta·

710 3939 831 3972 men
852 3938 915 3972 ex
932 3921 1085 3971 meris
1100 3920 1328 3971 virorum
1352 3938 1462 3971 non
1485 3938 1616 3975 sane
1627 3916 1719 3971 do-

710 3999 1063 4048 ctissimorum
1091 3999 1411 4069 conjecturis
1446 3997 1558 4051 brec
1584 4017 1718 4051 con-

709 4075 833 4126 flata
853 4073 1066 4127 credere
1085 4093 1197 4129 non
1216 4078 1520 4129 sustineam.
1536 4078 1719 4129 Enim·

709 4170 838 4205 vero
879 4151 1012 4206 solet
1058 4152 1357 4209 levissimus
1388 4153 1478 4208 ille
1517 4153 1683 4207 homo
1699 4193 1718 4222 ‚

1811 833 2020 904 quoties
2042 833 2321 884 manifesta
2344 830 2536 883 menda
2559 849 2589 882 e
2612 829 2828 881 notissi-

1807 914 1906 964 mis
1944 910 2198 983 exemplis
2234 912 2447 981 corrigit
2461 948 2479 975 ‚
2521 911 2591 961 ita
2634 906 2789 978 loqui
2803 942 2827 970 ‚

1811 994 1962 1063 quasi
2003 1010 2065 1044 ex
2107 992 2321 1062 ingenio
2362 989 2476 1041 haec
2517 984 2822 1059 depromat.

1809 1071 1987 1139 Quare
2007 1090 2038 1124 e
2057 1072 2267 1142 scriptis
2284 1068 2430 1121 libris
2449 1067 2682 1120 derivata
2702 1064 2822 1116 hnc

1810 1152 1989 1203 omnia
2038 1149 2217 1202 credo.
2265 1150 2325 1200 ln
2370 1147 2589 1218 reliquis
2637 1157 2821 1197 autem

1809 1228 2151 1282 emendandis
2170 1249 2199 1280 a
2215 1247 2340 1281 vero
2354 1227 2595 1298 proxime
2605 1263 2623 1291 ,
2636 1224 2824 1295 judice

1807 1327 1921 1374 me,
1939 1307 2091 1361 abest
2108 1308 2328 1360 Gesner.
2349 1322 2660 1378 proponens
2677 1303 2721 1357 εἰ
2737 1301 2825 1355 uti

1807 1386 1944 1440 alias
1971 1386 2208 1439 velimus.
2241 1388 2300 1438 ln
2335 1403 2436 1456 qna
2472 1384 2676 1434 ratione
2707 1398 2822 1431 una

1806 1484 1907 1517 vox
1931 1465 2063 1519 alias
2091 1484 2199 1517 non
2233 1477 2376 1516 recte
2408 1459 2644 1513 adhibita
2668 1456 2824 1510 vide-

1805 1545 2091 1612 tur.Quare
2107 1541 2495 1615 autaliquando
2511 1537 2823 1609 legendum,

1806 1637 1896 1676 aut
1916 1624 2076 1696 plane
2096 1622 2379 1676 delendum
2397 1618 2535 1683 alia,
2558 1615 2704 1690 quod
2723 1634 2818 1667 eo·

1805 1702 1927 1755 dem
1963 1721 2071 1774 quo
2107 1704 2265 1754 toties
2300 1698 2463 1751 modo
2498 1696 2768 1767 irrepserit
2799 1716 2814 1745 :

1802 1780 1920 1834 vide
1941 1794 2051 1834 not.
2078 1780 2147 1832 ad
2171 1779 2216 1852 §.
2240 1782 2290 1833 3.
2313 1781 2498 1850 Neque
2520 1774 2625 1826 hoc
2653 1798 2678 1821 ι
2699 1774 2821 1845 opi-

1810 1881 1832 1905 ·
1853 1861 2041 1914 niones
2062 1858 2234 1929 legere
2254 1882 2276 1905 a
2306 1854 2592 1909 admodum
2616 1853 2818 1926 piacet.

1804 1940 1982 2008 Quare
2007 1958 2111 2012 ope
2136 1939 2459 2009 optimorum
2482 1933 2816 1989 Code‘lor.

1805 2033 1860 2071 et
1879 2019 2055 2073 Guelf.
2086 2023 2158 2071 ita
2181 2019 2408 2071 fortasse
2430 2013 2770 2070 scribendum
2794 2034 2814 2063 .-

1810 2122 1832 2145 ιι
1852 2097 2298 2170 Philosophorum
2319 2112 2531 2167 quoqne
2546 2091 2820 2145 consulto-

1809 2201 1831 2224 «
1850 2197 2076 2250 rumque
2104 2180 2359 2249 opinione
2383 2178 2428 2228 si
2452 2175 2529 2226 uti
2555 2172 2776 2225 velimus
2792 2211 2818 2238 ,

1809 2278 1832 2302 ιι
1853 2254 2027 2326 legere
2039 2257 2397 2311 necessarium
2406 2255 2654 2321 est.Quae‚
2668 2265 2770 2304 etc.
2780 2277 2805 2301 ι

1802 2336 1864 2388 ln
1892 2333 1992 2388 illis
2024 2348 2201 2388 autem
2232 2334 2394 2387 sed...
2431 2351 2526 2386 nos
2541 2330 2814 2402 facimus,

1803 2432 2100 2485 pronomen
2121 2432 2212 2467 nos
2231 2414 2438 2466 fortiter
2453 2412 2815 2484 pronuncian-

1806 2491 1959 2556 dum;
1986 2506 2066 2546 est
2088 2494 2228 2545 enim
2256 2510 2353 2562 pro
2379 2492 2492 2563 ipsi.
2519 2490 2675 2542 Plane
2695 2488 2816 2540 nul-

1804 2571 1910 2623 lam
1943 2573 2201 2624 rationem
2234 2569 2454 2623 haberet
2481 2568 2585 2621 hoc
2619 2588 2739 2633 nox,
2765 2569 2815 2621 si

1804 2668 1915 2702 non
1925 2670 2048 2703 vera
2061 2663 2198 2703 esset
2218 2652 2271 2702 in
2287 2650 2537 2721 proximis
2547 2648 2812 2719 scriptura

1802 2747 1975 2801 (ματ...
1996 2747 2284 2802 possumus.

1882 2824 1899 2858 ι
1913 2847 1925 2859 .
1938 2808 2196 2860 Tamen...
2221 2807 2527 2860 multorum.
2542 2806 2812 2860 omittunt

1802 2903 1962 2958 quam
1985 2884 2145 2938 Goth.
2162 2887 2317 2938 Voss.
2343 2902 2400 2950 2,
2419 2884 2580 2937 Cur.
2607 2898 2661 2936 et
2684 2882 2809 2936 edd.

1802 2977 1927 3015 ante
1941 2964 2196 3017 Obrecht.
2212 2962 2354 3014 ——To'
2374 2982 2535 3037 quam
2556 2965 2810 3015 omittunt

1804 3060 2019 3115 quoque
2038 3041 2326 3095 Pontvalt.
2344 3042 2434 3094 tib.
2451 3044 2556 3095 tut.
2575 3042 2628 3108 8,
2642 3061 2690 3111 9.
2710 3042 2806 3093 En.

1876 3138 1924 3172 a.
1942 3121 2030 3173 Ad
2038 3139 2154 3172 eam
2165 3142 2186 3183 ,-
2205 3122 2279 3172 sic
2294 3121 2469 3171 Turic.
2487 3118 2626 3171 Flor.
2640 3116 2802 3170 Goth.

1800 3197 2040 3268 (tacente
2062 3200 2257 3271 Gesn.)
2285 3201 2449 3252 Cam.
2478 3198 2565 3250 Ad
2593 3215 2806 3259 earum,

1800 3279 1974 3332 Guelf.
2013 3278 2102 3330 Ad
2133 3299 2243 3347 eas,
2281 3279 2489 3350 reliqui.
2511 3307 2584 3318 —-
2605 3276 2804 3328 Eadem

1800 3361 1967 3412 nostri
1981 3397 1997 3425 ‚
2019 3361 2118 3411 nisi
2139 3358 2285 3430 quod
2307 3360 2377 3411 ad
2398 3376 2577 3412 earum
2597 3376 2706 3409 non
2725 3375 2803 3409 re·

1798 3440 2047 3511 perimus.
2078 3440 2169 3490 Eo.

1870 3519 1920 3570 3.
1955 3518 2264 3570 Necessaria.
2299 3519 2622 3584 Necessario,
2655 3516 2796 3568 Flor.

1797 3596 2054 3664 Historiis,
2070 3599 2245 3649 Turic.
2261 3597 2400 3648 Flor.
2417 3596 2800 3667 Guelf..Hysto-

1799 3676 1916 3740 mis,
1947 3677 2107 3728 Cam.
2139 3676 2426 3748 Opinione,
2456 3677 2597 3729 Flor.
2621 3676 2800 3730 Guelf.

1800 3755 1854 3808 V
1847 3753 2034 3807 elimas
2054 3755 2219 3829 quere
2239 3774 2303 3808 ne
2322 3755 2466 3828 quod
2480 3755 2688 3831 quidem
2703 3774 2800 3826 po·

1797 3846 1887 3887 test
1907 3837 2115 3903 omnia,
2139 3837 2411 3888 anicens.
2437 3835 2614 3890 Guelf.
2637 3834 2798 3887 Goth.

1795 3918 1939 3968 Jens.
1965 3914 2093 3985 (err.
2123 3913 2330 3987 Gesn.).
2370 3916 2434 3970 V.
2463 3913 2499 3967 1.
2529 3914 2802 3990 quidquod

1791 4007 1960 4069 potest
1981 4015 2029 4049 o.
2042 4035 2059 4062 ,
2078 3999 2230 4049 Voss.
2256 4013 2303 4048 2.
2328 3997 2392 4050 V.
2415 3995 2451 4047 l.
2476 4015 2580 4049 non
2600 3994 2801 4065 (Alme-

1797 4075 1900 4129 lov.
1921 4072 1973 4147 ἶι)
1996 4075 2136 4149 quod
2151 4075 2362 4148 quidem
2376 4086 2545 4147 potest
2561 4095 2633 4142 o.‚
2659 4074 2796 4126 Flor.

1797 4174 1920 4209 cum
1937 4155 2194 4208 Almclov.
2221 4154 2284 4209 V.
2309 4154 2346 4207 l.
2373 4155 2706 4208 necessarium
2730 4162 2806 4203 est
