3200 5159
639 488 1292 576 INSTITUTIONIS
1328 490 1583 556 ORAT.
1627 489 1786 554 LIB.
1827 492 1988 571 XII,
2033 513 2093 556 2.

2295 495 2419 578 447

313 612 573 684 caverit
598 612 671 686 in
704 614 856 686 foro
880 632 1265 702 certamen,
1301 607 1605 685 obstabit
1628 611 2074 705 melioribus»,
2113 634 2184 686 et
2210 635 2422 687 sectas

312 724 411 797 ad
457 728 869 801 tenuitatem
917 727 1119 800 suam
1164 727 1343 800 vires
1392 728 1541 827 ipsa
1587 727 1973 802 subtilitate
2029 751 2420 804 consumet.

310 844 559 941 Itaque
611 846 911 945 reperias
966 844 1309 946 quosdam
1345 860 1363 890 ¹
1415 844 1490 917 in
1539 843 1962 945 disputando
2009 846 2183 919 mire
2234 846 2427 919 calli-
2470 862 2532 929 14

315 957 475 1048 dos,
519 984 752 1058 quum
781 960 872 1033 ab
906 960 1027 1033 illa
1058 958 1495 1034 cavillatione
1524 959 1989 1052 discesserint,
2029 987 2175 1033 non
2202 963 2426 1061 magis

312 1072 633 1146 sufficere
682 1075 758 1146 in
810 1075 1046 1175 aliquo
1085 1075 1394 1174 graviore
1432 1096 1595 1148 actu
1623 1132 1640 1165 ‚
1676 1102 1895 1172 quam
1945 1089 2203 1176 ²parva
2251 1103 2429 1175 quae-

313 1186 480 1259 dam
534 1189 915 1280 animalia,
956 1217 1113 1290 quae
1161 1191 1237 1262 in
1278 1190 1623 1290 angustiis
1658 1189 1985 1281 mobilia,
2021 1218 2271 1292 campo
2307 1190 2428 1265 de-

312 1301 867 1402 prehenduntur.
923 1308 1085 1378 Jam
1139 1303 1481 1406 quidem-²·
1523 1331 1682 1405 pars
1732 1304 1854 1379 illa
1910 1305 2222 1394 moraIiS,
2267 1334 2424 1410 quae

313 1420 570 1494 dicitur
591 1424 661 1493 E
664 1420 874 1512 thice,
897 1417 1077 1496 certe
1103 1443 1245 1497 tota
1269 1422 1524 1495 oratori
1545 1443 1648 1495 est
1665 1423 2222 1496 accommodata:
2256 1450 2424 1496 nam

312 1534 392 1608 in
426 1557 621 1610 tanta
650 1565 1057 1631 causarum,
1097 1536 1320 1612 sicut4
1347 1538 1824 1638 superioribus
1852 1537 2053 1611 libris
2086 1536 2425 1634 diximuS,

310 1650 668 1745 varietate,
715 1681 942 1754 quum
980 1654 1120 1729 alia
1163 1654 1562 1755 conjectura
1602 1675 2038 1753 quaerantur,
2084 1653 2226 1727 alia
2268 1655 2429 1727 fini-

310 1765 625 1842 tionibus
663 1769 1208 1860 concludantur,
1260 1767 1399 1841 alia
1433 1767 1595 1869 jure
1631 1768 2272 1861 summoveantur5,
2319 1768 2427 1843 vel

307 1885 811 1959 transferantur
825 1884 881 1968 ⁶,
920 1887 1059 1962 alia
1090 1885 1546 1986 colligantur,
1583 1883 1693 1957 vel
1734 1886 1884 1986 ipsa
1925 1886 2105 1959 inter
2141 1912 2213 1959 se
2251 1913 2426 1958 con-

393 2088 413 2123 ι
425 2111 437 2123 .
453 2072 695 2145 Reperias
707 2075 1329 2147 quosdamflorilfflm„

310 2151 564 2223 quosdam
594 2154 834 2225 reperies,
872 2156 1131 2226 integram
1159 2167 1211 2206 et
1247 2152 1331 2205 di-

312 2244 576 2305 remptam
611 2237 926 2288 sententiam
964 2236 1218 2288 efficiens.
1263 2235 1332 2285 In

311 2308 666 2382 disputatione
687 2326 741 2366 et
759 2332 883 2366 mox
906 2334 1024 2367 cum
1045 2332 1159 2367 vero
1181 2314 1247 2366 ab
1263 2314 1331 2381 ιζ,

312 2388 475 2443 idem.
498 2394 553 2445 C.
575 2394 641 2445 ab
657 2391 756 2446 illa
773 2411 920 2462 vero,
945 2392 1106 2447 Goth.
1126 2415 1173 2447 c.
1191 2394 1331 2447 Alm.

313 2473 467 2524 Voss.
492 2487 513 2522 ι
532 2509 549 2538 ,
572 2489 631 2538 2,
654 2475 798 2526 Jens.
825 2487 877 2526 et
894 2472 1016 2525 edd.
1040 2487 1182 2546 post.
1208 2487 1333 2527 ante

313 2551 483 2605 Stoer.
504 2549 823 2625 Sufficiunt,
845 2553 1023 2605 Floril.
1045 2554 1189 2607 Sunt.
1214 2554 1333 2606 Dis-

311 2631 537 2696 cessen‘t,
578 2632 753 2684 Turio.
793 2633 965 2683 Prava
981 2669 999 2696 ‚
1023 2631 1185 2685 Cur.
1222 2632 1333 2686 An-

308 2707 499 2781 qusu‘s,
520 2707 794 2762 Turicens.
828 2710 896 2760 In
924 2726 1139 2781 campo,
1168 2708 1333 2763 Goth.

313 2789 460 2840 Jeus.
484 2787 622 2857 (tac.
648 2788 847 2861 Gesn.)
869 2807 990 2843 cum
1012 2789 1161 2842 editt.
1187 2801 1330 2863 post.

316 2880 443 2919 ente
464 2866 620 2919 Basil.

393 2962 441 2997 2.
480 2945 651 3016 Quam
682 2963 906 3017 parva...
931 2946 1333 3018 deprehendun-

315 3033 420 3076 tur.
431 3022 635 3080 Licebit
650 3038 703 3076 et
719 3022 804 3075 hie
819 3022 1042 3094 digitum
1057 3023 1333 3076 intendere

318 3102 390 3155 ud
406 3103 972 3154 consummatissimam
986 3139 1002 3166 ‚
1019 3120 1121 3173 qua
1137 3102 1334 3153 Noster

316 3182 513 3254 pollet,
533 3195 587 3235 et
609 3181 955 3253 comparandi
978 3195 1031 3234 et
1046 3180 1334 3254 eloquendi

315 3262 716 3336 proprietatem.
736 3259 870 3313 Vide
888 3260 935 3333 §.
966 3278 984 3312 ι
1002 3279 1021 3313 1
1034 3301 1044 3312 .

388 3342 440 3396 3.
471 3340 710 3412 Quidem.
736 3343 898 3395 omit.
923 3340 1154 3393 Gothan.
1191 3338 1331 3410 (tac.

313 3422 524 3494 Genu).
557 3423 631 3474 Et
666 3423 775 3474 hec
800 3434 852 3475 et
872 3432 1007 3474 certe
1017 3460 1035 3488 ,
1060 3419 1332 3473 Guelferb.

316 3504 393 3556 Et
416 3502 502 3555 hie
522 3513 680 3568 certe,
718 3501 860 3554 Flor.
904 3502 977 3554 Et
1004 3500 1090 3552 hic
1111 3519 1142 3552 e
1170 3512 1333 3559 certe,

318 3580 503 3634 Ambr.
530 3597 580 3633 2.
617 3584 765 3635 Certe
787 3600 894 3633 om.
914 3581 1080 3633 Csnr.
1121 3579 1182 3632 T.
1212 3597 1260 3631 o.
1291 3598 1337 3632 e.

317 3661 746 3728 ἀοοοιηηιοάαεα,
772 3661 913 3713 Flor.
962 3661 1024 3713 T.
1058 3660 1274 3713 oratoris
1290 3679 1333 3713 e.

316 3743 740 3809 accommodata,
759 3744 914 3793 Bern.
944 3741 1006 3793 T.
1027 3739 1225 3793 oratori
1245 3751 1334 3793 est.

317 3821 493 3888 Nam,
530 3820 775 3873 Ambros.
805 3838 854 3873 2.
899 3820 960 3872 T.
998 3821 1216 3873 oratoris
1247 3828 1335 3872 est.

319 3898 493 3967 Nam,
513 3899 688 3952 Guelf.
716 3919 764 3950 c.
786 3897 950 3951 Goth.
974 3899 1120 3951 Jens.
1143 3911 1194 3950 et
1214 3896 1337 3949 edd.

1481 2073 1534 2139 4.
1568 2071 1719 2126 Sicut
1736 2075 2117 2146 superioribus3
2145 2078 2220 2127 sic
2246 2077 2425 2129 Turic.

1409 2151 1551 2204 Flor.
1585 2150 1771 2205 Ambr.
1799 2171 1860 2220 2,
1897 2153 2073 2206 Guelf.
2112 2154 2274 2207 Cum
2305 2171 2428 2208 curn

1413 2228 1551 2281 Alm.
1580 2229 1734 2282 Sicut
1760 2231 1813 2281 in
1829 2249 1866 2285 s.
1881 2271 1898 2298 ‚
1923 2235 2077 2285 Voss.
2104 2232 2154 2285 3.
2189 2233 2261 2284 Ut
2281 2235 2335 2285 in
2354 2253 2426 2302 s.‚

1410 2306 1573 2360 Goth.
1605 2308 1675 2359 Ut
1689 2326 1728 2360 s.
1741 2347 1760 2375 ,
1781 2307 1985 2381 reliqui.
2006 2309 2190 2362 Alia...
2212 2312 2430 2364 conclu·

1410 2385 1610 2439 dantur
1629 2405 1734 2438 om.
1760 2389 1939 2440 Turic.
1974 2387 2116 2441 Flor.
2142 2407 2265 2441 cum
2289 2389 2427 2441 Alm.

1409 2496 1484 2507 —
1506 2464 1707 2518 Eadem
1739 2468 1935 2534 nostri,
1970 2469 2072 2520 nisi
2115 2468 2262 2540 quod
2298 2468 2429 2522 nihil

1412 2543 1692 2595 omittitur.
1716 2544 1810 2596 Eo.

1486 2621 1536 2675 5.
1563 2623 2039 2688 Summoveantur3
2079 2629 2154 2680 sic
2181 2627 2300 2682 libri
2327 2632 2431 2683 mei

1415 2720 1602 2755 omnes
1624 2704 1898 2757 Guelferb.
1924 2705 2085 2759 Goth.
2110 2710 2272 2762 Ciu».
2289 2709 2426 2763 Roll.

1413 2785 1573 2836 Gesn.
1592 2784 1706 2856 Bip.
1725 2786 1989 2856 quisubm.
2006 2786 2142 2839 Vide
2156 2788 2257 2854 xl,
2272 2788 2327 2853 3,
2342 2788 2430 2855 4²·

1483 2863 1537 2915 6.
1589 2863 1644 2917 V
1638 2864 1692 2916 el
1735 2863 2132 2935 transferantur.
2184 2868 2243 2919 ln
2285 2868 2432 2923 hisce

1411 2941 1673 2994 technicis
1707 2955 1762 2993 et
1787 2956 1992 2995 veteres
2025 2945 2198 2999 solent
2234 2946 2434 3002 dormi-

1411 3034 1526 3072 tare
1568 3022 1883 3092 interpretes
1926 3035 1980 3073 et
2007 3024 2338 3079 Burmannus
2368 3045 2431 3080 se

1411 3099 1680 3152 Gesnerus
1704 3101 1877 3152 securi
1899 3100 2012 3153 fere
2035 3114 2429 3174 transcurrunt,

1413 3179 1459 3230 si
1481 3176 1610 3249 quid
1630 3178 1883 3250 objicitur
1899 3177 2245 3236 difficultatis.
2270 3184 2427 3239 Solus

1410 3256 1639 3329 Gapper.
1680 3259 1755 3308 rei
1793 3259 1895 3330 ipsi
1924 3260 2161 3313 animum
2202 3264 2312 3316 fere
2345 3266 2430 3316 in·

1414 3335 1613 3402 tendit,
1638 3338 1728 3409 qui
1751 3356 1819 3388 ne
1837 3336 1926 3390 hic
1941 3337 2158 3411 quidem
2181 3345 2435 3409 cessavit,

1416 3415 1512 3470 sed
1543 3435 1726 3469 verum
1757 3416 1950 3471 vidisse
1981 3437 2091 3472 non
2119 3435 2200 3473 est
2234 3435 2435 3493 putan-

1415 3496 1532 3550 dus.
1569 3497 1756 3549 Monet
1775 3499 1847 3564 is,
1881 3497 1965 3551 vel
1997 3517 2111 3552 esse
2136 3505 2437 3572 epexegeti-

1417 3596 1539 3631 cum
1563 3576 1713 3629 verbi
1742 3596 2095 3644 summovere,
2137 3599 2246 3652 quo
2272 3584 2439 3634 mani·

1416 3659 1602 3711 festius
1625 3656 1717 3709 fist
1745 3657 1931 3711 lectori
1946 3697 1962 3725 ,
1983 3672 2178 3711 statum
2206 3663 2434 3715 nansia-

1418 3738 1582 3789 tivum
1609 3737 1889 3808 significari
1921 3737 2013 3790 illo
2044 3739 2163 3808 jure
2196 3758 2433 3794 summo-

1416 3828 1593 3868 vente.
1616 3817 1732 3867 Hoc
1750 3828 1954 3881 autem,
1970 3828 2028 3866 ut
2042 3834 2139 3887 per
2153 3835 2210 3868 se
2233 3817 2434 3870 fatuam

1423 3894 1706 3967 quamdam
1727 3892 1888 3947 habet
1905 3894 2210 3948 facilitatem
2227 3914 2438 3950 somno-

319 3991 464 4052 post.
494 3993 616 4034 ente
649 3978 771 4031 And.
815 3991 960 4031 recte
1002 3977 1339 4050 improbante
1420 3974 1567 4028 lento
1597 3973 1785 4027 lectori
1820 3974 1942 4048 plus
1969 3976 2117 4046 justo
2154 3975 2439 4047 indul-gen-

322 4056 449 4111 aad.
467 4058 766 4129 quiamodo
786 4056 898 4109 haec
921 4055 1091 4108 forma
1114 4072 1341 4127 praeces-
1421 4068 1558 4120 tem,
1581 4055 1654 4107 ita
1687 4056 1901 4107 minime
1938 4058 2182 4126 congruit
2211 4056 2441 4129 duplici,

322 4139 449 4190 serit
478 4137 523 4206 ς.
558 4154 640 4190 to.
668 4133 804 4190 Tota
825 4153 1129 4199 causarum,
1155 4134 1337 4187 Locst.

328 4214 461 4266 Ven.
488 4215 645 4267 Rusc.

1425 4134 1571 4206 quod
1587 4136 1845 4187 continuo
1868 4134 2118 4202 infertur,
2137 4135 2234 4188 vel.
2252 4139 2439 4211 Neque

1425 4214 1566 4264 enim
1582 4214 1865 4285 quisquam
1879 4211 2050 4282 dicet,
2075 4213 2212 4269 vel...
2228 4229 2441 4272 concur·

2471 1320 2531 1374 15
