3200 5159
704 356 832 430 536

1269 378 1362 442 M.
1402 381 1632 448 FABII
1669 386 2223 470 QUINTILIANI

707 491 1358 621 antiquissimorum
1386 508 1675 606 quidem
1692 569 1712 603 ,
1737 514 1856 586 sed
1888 537 2125 592 tamen
2152 541 2466 596 veterum
2484 580 2504 613 ,
2530 525 2804 599 m'ollire

705 611 1150 704 tentaverint,
1196 644 1339 690 non
1380 621 1608 697 solum
1647 644 1921 702 aversa¹
1965 659 2093 731 pro
2133 616 2428 709 abversis
2469 638 2804 731 dicende,

705 721 827 794 sed
879 746 945 797 et
985 727 1059 800 in
1113 736 1593 834 praepositione
1640 739 1681 814 b
1724 744 1966 817 litterae
2007 748 2347 823 absonam
2392 775 2459 826 et
2503 754 2725 853 ipsam
2774 784 2806 829 s

608 833 675 885 33
707 838 1162 940 subjiciendo.
1204 850 1340 923 Sed
1371 877 1697 929 accentus
1724 886 2038 960 quoque,
2068 892 2293 963 quum
2331 868 2598 967 rigore²
2633 897 2809 968 quo-

710 952 905 1050 dam,
938 980 1090 1033 tum
1125 964 1586 1044 similitudine
1621 974 1768 1074 ipsa
1790 1032 1810 1065 ,
1841 978 2079 1053 minus
2102 982 2387 1055 suaves³
2426 983 2807 1075 habemus;

709 1074 873 1170 quia
912 1076 1155 1153 ultima
1190 1084 1454 1182 syllaba
1495 1116 1626 1162 nec
1668 1114 1871 1166 acuta
1914 1123 2228 1195 unquam
2275 1100 2636 1193 excitatur,
2677 1129 2806 1174 nec

710 1188 884 1263 flexa
930 1194 1506 1295 circumducitur,
1539 1207 1661 1280 sed
1710 1207 1830 1280 inl*
1866 1238 2180 1310 gravem,
2217 1216 2323 1288 vel
2364 1216 2536 1289 duas
2573 1240 2810 1316 graves

710 1306 895 1379 cadit
921 1335 1235 1411 semper:
1268 1316 1497 1416 itaque
1535 1341 1731 1397 tanto
1766 1346 1868 1397 est
1898 1352 2126 1400 sermo
2160 1357 2419 1429 graecus
2450 1331 2665 1404 latino
2691 1331 2808 1432 ju·

711 1421 1030 1516 cundior,
1051 1448 1125 1499 ut
1143 1432 1354 1504 nostri
1370 1456 1612 1534 poetae,
1627 1441 1900 1537 quoties
1916 1441 2119 1516 dulce
2134 1472 2415 1519 carmen
2431 1474 2578 1521 esse
2591 1446 2817 1520 volue-

604 1527 674 1596 34
706 1535 849 1608 rint
867 1537 920 1626 ⁵,
964 1540 1249 1617 illorum
1285 1547 1358 1620 id
1398 1554 1812 1628 nominibus
1842 1582 2194 1633 exornent.
2234 1562 2366 1635 His
2402 1561 2523 1636 illa
2564 1583 2811 1663 poten-

706 1648 882 1724 tiora
896 1651 951 1743 ⁶,
978 1660 1169 1755 quod
1201 1688 1302 1735 res
1333 1665 1656 1774 plurimae
1686 1694 1921 1770 carent
1943 1675 2555 1775 appellationibus,
2586 1700 2664 1751 ut
2694 1704 2810 1752 eas

705 1859 937 1913 abversus
950 1860 1141 1916 dixisse
1155 1874 1247 1916 aut
1262 1864 1490 1928 sciebat,
1512 1878 1606 1917 aut
1619 1866 1719 1916 sci·
1797 1868 1981 1920 ciendo
1997 1902 2014 1934 ,
2050 1867 2188 1922 Flor.
2217 1867 2394 1922 Guelf.
2421 1888 2544 1923 cum
2566 1868 2728 1923 Goth.
2755 1884 2774 1920 1
2792 1908 2812 1936 ,

706 1960 764 1993 re
782 1940 1075 1996 videbatur.
1094 1944 1246 1995 Hanc
1265 1959 1407 1997 certe
1426 1944 1532 1997 loci
1551 1948 1720 1999 nostri

705 2022 1110 2094 explicationem
1141 2030 1460 2098 conjecturis
1488 2032 1721 2082 virorum

704 2102 1017 2176 doctorum,
1043 2127 1156 2180 quae
1189 2109 1333 2180 apud
1362 2111 1720 2162 Burmannum

708 2197 763 2236 et
811 2186 1101 2239 Gesner-um
1151 2190 1418 2254 visuntur,
1471 2188 1719 2241 omnibus

704 2268 947 2338 praefero.

785 2364 829 2400 1.
872 2345 1065 2402 Aversa
1112 2368 1209 2420 pro
1253 2350 1485 2403 abversis.
1534 2351 1718 2416 Hanc,

710 2442 872 2494 quam
910 2427 966 2478 in
1008 2426 1152 2479 Leid.
1196 2431 1425 2500 primum
1472 2430 1686 2480 invenio
1703 2467 1720 2495 ,

708 2504 1021 2574 scripturam
1045 2518 1098 2556 et
1122 2508 1287 2578 ipsam
1309 2520 1524 2559 tuentur
1540 2507 1719 2558 Tur-ic.

705 2582 939 2635 Florent.
972 2602 1113 2637 versa
1139 2602 1240 2655 pro
1264 2586 1482 2639 abversis
1503 2584 1721 2651 damea,

705 2678 870 2712 unam
883 2658 1112 2713 litteram
1126 2663 1457 2729 omittentes,
1472 2682 1634 2735 quam
1646 2683 1724 2716 ra-

709 2741 786 2792 tio
807 2740 1037 2812 supplet.
1055 2741 1225 2810 Quin,
1247 2745 1291 2795 si
1309 2745 1593 2796 Burmanni
1608 2742 1724 2815 (qui

709 2816 829 2872 edd.
857 2818 944 2870 hic
965 2832 1170 2872 tantum
1195 2822 1484 2893 memorat)
1513 2822 1722 2876 silentio

709 2897 869 2963 fides,
896 2898 1040 2952 MSS.
1066 2901 1180 2968 ejus
1205 2901 1457 2970 integram
1486 2899 1616 2952 dant
1641 2920 1726 2954 re·

711 2989 948 3048 ceptam;
984 2990 1174 3049 praeter
1195 2980 1347 3031 Bern.
1382 2998 1445 3032 ex
1481 2998 1589 3052 quo
1625 2980 1724 3033 ad-

713 3056 866 3110 versis
891 3058 1143 3121 affertur-3
1181 3071 1233 3110 et
1264 3060 1338 3111 sic
1376 3057 1585 3129 (aversa
1623 3079 1723 3131 pro

712 3137 970 3208 adversis)
1005 3139 1166 3190 Cim.
1194 3139 1351 3191 etiam
1384 3152 1436 3190 et
1464 3138 1583 3192 Ald.
1610 3138 1723 3191 Ad-

715 3234 854 3269 versa
883 3235 981 3286 pro
1018 3216 1241 3271 adversis
1269 3217 1445 3270 Guelf.
1472 3217 1632 3270 Goth.
1666 3236 1723 3285 α,

712 3297 858 3348 Jens.
874 3297 1029 3348 Tarv.
1052 3297 1206 3349 Basil.
1235 3296 1449 3368 (Locat.
1479 3298 1611 3350 Ven.
1631 3317 1726 3369 per

711 3373 955 3446 sphalma
976 3392 1080 3426 om.
1102 3393 1200 3447 pro
1219 3376 1335 3428 adv.
1353 3376 1375 3447 )
1392 3374 1605 3428 Asversa
1626 3393 1724 3445 pro

713 3452 937 3506 abversis
955 3452 1081 3505 Bad.
1099 3472 1221 3505 cum
1241 3453 1341 3505 hac
1362 3466 1489 3506 nota
1508 3475 1519 3504 ε
1541 3477 1563 3500 α
1580 3472 1725 3505 aver-

720 3553 745 3577 «
765 3550 822 3584 sa
840 3551 939 3604 pro
964 3532 1195 3585 adversis
1221 3535 1296 3584 sic
1308 3532 1490 3585 Aldus.
1510 3531 1726 3603 Vallen-

719 3632 742 3657 ι
764 3612 834 3662 sis
854 3622 1031 3662 autem
1051 3628 1150 3681 pro
1175 3609 1404 3662 abversis
1432 3633 1443 3661 :
1472 3609 1619 3683 quod
1641 3630 1725 3663 se·

721 3712 744 3736 ιι
764 3706 913 3761 quar.
932 3712 955 3735 ι
972 3686 1130 3741 Vides
1140 3707 1259 3742 eum
1276 3709 1337 3741 ex
1347 3688 1482 3743 Vall.
1495 3690 1725 3743 voluisse

713 3766 840 3821 dare
864 3780 1116 3820 nostram.
1146 3768 1360 3821 Asversa
1378 3787 1476 3839 pro
1498 3768 1727 3822 adversis

711 3844 780 3898 de
805 3847 933 3898 meis
943 3844 1143 3919 Gryph.
1168 3847 1337 3898 Stoer.
1359 3844 1584 3899 Chouet.
1608 3846 1724 3897 Cae-

713 3936 853 3979 teros
876 3925 997 3977 vide
1017 3943 1103 3999 ap.
1130 3927 1305 3977 Burm.
1329 3938 1381 3977 et
1394 3926 1554 3978 Gesn.
1580 3926 1726 3977 Proe-

707 4005 1046 4075 positionibus
1061 4005 1270 4071 litteroe,
1292 4005 1564 4058 Turicens.
1580 4005 1721 4057 Flor.

709 4081 1011 4153 Adsonam,
1038 4083 1201 4138 Goth.
1230 4101 1279 4136 a.
1310 4083 1487 4156 Ipsam
1504 4082 1724 4157 ssuly'i-

1802 1966 1830 2000 2
1843 1988 1862 2016 ,
1874 1949 2011 2002 vall.
2027 1952 2179 2003 Voss.
2199 1967 2226 2002 2
2240 1989 2259 2015 ,
2273 1949 2423 2002 Bodl.
2438 1951 2469 2002 J
2473 1968 2630 2003 oann.
2648 1949 2809 2001 Can.

1801 2041 1855 2079 et
1880 2028 2002 2081 edd.
2025 2042 2147 2081 ante
2173 2028 2296 2080 Ald.
2326 2046 2440 2081 acc.
2465 2027 2621 2081 Basil.
2643 2042 2694 2079 et
2712 2026 2809 2079 ali-

1801 2121 1933 2178 quot
1961 2125 2044 2179 ap.
2078 2109 2252 2159 Burm.
2293 2107 2342 2158 Ι.
2368 2106 2429 2156 P.
2456 2127 2526 2171 s.,
2549 2107 2723 2179 Kapp.
2741 2136 2813 2146 —

1799 2189 1971 2251 Hanc,
1984 2205 2051 2258 qu
2059 2205 2141 2239 am
2158 2190 2211 2241 in
2222 2184 2600 2257 Leid.primum
2614 2187 2814 2237 invenit

1799 2265 1993 2317 Buttm.
2009 2301 2025 2329 ,
2046 2266 2361 2335 scripturam
2383 2264 2580 2335 (aversa
2604 2282 2702 2335 pm
2724 2264 2814 2315 ab·

1800 2341 1973 2408 versis)
1991 2341 2250 2395 habemus
2271 2360 2488 2415 quoque
2511 2342 2655 2416 apud
2675 2342 2809 2396 vall.

1802 2421 1892 2474 lib.
1918 2424 2026 2474 RR.
2054 2423 2114 2488 8,
2134 2440 2187 2492 9.
2218 2423 2314 2474 En.

1875 2520 1924 2554 2.
1948 2504 2151 2575 Riqore.
2176 2503 2331 2554 Hunc
2350 2504 2406 2554 in
2433 2504 2546 2573 ipsa
2575 2521 2812 2575 pronun·

1801 2582 2043 2632 ciationis
2077 2581 2277 2646 latinae,
2319 2600 2479 2652 quam
2509 2580 2673 2633 hodie
2703 2600 2812 2634 non

1802 2659 2074 2726 audimus,
2117 2674 2305 2713 natura
2344 2663 2502 2714 situm
2539 2673 2692 2732 puto.
2733 2662 2813 2713 De

1803 2742 2003 2793 caeteria
2026 2739 2212 2809 videl,
2237 2740 2297 2808 5,
2321 2741 2419 2807 30,
2439 2741 2525 2793 31.

1876 2821 1927 2873 3.
1942 2820 2139 2874 Suaves
2158 2821 2412 2873 habemus.
2438 2822 2615 2874 Turic.
2640 2820 2812 2886 Flor.,

1800 2916 1980 2952 suaves
2001 2896 2066 2951 al*
2088 2900 2152 2951 ab
2175 2903 2297 2973 «rjus.
2315 2897 2586 2951 Guelferb.
2614 2899 2814 2972 inteqra

1802 2998 1900 3050 pro
1927 2979 1981 3029 in
2006 2997 2236 3051 qravem.
2265 2978 2442 3030 Turio.
2468 2978 2607 3031 Flor.
2623 3016 2640 3045 ,
2664 2977 2814 3031 dulce

1806 3070 1978 3110 tamen
2004 3077 2129 3123 esse,
2163 3075 2282 3109 cum
2307 3056 2444 3108 Alm.

1874 3137 1926 3204 4.
1947 3137 2051 3189 Sed
2073 3139 2186 3187 in...
2213 3135 2354 3188 cadit
2373 3153 2584 3207 semper.
2611 3138 2693 3188 An
2718 3154 2814 3188 ne-

1801 3214 2084 3287 gligentius
2095 3216 2215 3268 locu
2223 3230 2331 3266 tum
2342 3215 2726 3283 Quintilianum
2737 3215 2816 3268 di-

1804 3295 2021 3346 camus?
2045 3314 2110 3346 an
2132 3313 2233 3347 vox
2255 3293 2538 3347 inserendo
2566 3309 2685 3368 post
2696 3313 2814 3367 qra-

1806 3393 1887 3426 ves
1914 3372 2089 3426 locum
2117 3371 2495 3425 emendemus?
2551 3404 2554 3407 Δ

1876 3453 1928 3507 5.
1957 3456 2012 3508 V
2007 3454 2262 3515 oluert'nt‚·
2287 3454 2360 3505 sic
2379 3453 2649 3505 Turicens.
2670 3452 2810 3504 Flor.

1804 3533 1969 3587 Cim».
1999 3531 2313 3599 Voluerunt,
2339 3531 2815 3604 reliqui.—Nostri

1804 3612 2004 3675 codd„
2032 3610 2329 3663 voluerunt.
2357 3613 2449 3662 En.

1874 3691 1924 3743 6.
1967 3690 2284 3742 Potentiora.
2316 3691 2491 3741 Turic.
2516 3688 2655 3741 Flor.
2674 3728 2690 3754 ,
2715 3707 2815 3761 po-

1808 3770 1998 3834 tentia,
2022 3787 2142 3820 cum
2178 3765 2363 3819 Almel.
2401 3768 2556 3838 Quod
2581 3787 2684 3819 non
2713 3787 2814 3829 τες,

1804 3849 1979 3900 Turio.
1997 3846 2136 3899 Flor.
2164 3866 2282 3897 cum
2312 3844 2492 3897 Almel.
2517 3845 2619 3915 (an
2637 3848 2817 3897 nobis?

1802 3925 1936 3978 Vide
1968 3924 2011 3996 §.
2049 3924 2165 3987 38).
2205 3926 2317 3994 Quo
2349 3940 2448 3988 res,
2485 3925 2634 3975 Voss.
2677 3939 2731 3988 1,
2759 3923 2816 3975 3.

1802 4003 2053 4063 Nec-essu,
2085 4001 2221 4052 Flor.
2257 4003 2320 4052 In
2355 4000 2431 4052 lais
2466 4019 2609 4072 quer,
2636 4001 2814 4052 Guelf.

1803 4084 1946 4136 Jens.
1972 4082 2096 4153 (tac.
2117 4081 2308 4150 Gesn.)
2331 4092 2383 4131 et
2408 4079 2528 4131 edd.
2556 4080 2678 4153 aliq.
2706 4080 2817 4131 Do-
