3200 5159
598 513 1253 580 INSTITUTIONIS
1293 511 1549 577 ORAT.
1591 514 1753 578 LIB.
1795 516 1951 596 XII,
1991 529 2097 585 io.
2270 521 2397 609 529

305 632 544 705 eludit.
588 638 687 706 lta
719 661 914 706 nunc
951 634 1007 705 si
1030 648 1047 678 ¹
1087 634 1243 731 quis
1278 634 1365 705 ad
1404 655 1517 706 eas
1552 638 2045 711 Demosthenis
2082 641 2395 733 virtutes,
2429 658 2496 711 26

308 777 483 847 quas
511 751 628 824 ille
657 778 978 824 summus
1005 772 1235 823 orator
1263 750 1541 842 habuit,
1572 773 1808 825 tamen
1830 768 1855 798 ²
1883 755 2083 852 quae3
2107 757 2404 854 defuis-se

308 866 410 957 ei,
446 867 585 939 sive
610 868 822 967 ipsius
856 889 1133 957 natura,
1169 867 1339 939 seu4
1369 868 1518 967 lege
1545 869 1872 943 civitatis⁵
1911 872 2264 965 videntur,
2295 874 2407 947 ad-

301 981 577 1083 jecerit,
622 1004 697 1055 ut
730 984 1018 1056 affectus
1060 984 1462 1057 concitatius
1497 1001 1807 1077 moveat,
1844 988 2135 1060 audiam
2171 989 2411 1062 dicen-

311 1117 488 1188 tem,
534 1100 698 1171 Non
729 1100 910 1198 fecit
950 1096 1082 1172 hoc
1124 1097 1654 1174 Demosthenes?
1691 1123 1757 1174 et
1800 1102 1856 1174 si
1902 1103 2075 1202 quid
2116 1103 2149 1149 ⁶
2175 1105 2414 1179 exierit

321 1306 344 1331 a
365 1281 628 1353 συπρὸφους
666 1287 871 1339 Atticos
890 1323 909 1353 ,
952 1287 1320 1361 pervulgatum

322 1385 346 1410 κ
366 1376 460 1416 est.
483 1388 506 1410 ι·
532 1363 751 1418 Gesner.
770 1395 836 1408 —
852 1367 1031 1439 Ipsum
1047 1364 1325 1419 Menandri

316 1444 493 1497 locum
517 1441 767 1498 indicavit
798 1447 1121 1499 Buttmanno
1151 1445 1327 1499 erudi-

318 1529 548 1579 tissimus
597 1525 737 1579 idem
780 1539 942 1598 atque
993 1528 1327 1579 suavissimus

324 1625 481 1659 senex
494 1646 511 1672 ‚
524 1608 570 1658 J.
584 1606 646 1659 G.
663 1604 953 1660 Schneider
963 1645 979 1673 ‚
1004 1618 1335 1677 prostantem

323 1687 460 1738 inter
474 1687 765 1756 fragmenta
779 1704 843 1737 ex
859 1688 973 1756 ejus
990 1685 1206 1752 Γωργᾷ,
1223 1703 1335 1738 ser-

325 1778 611 1836 vatumque
628 1782 658 1816 a
674 1764 819 1818 Stob.
837 1766 999 1818 Serm.
1020 1763 1108 1832 55,
1133 1786 1156 1810 ι
1171 1750 1337 1830 Ἀγρόν

333 1868 356 1893 οι
381 1841 694 1913 “lustin-opor
721 1844 938 1913 γεωργοῖν
968 1841 1133 1899 οῠδῖνα.
1164 1836 1337 1909 ontima-

335 1949 358 1973 ιι
379 1921 501 1993 qipa
515 1921 608 1992 ‘peip
630 1920 718 1976 ὅσα.
741 1924 852 1981 &oie
868 1923 981 1978 ἄνθη
995 1922 1143 1985 καλαὶ,
1160 1920 1339 1990 Κητὼ,

336 2027 359 2053 11
380 2004 562 2065 θέρητ-
593 2001 747 2075 ιριθαὶε
778 2004 820 2057 ‘r'
861 2002 941 2057 icit
975 2004 1175 2075 welpo,
1212 2000 1341 2056 παίω

338 2111 363 2134 ι
378 2087 557 2142 Δίκαιος
583 2082 822 2138 inuam
843 2083 1018 2140 &602⁶
1043 2082 1099 2138 air
1123 2079 1345 2144 maed.-

334 2184 448 2219 Mm·
468 2168 712 2235 Quorum
727 2184 971 2218 versuum
988 2164 1231 2218 ultimum
1246 2182 1344 2234 po-

337 2250 442 2302 suit
461 2250 651 2299 Buttm.
679 2265 741 2297 ex
760 2244 1131 2298 emendatione
1148 2243 1346 2315 Toupii

338 2329 394 2380 in
421 2327 585 2398 Epist.
615 2327 729 2377 crit.
767 2343 822 2396 p.
861 2323 959 2389 35,
999 2324 1140 2394 Lipz.
1182 2321 1344 2374 Paulo

337 2406 552 2460 liberius
568 2417 746 2457 autem
766 2402 1148 2470 Quintilianum
1163 2440 1179 2466 ,
1201 2398 1348 2472 quod

341 2486 409 2538 de
441 2504 537 2539 suo
561 2502 688 2554 agro
728 2481 856 2534 dicit
882 2480 1046 2533 homo
1066 2497 1271 2552 pauper
1294 2481 1349 2530 in

341 2562 604 2616 eomoedia
625 2562 810 2626 attica,
829 2561 883 2611 in
900 2560 1127 2610 Atticam
1146 2558 1350 2608 univer-

344 2661 456 2696 eam
489 2642 786 2696 dilatavisse
809 2638 950 2692 idem
981 2639 1174 2690 Buttm.
1210 2649 1351 2689 recte

343 2736 541 2776 monet.
565 2725 659 2775 En.

425 2823 467 2858 1.
492 2805 578 2856 Ita
598 2821 738 2856 nunc
759 2801 932 2876 siquis
952 2802 1025 2853 ad
1032 2823 1050 2862 ,-
1079 2803 1153 2853 sie
1171 2801 1350 2852 Turio.

346 2885 485 2938 Flor.
514 2885 677 2937 011111.
703 2881 822 2936 Ald.
862 2882 910 2932 Ι.
935 2900 973 2934 s.
1003 2900 1057 2953 q.
1093 2897 1236 2931 nunc
1257 2879 1354 2945 ad,

349 2965 641 3018 Alm.Vo⁸S.
662 2962 820 3026 1,3.Ῑ.
839 2980 984 3013 nunc
995 2980 1034 3013 s.
1050 2978 1101 3032 q.
1114 2957 1354 3021 nancaei,

350 3048 493 3098 Jens.
506 3043 638 3114 (tae.
654 3040 813 3094 Gesn.
828 3039 851 3110 )
864 3053 917 3092 et
938 3039 1059 3091 edd.
1075 3052 1215 3111 post.
1235 3049 1359 3089 ante

351 3124 469 3178 Ald.
491 3125 575 3190 (in
598 3123 780 3174 Locat.
806 3138 903 3171 err.
932 3119 1155 3182 Burm.).
1174 3117 1362 3186 Itaque

352 3222 497 3256 nunc
519 3221 557 3255 s.
573 3221 624 3275 q.
642 3199 730 3262 ad,
746 3195 1016 3251 Guelferb.
1029 3194 1163 3252 Obr.
1179 3195 1363 3266 Itaque

356 3298 501 3336 nunc
520 3299 559 3334 ς.
584 3298 634 3352 q.
662 3296 805 3331 nune
830 3276 903 3328 ad
914 3314 932 3342 ,
963 3273 1087 3326 Bad.
1114 3275 1302 3345 Itaque
1322 3290 1361 3324 s.

355 3380 410 3435 q.
448 3376 594 3411 nunc
613 3356 711 3428 ad,
752 3354 955 3427 reliqui.
993 3355 1055 3405 ln
1081 3350 1183 3404 illie
1204 3352 1289 3404 Ita
1314 3362 1366 3403 et

359 3442 545 3513 Itaque
570 3457 618 3491 V.
643 3438 883 3491 Goerenz.
913 3433 980 3486 ad
1005 3434 1116 3487 Cic.
1140 3434 1265 3503 Leg.
1290 3434 1368 3497 ΙΙ,

366 3536 425 3585 2,
450 3517 500 3569 5.
515 3516 601 3586 (p.
624 3533 642 3567 1
660 3515 759 3586 11).
782 3517 840 3566 In
854 3526 1039 3565 nostro
1058 3511 1178 3563 loeo
1198 3513 1371 3563 forma

362 3599 449 3650 Ita
473 3594 888 3664 indignationem
920 3590 1155 3661 adjuvat.
1184 3591 1372 3659 Neque

364 3681 612 3750 ignavum
627 3687 708 3728 est
720 3687 1052 3727 anteversum
1064 3670 1196 3724 illud
1212 3689 1372 3722 nunc.

368 3788 441 3799 —
467 3755 647 3810 Nostri
679 3753 921 3805 damalii
949 3755 1126 3824 itaque
1162 3767 1304 3802 nunc
1337 3748 1380 3801 si

370 3836 518 3912 quis,
539 3834 627 3886 alii
650 3832 826 3904 itaque
851 3832 894 3884 εἰ
915 3831 1031 3904 quis
1053 3837 1210 3881 nunc.
1232 3829 1378 3880 Avic.

374 3913 555 3979 Poul.‚
579 3913 653 3965 ita
677 3929 821 3963 nune
842 3909 1030 3982 siquis.
1055 3910 1147 3960 En.

452 4011 500 4046 a.
522 3992 779 4043 Tamen...
794 3991 916 4042 sive.
931 3989 1203 4040 Turicens.
1217 3985 1355 4037 FIor.
1368 4023 1386 4052 ‚

378 4084 557 4125 tamen
572 4068 760 4142 quoede
768 4085 958 4142 genere
969 4068 1012 4119 εἰ
1016 4085 1100 4130 ve,
1114 4084 1234 4117 eum
1252 4063 1386 4116 Alm.
1468 4063 1696 4135 profert3
1719 4062 1904 4131 quidni
1928 4063 2155 4134 eleganti
2170 4068 2327 4117 etiam
2346 4067 2483 4120 allu-

379 4151 517 4203 Mira
541 4151 757 4200 variatio
787 4170 799 4199 ε
839 4151 895 4200 111
920 4165 1024 4219 qua
1054 4144 1181 4217 quid
1203 4143 1393 4209 lateat,

380 4231 489 4283 sive
513 4226 786 4302 quomodo
818 4246 882 4279 ex
908 4226 1175 4304 aptiuima
1210 4224 1394 4294 utique

557 4317 611 4385 4.

1403 1287 1613 1358 vulgata
1642 1290 1789 1341 nasei
1820 1293 2082 1362 potuerit,
2123 1291 2281 1364 plane
2303 1310 2417 1344 non

1404 1385 1677 1440 assequor.
1726 1371 1826 1420 Pro
1859 1371 1909 1421 ei
1939 1384 2119 1423 autem
2150 1384 2199 1424 et
2239 1371 2415 1424 Guelf.

1406 1466 1529 1500 eum
1559 1451 1713 1501 Voss.
1746 1449 1797 1501 3.

1480 1529 1532 1581 3.
1563 1527 1764 1582 Tamen
1789 1547 1922 1600 quoe.
1947 1532 2316 1602 Transponere
2339 1533 2424 1584 in-

1413 1607 1755 1679 terpretando
1780 1610 1953 1679 possis
1983 1609 2080 1662 has
2105 1630 2291 1664 voces:
2331 1611 2429 1664 sed

1414 1685 1603 1738 melius
1629 1697 1802 1738 tamen
1819 1686 2044 1741 solemni
2074 1707 2174 1741 usu
2197 1693 2429 1763 accipias

1417 1783 1517 1837 pro
1537 1775 1697 1829 certe,
1728 1764 1928 1817 saltem.

1490 1844 1543 1911 4.
1563 1844 1667 1896 Seu
1678 1865 1698 1905 ,-
1721 1845 1795 1895 sic
1809 1846 1986 1896 Turio.
2003 1843 2141 1896 Flor.
2158 1845 2432 1898 Guelferb.

1419 1924 1559 1989 Sive,
1585 1923 1796 1996 reliqui.
1812 1923 2076 1991 Viden-nt,
2093 1926 2270 1978 Turic.
2291 1927 2434 1980 Flor.

1423 2021 1544 2055 cum
1556 2001 1695 2054 Alm.
1707 2001 1933 2069 Audeat,
1950 2002 2037 2055 iid.
2050 2003 2437 2072 Audiagciur.

1423 2103 1546 2136 cum
1570 2084 1726 2135 Voss.
1755 2099 1803 2135 2.
1828 2083 1889 2136 Si
1906 2084 2034 2155 quit!
2049 2086 2277 2138 numeris
2298 2086 2441 2138 exie-

1425 2163 1519 2227 rit,
1541 2161 1718 2214 Guelf.
1734 2162 1895 2214 Cane.
1916 2162 2076 2215 Goth.
2094 2162 2227 2233 (tac.
2246 2164 2441 2236 Gesn.)

1424 2262 1545 2295 cum
1572 2243 1726 2294 Voss.
1759 2258 1779 2292 1
1799 2280 1815 2308 ,
1852 2242 1915 2306 3,
1941 2243 2041 2294 nisi
2066 2242 2213 2313 quod
2239 2243 2296 2296 hi
2319 2263 2442 2296 mu-

1427 2323 1578 2374 neris.
1625 2321 1712 2376 Ob
1763 2321 2219 2376 homoeoteleuton
2259 2339 2441 2377 autem

1427 2400 1586 2455 verba
1627 2398 1856 2473 aptius...
1897 2420 2066 2473 usque
2105 2402 2175 2455 ad
2216 2403 2441 2457 alterum

1428 2479 1610 2533 exierit
1633 2498 1739 2531 om.
1771 2479 1946 2531 Guelf.
1972 2499 2094 2532 cum
2118 2482 2272 2535 Voss.
2308 2501 2364 2548 1,·
2388 2484 2443 2536 3.

1429 2559 1530 2613 Sed
1550 2579 1650 2631 pro
1670 2559 1852 2611 exierit
1864 2560 1946 2613 bis
1965 2562 2155 2613 dixerit
2166 2564 2442 2615 TuricenS.

1430 2639 1569 2693 Flor.
1586 2659 1710 2692 eum
1729 2639 1865 2691 Alm.
1885 2640 2030 2712 quod
2053 2646 2291 2712 quamvis
2307 2656 2447 2696 stare

1432 2724 1628 2796 possit,
1666 2741 1696 2774 e
1719 2721 1912 2774 mendo
1938 2737 2112 2775 tamen
2151 2737 2334 2775 natum
2358 2729 2449 2796 ju-

1432 2801 1584 2866 dice,
1625 2815 1736 2854 tum
1771 2801 2076 2853 incredulus
2118 2822 2258 2854 εει-σο
2299 2804 2451 2854 casui

1434 2881 1596 2931 Persii
1636 2881 1886 2931 imitatori
1932 2877 2081 2949 (vide
2128 2893 2309 2931 notam
2353 2880 2449 2951 6),

1438 2968 1551 3007 tum
1585 2958 1927 3007 variationem
1953 2974 2248 3024 agnoscens
2282 2959 2334 3009 in
2364 2957 2452 3009 bi-

1437 3035 1569 3086 faria
1594 3033 1849 3085 relatione
1876 3054 1887 3084 ε
1932 3035 2233 3105 adjecerit...
2252 3036 2451 3107 fecit...

1440 3113 1507 3165 de
1524 3126 1762 3176 oratore3
1785 3113 1967 3164 exierit
1989 3152 2020 3165 ..
2042 3116 2197 3166 erit...
2218 3114 2285 3166 de
2300 3135 2449 3168 voce.

1516 3191 1565 3242 5.
1615 3190 1750 3264 Lege
1793 3191 2031 3244 civitatis.
2067 3191 2200 3244 Vide
2247 3193 2337 3245 lib.
2381 3197 2457 3261 11,

1445 3289 1561 3342 cap.
1592 3271 1685 3333 16,
1704 3272 1752 3337 S.
1781 3270 1831 3337 4.

1516 3350 1567 3402 6.
1593 3349 1664 3400 Et
1685 3350 1730 3400 si
1750 3348 1880 3419 quid
1905 3349 2102 3401 exierit.
2137 3352 2261 3403 Non
2285 3351 2352 3404 de
2376 3355 2460 3405 ni·

1446 3428 1556 3482 hilo
1582 3441 1661 3480 est
1686 3428 1832 3499 quod
1859 3429 2050 3482 Badius
2077 3445 2283 3496 monet,
2322 3431 2461 3484 allu-

1450 3510 1575 3562 dere
1598 3511 1851 3561 Nostrum
1883 3508 1950 3562 ad
1983 3509 2112 3561 illud
2153 3512 2312 3563 Persii
2337 3514 2464 3565 Non

1452 3608 1544 3663 eqo
1573 3607 1735 3661 quum
1764 3590 1954 3656 scribo,
1983 3591 2184 3662 siforte
2211 3591 2345 3664 quid
2368 3613 2468 3665 ap-

1456 3670 1558 3722 tius
1579 3668 1686 3720 exit
1700 3689 1715 3716 :
1744 3667 1966 3738 Quando
1984 3669 2091 3720 hoec
2105 3688 2222 3720 rara
2241 3673 2352 3722 αυίς
2365 3683 2468 3724 est.-
2517 3717 2520 3718 γ

1456 3748 1652 3819 siquid
1679 3759 1852 3799 tamen
1875 3748 2049 3821 aptius
2075 3749 2208 3815 exit,
2240 3750 2474 3803 Laudari

1461 3838 1707 3878 metuam.
1726 3828 1861 3877 Nam
1878 3845 2033 3897 quein
2049 3840 2262 3899 poetam
2277 3828 2389 3894 illo,
2404 3830 2474 3898 X,

1471 3925 1525 3972 1,
1549 3906 1648 3977 94,
1686 3905 1860 3975 elogio
1904 3920 2086 3972 ornat,
2134 3911 2394 3979 cujusque
2423 3923 2477 3964 et

1463 4004 1646 4039 versus
1675 3997 1728 4036 et
1765 3985 1922 4036 verba
1947 3988 2102 4038 toties
2140 3988 2194 4039 111
2245 3988 2478 4041 medium

1471 4145 1620 4196 aione
1645 4139 1767 4193 loeo
1784 4144 1898 4213 ejus
1916 4145 2222 4197 memoriter
2236 4147 2482 4204 omnibus

1474 4233 1606 4273 noto
1629 4233 1810 4273 utatur
1823 4223 1848 4271 ⁶?
