3200 5159
637 437 1287 506 INSTITUTIONIS
1323 439 1580 506 ORAT.
1622 442 1782 506 LIB.
1821 441 1910 514 X,
1964 466 2016 507 1.

2298 421 2405 532 73¹

279 558 425 649 sui;
459 558 854 635 laudandus
886 582 1121 634 tamen
1152 562 1539 660 partibus&
1575 563 1969 637 Cornelius²
2001 586 2239 638 autem
2268 568 2386 638 Se-
2419 586 2488 656 89

280 698 500 762 verm,
518 673 1299 748 etimnsi³versificator4
1316 702 1531 774 quam
1551 698 1749 775 poeta
1774 676 2106 766 melior,si
2124 700 2417 807 tamen,

281 809 362 860 ut
393 809 494 861 est
522 788 791 863 dictum
810 787 865 878 ⁵,
910 789 997 862 ad
1027 788 1428 891 exemplar⁶
1457 791 1664 891 primi
1701 792 1861 863 libri
1896 791 2165 865 bellum
2199 793 2386 866 sicu-

276 986 440 1045 manu
457 996 699 1067 uterque)
713 994 856 1048 crois.
873 997 948 1049 Ex
960 995 1127 1061 Alm,
1147 995 1285 1048 ereis.

275 1071 435 1139 Quid·
448 1074 514 1125 sit
539 1072 683 1144 quod
707 1093 736 1126 e
757 1076 913 1126 Voss.
940 1075 1001 1139 3,
1026 1076 1176 1145 quasi
1197 1093 1287 1126 va-

273 1151 420 1202 rians
438 1153 695 1222 scriptura
715 1154 888 1225 ipsum
907 1165 1145 1205 nostrum
1167 1172 1290 1225 pro·

276 1228 448 1279 fertur
471 1228 709 1296 heroicis,
729 1247 838 1281 non
859 1245 1072 1301 exputo.
1098 1234 1290 1282 Pateor

277 1306 412 1358 mihi
446 1307 675 1379 aliquam
712 1307 779 1361 de
811 1323 992 1361 nostra
1025 1312 1286 1382 scriptura

278 1389 637 1459 suspicionem
667 1387 914 1441 subnasci
937 1389 1078 1460 (vide
1105 1388 1151 1460 §.
1179 1390 1284 1461 51).

275 1471 362 1520 An
384 1481 431 1521 et
452 1468 540 1521 hic
560 1470 660 1521 fuit
674 1470 865 1541 epicis?
884 1471 994 1522 Nisi
1017 1471 1286 1522 materiam

277 1549 444 1618 magis
494 1565 651 1619 quam
696 1561 918 1600 metrum
972 1551 1288 1620 respexisset

275 1628 492 1693 Noster,
512 1645 617 1678 non
638 1627 1165 1698 profectfflasciviam
1187 1646 1287 1680 no·

274 1717 439 1757 tasset
454 1743 472 1770 ,
497 1723 655 1775 quam
679 1724 835 1757 nemo
865 1707 919 1757 in
943 1724 1096 1759 versu
1122 1705 1287 1757 bexa-

272 1798 448 1836 metro
491 1798 603 1837 erat
640 1786 919 1837 miraturus
939 1823 957 1850 ‚
1000 1804 1165 1856 quum
1208 1797 1288 1836 tot

271 1866 384 1918 sint
415 1867 688 1916 satirarum
722 1863 1010 1917 hexametri
1037 1865 1286 1936 nequitiis

273 1944 471 1996 referti.
483 1944 566 1995 An
577 1941 743 1994 voluit
754 1942 985 2014 aliquam
999 1942 1288 2011 lleroidug'u

271 2025 600 2075 mentionem
613 2023 862 2093 injicere?
877 2024 1000 2077 Non
1018 2037 1170 2094 puto.
1187 2024 1291 2076 Ne-

270 2123 383 2176 que
404 2106 542 2155 enim
565 2105 621 2155 in
641 2102 820 2172 elegiis
841 2105 1119 2174 quisquam
1139 2102 1289 2154 luxu·

274 2185 461 2235 riantis
493 2183 690 2252 ingenii
723 2181 940 2234 delicias
969 2199 1290 2252 magnopere

275 2261 603 2334 improbabit
619 2300 637 2328 ,
678 2263 721 2313 si
761 2263 986 2313 maxime
1024 2259 1221 2312 alienas
1258 2277 1287 2310 a

277 2355 638 2393 matronarum
661 2338 991 2392 heroicarum
1013 2338 1284 2409 dignitate.

278 2418 444 2489 Epicu
461 2418 705 2489 prol'ecto
721 2414 1176 2487 metamorphoses
1196 2435 1291 2488 po—

274 2509 493 2548 mex-unt
525 2494 810 2567 appellari,
846 2513 1068 2567 quarum
1094 2495 1288 2546 Noster

276 2576 401 2629 alibi
424 2594 638 2647 quoque
660 2577 825 2644 tetigit
845 2573 1107 2626 levitatem
1129 2588 1180 2626 et
1203 2573 1285 2626 lu-

277 2675 367 2709 sus
388 2656 480 2718 lv,
511 2673 555 2723 ι,
580 2672 667 2726 77.
689 2685 762 2694 —-
784 2653 1037 2707 Hemicis.
1065 2655 1142 2705 De
1172 2653 1289 2706 Ova·-

274 2736 362 2789 dio
390 2749 519 2787 nota
549 2736 757 2799 omnia,
785 2733 976 2804 dignus
1004 2746 1182 2785 tamen
1205 2734 1304 2784 in-'

273 2815 488 2886 primis,
509 2817 660 2884 cujus
680 2813 747 2866 de
769 2812 873 2865 bor.
892 2824 1050 2883 poeta
1074 2809 1287 2883 prodita

275 2896 639 2958 conferantur,
651 2895 848 2947 Seneca
867 2905 1019 2964 pater
1033 2893 1284 2944 Controv.

272 2977 352 3038 ΙΙ,
397 2992 477 3028 ιο.
515 2973 789 3046 Philippus
829 2971 1042 3044 quidem
1080 2970 1288 3024 Melan-

271 3054 408 3106 thon
428 3065 618 3105 natura
634 3071 846 3123 gravem
865 3064 917 3104 et
939 3053 1180 3103 tetricum
1199 3050 1288 3103 hic

271 3136 516 3202 agnoscit
538 3134 722 3200 Quint.
736 3170 753 3198 ‚
775 3134 863 3183 cui
887 3130 1106 3184 Ovidius
1126 3131 1293 3203 parti·

265 3210 362 3263 bus
386 3207 552 3261 modo
576 3208 874 3264 laudandus
896 3212 963 3262 sit
980 3211 1152 3273 visus;
1176 3228 1290 3262 esse

265 3291 418 3341 enim
445 3298 610 3339 totum
636 3286 982 3339 laudandum.

354 3384 372 3417 ι
387 3406 400 3418 .
423 3366 622 3418 Tamen
642 3366 903 3437 panibus,-
924 3368 1000 3418 sic.
1017 3366 1290 3420 Turieens.

272 3446 420 3498 Flor.
458 3464 582 3497 cum
616 3444 753 3497 Alm.
787 3445 942 3497 Basil.
978 3443 1082 3499 Sed
1114 3463 1143 3497 a
1183 3464 1287 3498 sec.

273 3544 440 3578 manu
459 3523 632 3592 Flor.‚
653 3535 690 3576 t.
708 3525 943 3596 parcius,
964 3538 1016 3576 et
1036 3526 1111 3576 sic
1126 3526 1286 3577 Cam.

271 3623 402 3657 cnm
422 3603 584 3656 Goth.
606 3616 659 3656 et
677 3603 800 3656 edd.
825 3622 855 3656 a
879 3605 1024 3656 Jeus.
1046 3601 1114 3654 ad
1136 3603 1287 3656 Basil.

272 3683 581 3737 laudandis
612 3684 844 3756 partibus
878 3685 992 3736 sine
1031 3687 1290 3754 conjunc-

274 3766 425 3817 tione
449 3762 697 3817 Guelf.1·3
719 3767 874 3816 Voss.
900 3764 965 3825 3,
996 3761 1291 3815 laudandus

274 3835 528 3915 partibus.
544 3844 696 3895 Voss.
717 3860 775 3909 2,
794 3839 1156 3894 laudandusm
1167 3860 1291 3913 par

277 3924 413 3977 cibus
433 3922 577 3992 (vide
600 3912 698 3985 86'3
721 3924 780 3974 it.
807 3922 916 3992 89).
941 3918 1147 3993 Reliqui
1173 3933 1209 3973 t.
1235 3923 1293 3973 in

276 4020 335 4073 p.
370 4003 679 4073 Praepositio
713 4003 974 4053 omittitur
1000 4005 1158 4051 etiam
1188 4000 1293 4065 lx,

277 4096 346 4149 9,
374 4098 391 4131 ι
409 4097 426 4132 ι
445 4098 489 4132 ι.
514 4110 586 4120 -
607 4080 805 4132 Eadem
833 4083 1016 4133 nostri.
1044 4081 1136 4130 En.

349 4174 401 4213 2.
418 4156 742 4211 Cornelius...
753 4159 978 4212 Severus.
991 4156 1123 4211 vide
1135 4160 1290 4211 Voss.

1368 995 1437 1048 de
1451 997 1677 1048 Histoi-r.
1698 998 1834 1049 Latt.
1848 1016 1941 1068 ‚.p
1966 1014 2082 1066 ¹09·
2100 996 2152 1049 Si
2166 1009 2386 1068 propter

1368 1074 1546 1127 locum
1575 1074 1642 1127 de
1671 1077 1927 1128 Cicerone
1952 1095 1980 1128 a
2005 1076 2202 1128 Seneca
2230 1089 2381 1148 patre

1369 1153 1637 1225 prolatum
1655 1192 1671 1219 ‚
1695 1155 1909 1206 Suasor.
1936 1155 1999 1220 6,
2018 1158 2128 1207 Jos.
2155 1153 2386 1224 Scaliger

1371 1233 1740 1304 conjectabat,
1771 1253 1871 1304 pro
1895 1232 2121 1286 siculum
2150 1236 2205 1286 in
2247 1235 2382 1287 Nos·

1371 1327 1450 1365 tro
1471 1313 1836 1386 reponendum
1854 1333 1968 1366 esse
1983 1314 2138 1368 civile
2152 1313 2349 1366 bellum
2362 1350 2382 1379 ‚

1366 1404 1575 1464 poterat
1612 1394 1870 1458 vicissim,
1904 1392 1957 1444 id
1988 1391 2133 1465 quod
2162 1405 2383 1444 monent

1366 1468 1699 1522 Colomesius
1724 1483 1775 1523 et
1795 1471 2089 1536 Gesner-us,
2110 1474 2275 1524 AEtnae
2291 1470 2383 1524 illa

1367 1546 1690 1620 descriptio,
1723 1568 1881 1620 quam
1921 1549 2097 1603 adbuc
2134 1553 2384 1618 terimus,

1367 1642 1783 1681 commemorata
1811 1630 2019 1682 Senecae
2046 1630 2188 1696 filio,
2218 1631 2382 1702 Epist.

1369 1722 1464 1776 79,
1489 1709 1847 1778 suspicionem
1873 1709 2087 1778 injicere
2110 1708 2379 1780 particuloe

1368 1804 1431 1838 ex
1448 1785 1537 1837 illo
1555 1805 1718 1857 opere
1745 1785 1920 1840 siculoe
1944 1789 2285 1858 expeditionis
2298 1787 2386 1840 de·

1367 1877 1577 1936 cerptze.
1603 1864 1860 1919 Carminis
1879 1868 2144 1919 Severiani
2168 1865 2381 1919 titulum

1366 1961 1478 1994 non
1505 1957 1762 1997 memorat
1790 1944 2100 1998 scholiastes
2126 1947 2287 1997 Persii
2314 1943 2383 1998 ad

1369 2023 1424 2087 1,
1448 2020 1536 2090 95.

1442 2099 1490 2150 3.
1517 2100 1760 2152 Etiamsi.
1779 2103 2055 2154 Turicens.
2074 2139 2092 2165 ‚
2117 2103 2275 2153 etiam
2299 2103 2381 2154 sit.

1369 2176 1544 2232 Guelf.
1559 2217 1576 2244 ‚
1600 2180 1757 2232 etiam
1777 2182 1877 2247 sic,
1900 2199 2022 2232 cum
2040 2182 2194 2232 Voss.
2218 2181 2269 2232 3.
2290 2183 2383 2233 Fa-

1370 2271 1488 2310 teor
1520 2258 1648 2311 mihi
1680 2261 1952 2311 tersiorem
1981 2258 2143 2311 videri
2179 2262 2383 2311 oratio-

1369 2355 1490 2389 nem
1504 2375 1521 2398 ,
1537 2340 1580 2390 si
1595 2352 1887 2410 reponatur
1901 2338 2101 2390 etiamsi
2117 2339 2211 2402 sit,
2227 2356 2388 2410 prop-

1369 2428 1450 2468 ter
1467 2416 1597 2469 illud
1620 2416 1764 2488 quod
1788 2436 1909 2469 mox
1924 2417 2147 2470 infertur
2159 2417 2384 2469 alterum

1368 2494 1414 2548 si
1437 2508 1633 2548 tamon.
1658 2497 1820 2548 Canu».
1838 2534 1857 2560 ,
1881 2505 1933 2548 et
1953 2497 2012 2548 εἰ.

1441 2573 1492 2640 4.
1519 2569 1885 2646 Versuficator..
1892 2585 2096 2644 ..poeta
2113 2571 2385 2626 Voltarius

1367 2666 1551 2704 noster
1571 2653 1747 2722 magni
1772 2651 2183 2716 Raciniifilium‚
2198 2664 2257 2704 ut
2285 2653 2329 2704 is
2356 2669 2387 2704 a

1366 2746 1519 2803 patre
1560 2746 1953 2796 secerneretur,
1985 2730 2128 2808 haud
2166 2690 2384 2804 illepide

1365 2815 1444 2865 sic
1485 2812 1832 2885 nuncupabat
1862 2835 1876 2863 ι
1928 2812 1998 2864 Le
2040 2813 2170 2865 versi
2210 2824 2391 2865 σαίρω·

1367 2893 1563 2945 Recine
1590 2931 1608 2959 ,
1641 2890 1741 2966 fils
1778 2892 1851 2945 du
1875 2893 2052 2966 qrand
2086 2893 2237 2964 poe'te
2276 2894 2384 2945 Ra-

1368 2973 1502 3025 cine.
1527 2974 1621 3024 En.

1443 3049 1492 3104 5.
1526 3050 1596 3101 Ue
1630 3059 1705 3103 est
1733 3050 1950 3101 dictum.
1981 3048 2126 3102 Nihil
2162 3068 2261 3121 ego
2295 3048 2382 3102 hic

1370 3129 1651 3200 significari
1661 3130 1922 3190 existimo,
1936 3129 2037 3180 nisi
2050 3143 2387 3180 communem

1370 3221 1422 3260 et
1460 3207 1824 3279 pervulgatum
1858 3210 1996 3260 inter
2030 3208 2272 3260 homines
2310 3211 2385 3260 is-

1370 3288 1503 3351 tius,
1535 3285 1617 3338 vel
1656 3288 1940 3358 superioris
1978 3288 2232 3358 temporis
2271 3304 2384 3338 ser-

1367 3382 1621 3430 monem,
1661 3365 1752 3436 qui
1788 3362 1855 3414 de
1892 3382 2055 3434 opere
2097 3365 2272 3417 Severi
2312 3367 2385 3416 ita

1364 3441 1735 3513 judicaverint.
1778 3442 1902 3493 Non
1941 3461 2078 3514 opus
2111 3446 2268 3514 igitur
2300 3462 2385 3495 re-

1371 3524 1612 3594 quirere,
1636 3541 1669 3573 a
1694 3540 1801 3593 quo
1830 3521 2042 3574 tandem
2067 3522 2164 3577 Ιιοο
2187 3525 2383 3576 dictum

1365 3599 1466 3667 sit,
1492 3601 1660 3653 multo
1686 3603 1858 3653 minus
1887 3603 2047 3652 etiam
2074 3605 2383 3655 memoriam

1368 3694 1643 3753 torquere,
1670 3693 1729 3732 ut
1755 3682 1798 3732 is
1826 3682 1881 3732 in
1911 3699 2072 3752 opere
2093 3681 2382 3748 Quintilia-

1370 3780 1473 3814 neo
1503 3761 1655 3814 locus
1684 3763 1994 3813 inveniatur.
2024 3762 2212 3834 N‹que
2242 3763 2383 3814 enim

1372 3839 1508 3893 solet
1531 3842 1601 3891 ita
1624 3859 1717 3893 sua
1741 3839 1883 3892 dicta
1906 3840 2195 3910 designare.

1445 3921 1497 3972 6.
1538 3917 1842 3989 Exemplar.
1876 3919 2089 3985 Τηνία,
2124 3917 2382 3990 exempla.

1372 3996 1534 4051 Goth.
1549 4037 1564 4062 ,
1580 3997 1874 4068 exemplum
1889 4037 1907 4063 ‚
1925 4017 2044 4049 cum
2061 3997 2194 4050 Vall.
2211 3997 2387 4068 (cujus

1374 4096 1538 4149 quum
1557 4077 1701 4129 nulla
1723 4094 1809 4146 ap.
1834 4076 2047 4128 Badium
2073 4079 2137 4128 sit
2156 4077 2385 4141 mentio,
2428 4085 2447 4100 ²

1355 4159 1616 4230 -suspicor
1636 4175 1750 4209 esse
1764 4158 1818 4208 in
1829 4157 1979 4206 Voas.
2010 4172 2038 4207 2
2065 4154 2205 4226 (vide
2222 4153 2264 4226 §.
2285 4154 2379 4217 88;
