3200 5159
656 602 716 637 21

659 1298 725 1334 22

2105 236 2122 309 1

1192 416 1201 424 ’
1324 454 1417 519 Μ.
1459 455 1687 519 FAnn
1724 453 2282 536 QUINTILtANt

755 577 1030 677 organis
1064 576 1346 649 simileS.
1388 580 1456 648 F
1451 579 1713 649 inditur
1736 576 1944 648 etiam
1972 582 2248 676 spiritus
2277 574 2556 675 objectu
2588 573 2857 670 aliquo,

757 695 931 767 sicut
953 693 1191 793 lapillo
1217 715 1461 769 tenues
1486 719 1715 793 aquae,
1744 692 2048 792 'quarum
2081 691 2306 764 fluxus
2330 705 2347 735 ¹
2383 690 2652 763 etiamsi
2679 688 2862 762 ultra

756 809 1053 909 paulum
1104 809 1239 880 coit
1275 867 1293 899 ‚
1355 807 1620 907 aliquid
1679 829 1914 880 tamen
1972 806 2120 879 cavi
2184 805 2519 906 relinquit
2575 824 2730 905 post
2784 803 2861 874 id

757 927 1025 1025 ipsum,
1065 926 1255 1025 quod
1294 927 1719 999 offenderat:
1769 924 2070 996 humor²
2106 951 2392 1022 quoque
2421 949 2664 995 vocem
2698 918 2868 992 ³aut

759 1041 1020 1113 nimius
1048 1040 1350 1139 'impedit
1373 1098 1390 1131 ,
1440 1062 1563 1115 aut
1606 1060 2066 1139 consumptus
2098 1039 2444 1111 destituit:
2492 1063 2664 1110 nam
2697 1035 2865 1107 fati-

760 1157 942 1256 gatio
957 1155 1011 1247 4,
1045 1178 1121 1228 ut
1151 1183 1468 1256 corpora,
1500 1183 1645 1228 non
1676 1157 1764 1227 ad
1784 1154 1809 1199 ⁵
1836 1181 2131 1255 praesens
2161 1155 2376 1227 modo
2399 1176 2539 1226 tem
2546 1180 2676 1253 pus
2694 1209 2715 1242 ‚
2742 1150 2867 1224 sed

759 1274 970 1346 etiam
1013 1273 1084 1344 in
1130 1274 1457 1345 futurum
1508 1272 1747 1346 afficit.
1794 1271 1930 1344 Sed
1963 1293 2041 1345 ut
2072 1272 2540 1343 communiter
2577 1291 2645 1342 et
2684 1269 2872 1368 pho-

758 1389 982 1463 nascis
1009 1409 1074 1460 et
1101 1389 1490 1461 oratoribus
1519 1387 1901 1461 necessaria
1937 1387 2328 1460 exercitatio
2343 1386 2398 1478 ⁶,
2432 1413 2577 1487 qua
2621 1384 2870 1457 omnia

762 1505 1286 1596 convalescunt,
1311 1505 1404 1577 ita
1428 1532 1609 1578 eurae
1637 1532 1781 1577 non
1814 1504 2003 1577 idem
2030 1532 2251 1604 genus
2279 1525 2411 1577 est:
2441 1531 2609 1576 nam
2636 1528 2869 1601 neque

763 1642 943 1695 certa
966 1642 1280 1720 tempora
1303 1621 1392 1693 ad
1421 1619 1867 1722 spatiandum
1892 1634 1916 1681 7
1943 1621 2093 1691 dari
2113 1641 2402 1720 possunt
2426 1639 2527 1691 tot
2552 1617 2872 1691 civilibus

758 455 885 523 302

843 1818 885 1853 ι.
912 1798 1118 1854 Flu-rus.
1140 1802 1317 1853 Turio.
1342 1800 1481 1852 Flor.
1505 1801 1687 1852 Ambr.
1718 1818 1775 1865 2,
1846 1798 2120 1875 satiqatio.
2145 1798 2374 1851 —Nam
2401 1797 2715 1871 fatiqatt‘o...
2741 1792 2872 1867 affi-

762 1880 940 1934 Gnelf.
976 1881 1170 1945 Cum,
1202 1880 1439 1951 spiritus,
1472 1898 1592 1932 eum
1613 1879 1775 1932 Goth.
1856 1882 1948 1931 cit.
1989 1881 2085 1932 Hic
2109 1896 2324 1951 qnoque
2361 1896 2485 1929 nam
2521 1879 2873 1948 interpretare

764 1964 919 2013 Voss.
957 1977 1001 2025 ι,
1034 1976 1094 2023 2,
1124 1960 1187 2024 3,
1226 1961 1374 2011 Bern.
1406 1957 1595 2010 Almel.
1628 1957 1775 2010 Bodt.

766 2040 960 2091 Joann.
988 2051 1040 2089 et
1064 2037 1188 2089 edd.
1214 2050 1337 2088 ante
1351 2036 1477 2088 Bad.
1495 2036 1620 2101 (nisi
1634 2036 1782 2107 quod

762 2119 792 2170 J
796 2136 905 2171 ens.
917 2136 1014 2190 per
1023 2117 1120 2169 soli
1126 2131 1235 2168 tum
1247 2115 1623 2186 compendium
1632 2111 1740 2186 ερῖἶς
1746 2117 1780 2186 ).

764 2196 902 2249 lund
916 2196 1152 2248 notabile
1164 2235 1180 2262 ‚
1204 2195 1349 2266 qnod
1365 2197 1489 2246 Exe.
1507 2195 1780 2247 Santenia-

765 2294 836 2328 na
860 2294 982 2327 cum
999 2273 1241 2326 Leidensi
1263 2273 1457 2325 collata
1476 2271 1678 2325 nnllam
1691 2271 1779 2324 hie

766 2354 1072 2405 varietatem
1093 2351 1398 2404 ostendunt.
1422 2350 1546 2403 Bad.
1566 2350 1780 2422 quidem

766 2444 820 2484 et
834 2430 1229 2505 Basil-..fluctus‚
1246 2449 1274 2481 e
1292 2429 1437 2481 Badii
1451 2431 1776 2500 conjectura.

769 2510 1023 2561 Nostrum
1038 2508 1183 2559 nulla
1197 2506 1285 2559 hic
1300 2522 1444 2560 certa
1464 2512 1780 2561 auctoritate

768 2589 979 2653 nititur,
1002 2600 1063 2638 ut
1084 2601 1137 2639 et
1152 2589 1324 2658 ipsum
1342 2606 1519 2641 rarum
1539 2600 1619 2640 est
1637 2587 1781 2659 apud

771 2670 1071 2739 scriptores.
1107 2665 1276 2720 codd.
1317 2669 1577 2739 scriptura
1617 2686 1781 2739 quum

768 2745 1060 2818 repetendo
1103 2744 1421 2798 antecedens
1454 2760 1580 2799 nata
1601 2747 1784 2801 videa-

768 2840 882 2892 tur,
919 2827 1082 2877 tutius
1107 2826 1264 2877 fuerit
1297 2844 1555 2897 reponere
1576 2846 1780 2892 cursat,

768 2905 851 2957 vel
875 2904 1138 2965 decursim,-
1164 2922 1287 2955 nam
1310 2917 1368 2955 ut
1391 2908 1614 2977 propius
1635 2924 1785 2958 ucce-

768 2983 895 3047 ἆυ,
918 3001 1028 3035 non
1052 2996 1131 3034 est
1154 3000 1388 3036 neeesse.
1415 2985 1582 3036 Modo
1606 2985 1782 3051 Guelf.

770 3065 895 3116 Exe.
912 3059 1781 3138 Stantemfinyunturprofinditur,

774 3146 898 3196 item
915 3144 1108 3215 objecto
1126 3142 1398 3196 Guelferb.
1413 3146 1593 3197 -Pro
1596 3148 1785 3224 flia-tus

771 3223 938 3274 nostri
963 3219 1133 3274 codd.
1164 3222 1385 3293 spiritus.
1412 3225 1504 3276 En.

848 3320 897 3353 2.
923 3300 1142 3352 Humor.
1164 3303 1342 3353 Tur-ie.
1371 3302 1508 3354 Flor.
1526 3302 1637 3373 (hie
1653 3321 1681 3356 a
1699 3322 1779 3374 pr.

773 3379 966 3448 manu)
990 3388 1100 3429 tum
1113 3418 1131 3445 ,
1161 3397 1282 3431 cnm
1306 3379 1443 3430 Atm.

841 3460 892 3510 3.
909 3459 1074 3510 Aut...
1092 3472 1205 3519 aut,·
1221 3460 1295 3509 sic
1308 3459 1433 3510 Tur.
1460 3459 1600 3511 Flor.
1615 3460 1781 3512 cim».

771 3536 979 3610 Reliqui
1011 3550 1127 3591 ut...
1156 3539 1244 3590 ita.
1283 3569 1356 3579 ——
1391 3542 1572 3593 Nostri
1610 3538 1778 3593 codd.

770 3634 987 3688 quoque
1009 3627 1122 3668 ut...
1142 3617 1246 3683 ita,
1263 3632 1466 3689 except.
1491 3620 1553 3671 R.
1579 3636 1598 3671 ι
1615 3636 1634 3671 ι
1653 3657 1671 3682 ,
1692 3623 1784 3691 qui

764 3706 880 3748 st...
904 3699 999 3747 ita.
1025 3697 1120 3749 Eu.
1171 3704 1176 3709 ’

843 3776 893 3841 4.
918 3776 1061 3827 Nam
1073 3774 1331 3847 fatigatio
1347 3814 1363 3841 ,
1387 3785 1478 3836 ut,-
1502 3778 1579 3829 sie
1605 3779 1780 3830 Turio.

770 3852 909 3907 Flor.
935 3853 1117 3905 Ambr.
1146 3872 1174 3905 2
1210 3854 1304 3924 (ex
1329 3854 1434 3906 hoc
1468 3868 1646 3906 tamen
1675 3874 1784 3908 non

772 3933 997 3985 effertur
1012 3932 1127 4004 ut),
1145 3933 1415 3986 Guelferb.
1432 3935 1594 3986 (λων.
1617 3935 1780 3988 Goth.

773 4010 915 4062 Jene.
950 4011 1082 4081 (tae.
1110 4012 1304 4083 Gesn.)
1340 4031 1463 4065 eum
1488 4014 1641 4065 Voss.
1673 4030 1690 4064 ι
1711 4053 1727 4081 ‚
1751 4014 1784 4067 3

774 4087 906 4158 (nisi
920 4090 1069 4161 quod
1078 4090 1266 4144 horum
1279 4092 1782 4166 uterquefatiqato),

779 4184 835 4232 2,
864 4183 914 4219 ot
941 4168 1057 4221 edd.
1084 4183 1204 4223 ante
1238 4171 1388 4223 Basil.
1422 4171 1628 4244 Reliqui
1653 4191 1705 4226 n.
1737 4183 1791 4224 et

1859 1958 2191 2030 respiciendo
2235 1956 2305 2009 ad
2345 1959 2659 2009 sententiam
2701 1954 2870 2026 paulo

1860 2050 1983 2088 ante
2008 2053 2370 2109 suppressam3
2410 2034 2555 2107 qnod
2579 2035 2874 2086 rectissime

1860 2116 2055 2179 tenuit,
2089 2133 2187 2167 suo
2230 2132 2377 2166 more
2410 2113 2877 2183 circumloqueng,

1860 2192 2172 2265 GedoynnS,
2218 2190 2347 2244 dum
2372 2194 2660 2264 interponit
2685 2213 2699 2244 ε
2729 2190 2876 2244 Fan·-

1856 2273 2128 2345 9ationem
2141 2289 2319 2323 came
2333 2288 2400 2324 ne
2411 2270 2760 2343 opusqtu'dem
2779 2279 2872 2333 est,

1859 2352 2105 2418 mettim,
2131 2364 2233 2404 etc.
2253 2351 2386 2404 Vide
2409 2355 2508 2418 lx,
2533 2351 2585 2418 4,
2607 2351 2786 2418 8431,
2811 2349 2876 2415 5,

1859 2432 2032 2502 6731,
2063 2448 2143 2499 n,
2176 2446 2271 2494 ¹⁰3
2295 2434 2367 2497 Π,
2388 2432 2451 2498 4,
2482 2448 2676 2501 ¹9227·
2704 2432 2882 2482 Aecu-

1860 2513 2081 2564 sativnm
2096 2525 2272 2563 autem
2289 2510 2354 2562 ad
2364 2532 2396 2562 a
2388 2508 2537 2583 fficit
2550 2530 2612 2563 ex
2627 2512 2874 2583 proximo

1859 2606 2040 2665 repete
2057 2608 2261 2654 vocem3
2287 2593 2360 2643 sie
2384 2606 2636 2663 apparet,
2661 2589 2794 2662 quid
2810 2593 2876 2642 sit

1863 2682 1925 2724 ut
1945 2689 2176 2743 corpora.
2201 2673 2398 2723 Pariter
2430 2682 2490 2722 ut
2511 2688 2726 2742 corpora
2751 2670 2880 2721 fati-

1861 2751 2077 2819 gatione
2092 2750 2247 2801 etiam
2271 2751 2324 2800 in
2350 2750 2586 2800 futurum
2608 2746 2881 2801 debilitari

1859 2828 2164 2896 videamus,
2210 2830 2286 2880 ita
2316 2841 2371 2879 et
2403 2845 2576 2879 vocem
2600 2829 2878 2898 corrumpi

1864 2920 2064 2960 monet.

1936 2985 1988 3038 5.
2002 2988 2124 3038 Non
2142 2987 2227 3037 ad.
2249 2987 2523 3039 Tur-icens.
2547 2985 2685 3039 Flor.
2705 2983 2872 3054 (bien

1862 3084 1943 3139 pr.
1972 3065 2164 3137 manu)
2192 3068 2456 3118 omittunt.
2501 3066 2628 3118 Mox
2650 3064 2741 3117 sed
2757 3082 2878 3116 om·

1866 3145 2083 3210 toribus,
2102 3144 2276 3195 Tur-ic.
2302 3144 2441 3196 Fior.

1932 3224 1983 3276 6.
2010 3224 2306 3276 Necessaria
2328 3223 2622 3275 exercitatio
2634 3242 2654 3282 ‚·
2680 3222 2754 3272 sic
2773 3222 2878 3272 Tn-

1863 3305 2052 3355 ricens.
2071 3304 2263 3369 Cum,
2289 3322 2410 3355 cum
2436 3300 2571 3354 Alm.
2597 3319 2707 3352 non
2731 3300 2875 3353 Flor.

1861 3380 2032 3452 (Vide
2059 3381 2103 3453 §.
2138 3382 2251 3453 ¹7.)
2282 3382 2487 3453 Reliqui
2520 3384 2761 3433 inserunt
2785 3392 2874 3432 est.

1863 3463 1988 3513 Mox
2013 3476 2135 3534 post
2144 3479 2307 3536 genus
2330 3465 2579 3513 omittunt
2603 3471 2679 3512 est
2691 3459 2874 3512 Ambr.

1865 3559 1893 3593 2
1909 3579 1927 3604 ‚
1940 3539 2212 3593 Guelferb.
2235 3559 2356 3592 cum
2371 3538 2624 3595 Obreeth.
2651 3541 2752 3590 Pro
2771 3556 2878 3611 qua

1861 3620 2098 3672 Floreat.
2129 3618 2192 3690 (a
2221 3621 2389 3693 prima
2411 3618 2779 3701 manulqm‘a.
2804 3645 2880 3657 -

1865 3701 2043 3751 Nostri
2067 3698 2289 3751 Codices
2316 3701 2552 3751 inserunt
2572 3717 2628 3747 το
2653 3707 2755 3764 est,
2785 3714 2880 3748 ex-

1863 3791 2023 3850 cepto
2052 3778 2111 3829 R.
2148 3795 2226 3829 ιι.
2255 3781 2346 3830 En.

1937 3874 1986 3929 7.
2002 3858 2369 3930 Spatiandum.
2394 3856 2568 3908 Ambr.
2589 3873 2618 3908 2
2633 3892 2651 3922 ‚
2667 3854 2844 3909 Guelf.
2857 3892 2876 3919 ‚

1862 3937 2165 4009 spirandum
2178 3977 2196 4004 ,
2245 3955 2366 3988 enm
2411 3935 2572 3989 Goth.
2612 3940 2767 3988 Voss.
2811 3952 2838 3986 2
2855 3970 2876 4001 ‚

1863 4018 1996 4069 vau.
2020 4019 2162 4069 JenS.
2187 4032 2240 4069 et
2264 4017 2589 4070 editionibus
2608 4019 2877 4089 posterio-

1863 4098 2011 4150 ribus
2033 4110 2155 4150 ante
2172 4097 2386 4150 Aldum.
2401 4126 2472 4137 --
2485 4096 2682 4149 Eadem
2706 4098 2879 4149 nostri

1865 4174 2034 4227 codd.
2062 4175 2152 4227 Eu.
