3200 5159
724 438 850 504 568

1294 439 1387 501 M.
1429 439 1656 502 FAssu
1694 438 2251 521 Qum'rtuml

723 561 845 661 qui
887 560 1213 633 vitiosum
1260 582 1327 632 et
1373 582 1784 660 corruptum
1832 561 2114 633 dicendi
2160 587 2413 660 genus,
2472 560 2664 660 quod
2709 579 2836 630 aut

720 676 1091 749 verborum
1122 675 1403 749 licentia
1435 676 1725 749 exsultat
1745 692 1792 763 ¹,
1835 697 1956 749 aut
1984 676 2376 777 puerilibus
2404 674 2830 749 sententiolis

721 791 1019 881 lascivit,
1063 813 1186 865 aut
1211 792 1598 866 immodico
1630 814 1904 866 tumore
1938 793 2297 892 turgescit,
2337 815 2462 866 aut
2499 791 2830 864 inanibus

721 905 934 978 locis²
989 906 1407 997 bacchatur,
1457 930 1583 980 aut
1623 907 1922 997 casuriS,
1965 909 2022 980 si
2069 908 2308 981 leviter
2352 906 2826 993 excutiantur,

725 1020 1031 1095 flosculis
1077 1025 1290 1114 nitet,
1331 1046 1455 1096 aut
1503 1024 1884 1125 praecipitia
1930 1051 2055 1124 pro
2104 1023 2528 1098 sublimibus
2573 1024 2778 1095 hahet
2804 1078 2826 1109 ,

723 1158 843 1208 aut
888 1137 1114 1237 specie
1158 1137 1485 1235 libertatis
1532 1139 1824 1230 insanit,
1877 1138 2098 1238 magis
2156 1138 2553 1211 existimant
2597 1164 2830 1237 popu—

618 1270 686 1341 74
721 1249 863 1323 lare
898 1272 1111 1349 atque
1141 1253 1535 1352 plausibile.
1571 1253 1787 1345 Quod
1812 1253 2102 1352 quidem
2126 1252 2394 1353 placere
2430 1251 2674 1325 multis
2696 1277 2825 1322 nec

722 1370 987 1440 infitior
1002 1367 1056 1459 3,
1104 1397 1231 1443 nec
1277 1370 1529 1443 miror:
1578 1392 1679 1443 est
1713 1371 1904 1443 enim
1935 1368 2301 1471 jucunda4
2335 1371 2488 1442 auri
2524 1397 2603 1442 ac
2639 1370 2830 1440 favo-

721 1482 961 1555 rabilis
1002 1484 1514 1585 qualiscunque
1543 1485 1974 1584 eloquentia,
2019 1507 2084 1557 et
2111 1486 2306 1558 ducit
2338 1485 2615 1556 animos
2645 1505 2831 1555 natu·

723 1596 849 1668 rali
894 1596 1242 1697 voluptate
1276 1625 1405 1670 vox
1446 1599 1717 1688 omnis3
1755 1599 2028 1697 neque⁵
2068 1599 2357 1671 aliunde
2391 1598 2496 1670 illi
2529 1625 2656 1699 per
2679 1598 2829 1669 fora

722 1733 930 1811 atque
968 1713 1348 1811 aggerem⁶
1377 1714 1662 1787 circuli:
1706 1743 1848 1814 quo
1882 1715 2121 1788 minus
2162 1714 2425 1787 mirum
2465 1734 2598 1805 est,
2640 1711 2828 1813 quod

721 1938 1124 2011 mafallunt)et
1137 1955 1278 2013 post.
1306 1955 1426 1995 ante
1443 1944 1567 1995 Bad.
1582 1982 1599 2009 ,
1619 1942 1740 2014 plu-

723 2017 862 2070 rimi.
876 2019 1042 2071 ——Sic
1063 2038 1279 2090 quoque
1300 2021 1446 2074 solus
1469 2021 1621 2074 Poul.
1639 2020 1734 2074 Eu.

803 2113 845 2147 1.
864 2096 1105 2149 Exsultat
1113 2121 1132 2159 ‚·
1156 2095 1230 2151 sic
1253 2120 1354 2153 nos
1379 2120 1443 2153 ex
1461 2100 1735 2153 Tur-icens.

722 2174 862 2228 Flor.
890 2177 943 2227 in
970 2177 1163 2247 quibus
1189 2192 1364 2232 tamen
1393 2180 1591 2233 exultet
1608 2182 1738 2232 scri-

723 2268 894 2324 ptum.
912 2253 1166 2320 Resuttet,
1188 2257 1363 2309 Guelf.
1378 2261 1538 2311 Cina».
1558 2259 1741 2312 Besal-

728 2342 830 2397 tat‚
858 2334 1080 2404 reliqui3
1112 2336 1232 2388 vide
1256 2336 1356 2402 IX,
1389 2339 1448 2405 4,
1477 2340 1561 2391 28.
1601 2342 1739 2392 Tum

725 2424 902 2464 oretur
920 2415 1098 2487 qestit,
1138 2415 1275 2467 Flor.
1308 2418 1552 2470 Leniter..
1562 2420 1741 2496 ,flori-

726 2491 814 2542 bus
828 2529 845 2557 ,
888 2494 1049 2543 Cani».
1094 2494 1232 2545 Avet
1267 2514 1366 2566 pro
1411 2495 1561 2548 habet
1593 2499 1739 2553 Jens.

726 2567 859 2639 (tac.
878 2571 1040 2621 Gesu.
1052 2569 1295 2641 )etpost.
1312 2587 1436 2625 ante
1454 2576 1576 2627 Ald.
1593 2579 1746 2631 Exis-

732 2648 945 2708 timent,
971 2649 1132 2701 Goth.
1151 2654 1304 2703 Voss.
1338 2669 1366 2703 2
1384 2691 1400 2718 ,
1424 2654 1588 2705 Cim».
1618 2657 1743 2709 Bad.

733 2727 1034 2792 Existimet,
1051 2729 1227 2780 Turic.
1246 2730 1382 2782 Flor.
1400 2733 1575 2785 Guelf.
1599 2737 1745 2789 Jens.

731 2818 783 2856 et
802 2818 944 2876 post.
983 2822 1105 2859 ante
1144 2807 1269 2860 Bad.
1308 2811 1468 2863 Vides
1506 2813 1752 2867 indicati-

730 2904 854 2937 vum
879 2885 1028 2939 nullo
1049 2886 1182 2957 (nisi
1208 2890 1353 2960 quod
1373 2891 1510 2946 Alm.
1534 2896 1750 2967 siletur)

731 2968 931 3037 scripto
974 2968 1085 3019 niti.
1130 2969 1538 3040 conjunctivum
1570 2987 1746 3027 tamen

731 3063 906 3115 neque
953 3044 1205 3117 exemplis
1255 3046 1540 3104 destitutus
1585 3072 1748 3125 repo-

735 3142 888 3189 nere,
909 3142 1083 3196 neque
1103 3129 1256 3181 nimis
1279 3131 1526 3184 festinato
1539 3134 1746 3203 judicio

735 3161 990 3257 damnare
1015 3209 1203 3258 ausim.
1229 3210 1372 3277 Quid
1397 3214 1536 3263 enim
1569 3216 1614 3265 si
1648 3234 1746 3285 pro

739 3300 804 3334 eo
831 3282 978 3353 quod
1003 3283 1212 3354 plenius
1243 3303 1434 3340 esset-t
1454 3289 1751 3358 Falluntur,

742 3364 828 3414 «si
848 3365 939 3433 qui
955 3378 1077 3416 sunt
1088 3403 1105 3431 ,
1122 3367 1213 3435 qui
1228 3369 1567 3421 existiment·
1545 3372 1754 3439 nQuin·

740 3440 952 3493 tilianus
972 3445 1204 3514 pressius
1229 3444 1404 3498 dicere
1428 3452 1633 3519 potuit,
1662 3461 1755 3502 aut

738 3521 905 3573 voluit
925 3545 946 3568 α
962 3521 1254 3591 Falluutur,
1273 3529 1363 3597 qui
1380 3529 1709 3582 existiment?
1723 3555 1746 3580 n

739 3602 1005 3652 —Nostri
1021 3600 1192 3654 codd.
1211 3603 1298 3656 alii
1318 3604 1639 3675 existiment,
1663 3607 1751 3661 alii

739 3678 1011 3730 existimet.
1042 3681 1136 3733 En.
1522 3696 1529 3715 ⁶

813 3776 863 3809 2.
884 3759 1031 3812 Locis
1047 3760 1340 3816 bacchatur.
1359 3768 1481 3818 Non
1503 3766 1750 3839 displicet

741 3838 1037 3891 observatio
1059 3841 1232 3907 Badii,
1252 3842 1416 3896 alludi
1435 3844 1523 3897 hic
1542 3846 1611 3897 ad
1632 3846 1751 3898 loca

744 3930 915 3977 terrae
937 3937 1034 3990 per
1054 3937 1169 3990 quae
1190 3921 1406 3975 Bacchae
1423 3939 1698 3993 vagantur.

813 4000 862 4049 3.
897 3994 1126 4065 Infitior.
1159 3998 1446 4071 Infinitior,
1479 4005 1618 4056 Flor.
1649 4006 1752 4057 Ju-

742 4075 1002 4127 cundion's
1038 4086 1089 4126 et
1107 4077 1419 4148 favorabilis
1444 4082 1752 4154 qualiscun-

742 4172 844 4226 que
871 4154 1194 4225 eloquentiae.
1232 4161 1353 4211 llaec
1386 4176 1466 4215 est
1500 4178 1752 4218 constans

1818 1943 2201 2014 plerorumque
2261 1940 2516 1994 librorum
2573 1942 2828 2011 scriptura

1819 2040 1944 2075 cum
1960 2019 2063 2073 hac
2085 2035 2291 2073 tantum
2305 2022 2558 2073 varietate
2575 2041 2588 2071 ε
2595 2017 2829 2092 jucundi

1819 2102 1919 2153 on}
1960 2102 2013 2153 in
2040 2105 2191 2153 Voss.
2232 2118 2295 2167 2,
2333 2111 2387 2152 et
2421 2102 2478 2151 in
2515 2097 2630 2150 aliis
2667 2096 2824 2148 Badio

1819 2266 1860 2315 F
1862 2263 1987 2315 lor
1976 2263 2424 2332 3favorabilion‘s,
2450 2261 2656 2334 aliquot
2681 2259 2823 2312 editt.

1822 2341 1964 2413 apud
1989 2344 2273 2394 Burman.
2304 2360 2415 2393 acc..
2442 2337 2823 2414 Gryph.1544.

1823 2421 2177 2494 Eloquentia,
2220 2420 2385 2474 Goth.
2409 2424 2566 2473 Voss.
2608 2436 2657 2470 2.
2703 2416 2827 2469 Mihi

1826 2503 2045 2555 Gesneri
2077 2505 2386 2574 conjectura
2412 2500 2481 2552 ab
2516 2500 2678 2570 longo
2709 2497 2829 2550 inde

1832 2593 2074 2652 tempore
2100 2582 2154 2631 in
2188 2583 2328 2633 notis
2355 2593 2602 2653 prostans
2631 2591 2830 2630 matura

1829 2658 2041 2711 tandem
2065 2658 2361 2726 videbatur,
2390 2677 2505 2728 quae
2534 2659 2591 2710 in
2615 2669 2831 2709 contex-

1830 2750 1944 2789 tum
1967 2739 2307 2807 reciperetur.
2325 2764 2393 2776 --
2407 2737 2592 2787 Nostri
2613 2732 2830 2786 Codices

1830 2816 1962 2870 nihil
1989 2819 2112 2869 novi
2137 2818 2385 2869 afferunt.
2410 2818 2506 2868 Eu.

1903 2895 1953 2962 4.
1969 2897 2217 2948 Iucunda
2232 2894 2513 2949 aur-LVide
2529 2907 2640 2945 not.
2661 2910 2830 2963 super.

1831 2975 2133 3029 Favorabt‘le
2165 2989 2342 3027 autem
2365 2992 2480 3025 esse
2505 2975 2592 3025 cui
2613 2972 2834 3035 favetur,

1830 3074 1861 3108 e
1894 3053 2071 3106 lexicis
2103 3070 2323 3117 notum3
2361 3052 2479 3104 vide
2492 3054 2620 3117 vn,
2650 3068 2668 3102 1
2687 3087 2704 3115 ,
2732 3051 2829 3117 43ς

1830 3135 1935 3200 Xl,
1973 3152 2028 3196 ι,
2056 3134 2144 3201 42.

1903 3215 1951 3267 5.
1984 3215 2185 3287 Neque.
2212 3215 2402 3278 Cium,
2425 3231 2537 3265 nec.

1902 3293 1954 3345 6.
1970 3294 2242 3366 Aqqerem.
2260 3291 2701 3363 ComparantVV.
2718 3290 2829 3341 DD.

1832 3390 2039 3423 versum
2049 3371 2406 3437 JuvenalisVI,
2420 3370 2523 3424 588
2539 3392 2551 3421 ε
2566 3369 2834 3421 Plebeium

1836 3449 1890 3501 in
1912 3451 2045 3502 circo
2060 3451 2292 3523 positum
2313 3461 2388 3502 est
2406 3461 2458 3501 et
2476 3451 2532 3500 in
2548 3466 2737 3523 aqqere
2748 3447 2838 3518 fa-

1837 3541 1981 3591 tum‚·
2009 3530 2076 3582 de
2100 3528 2255 3601 plebe
2278 3528 2516 3582 hariolos
2550 3541 2604 3580 et
2631 3540 2834 3601 ιδῃ-ωε

1831 3612 1886 3661 iu
1920 3609 2022 3661 illis
2051 3609 2181 3661 locis
2214 3607 2567 3662 consultante.
2593 3610 2833 3675 Utroque

1832 3702 2008 3760 autern
2042 3687 2162 3739 loco
2193 3705 2438 3758 aggerem
2465 3686 2738 3757 Tarquinii
2764 3686 2835 3735 si-

1831 3760 2069 3838 gnificuri
2092 3768 2420 3818 Burmannus
2443 3778 2656 3829 censet,
2681 3781 2837 3834 quem

1833 3849 2020 3899 merito
2052 3846 2318 3898 Gesnerus
2343 3843 2511 3896 audiri
2536 3854 2709 3907 vetat,
2736 3840 2836 3892 do-

1830 3945 1929 3978 nec
1959 3926 2294 3989 ostendatur,
2337 3925 2412 3977 ibi
2450 3941 2665 3995 quoque
2695 3924 2838 3992 ejus·

1831 4005 1976 4057 modi
2017 4003 2242 4057 circulos
2279 4003 2458 4054 fuisse.
2503 4003 2621 4072 Ipse
2664 4014 2841 4052 tamen

1833 4104 2074 4157 aggerem
2108 4082 2404 4152 intelligens
2443 4082 2653 4152 spinam
2684 4080 2842 4143 circi,

1833 4168 1994 4217 immo
2009 4161 2338 4215 confidenter
2355 4160 2534 4213 hocin
2548 4158 2709 4212 Thes.
2725 4159 2842 4211 Lat.
