3200 5159
754 470 884 553 434
1321 467 1418 531 Μ.
1459 463 1691 530 FABn
1727 464 2288 549 QUmTlLlAm

757 615 906 664 non
953 587 1347 663 minoribus
1384 587 1652 662 viribus
1694 608 1934 692 contra
1958 587 2301 689 justitiam
2348 587 2607 661 dicitur
2646 588 2867 662 disse-

762 707 1045 797 ruisse¹‚
1077 733 1294 805 quam
1326 704 1551 804 pridie
1571 729 1698 801 pro
1727 702 1997 804 justitia
2035 702 2331 794 dixerat,
2372 702 2673 804 injustus
2717 704 2868 805 ipse

754 823 858 894 vir
902 822 1060 894 fuit.
1110 824 1382 892 Verum
1426 840 1495 892 et
1538 824 1752 891 virtus
1793 818 1966 917 quid
2007 818 2124 909 sit,
2172 821 2454 892 adversa
2493 820 2556 891 ei
2597 820 2867 893 malitia

757 938 1046 1037 detegit,
1091 957 1160 1010 et
1198 942 1485 1037 aequitas
1522 935 1601 1006 fit
1619 961 1710 1006 ex
1752 940 1976 1035 iniqui
2008 934 2602 1035 contemplatione
2630 936 2869 1008 mani·

754 1054 1028 1142 festior,
1068 1074 1137 1126 et
1177 1052 1486 1153 plurima
1528 1051 1885 1123 contrariis
1930 1050 2351 1150 probantur:
2398 1051 2658 1124 dehent
2700 1079 2867 1151 ergo

753 1169 1008 1243 oratori
1039 1169 1134 1242 sic
1157 1195 1301 1242 esse
1326 1168 1877 1241 adversariorum
1907 1190 2074 1241 nota
2096 1169 2382 1241 consilia
2398 1226 2419 1261 ,
2451 1189 2529 1241 ut
2549 1168 2866 1241 hostium

645 1306 720 1376 36
753 1286 1176 1388 imperatori.
1222 1289 1495 1358 Verum
1531 1305 1598 1357 et
1630 1284 1845 1376 illud,
1882 1286 2072 1384 quod
2118 1286 2348 1386 prima
2388 1286 2865 1387 propositione

743 1404 1011 1477 durum
1038 1403 1354 1495 videtur,
1381 1422 1605 1502 potest
1628 1402 1879 1475 afferre
1912 1403 2119 1495 ratio,
2154 1424 2231 1476 ut
2251 1410 2364 1476 vir
2386 1401 2602 1476 bonus
2619 1403 2697 1475 in
2731 1402 2861 1475 de-

744 1501 1067 1593 fensione
1095 1546 1315 1592 causae
1353 1520 1519 1593 velit
1544 1520 1820 1592 auferre
1843 1533 1868 1564 ²
1900 1519 2283 1620 aliquando
2313 1519 2587 1620 judici3
2618 1521 2862 1594 verita-

747 1656 916 1710 tem.
946 1637 1163 1727 Quod
1183 1636 1240 1707 si
1262 1636 1419 1736 quis
1442 1663 1484 1708 a
1502 1663 1621 1709 me
1646 1636 1944 1734 proponi
1971 1635 2366 1725 mirabitur,
2387 1637 2857 1735 (quamquam

746 1778 895 1824 non
944 1771 1041 1823 est
1085 1751 1233 1823 haec
1274 1777 1434 1822 mea
1473 1749 1748 1849 proprie
1791 1750 2166 1842 sententia,
2208 1751 2328 1822 sed
2361 1776 2640 1841 eorum,
2680 1778 2857 1850 quos

745 1866 1181 1966 gravissimos
1204 1865 1559 1966 sapientiae
1590 1865 1955 1966 magistros
1985 1886 2144 1938 aetas
2165 1886 2360 1939 vetus
2392 1865 2724 1964 credidit)
2757 1867 2856 1940 sic

735 1984 1040 2087 judicet,
1071 1983 1402 2084 pleraque
1432 2010 1610 2075 esse,
1645 2010 1802 2083 quae
1827 2010 1971 2056 non
2002 2004 2150 2057 tam
2178 1982 2410 2074 factis,
2444 2010 2661 2084 quam
2699 2011 2858 2057 cau·

643 2118 713 2191 37
745 2102 836 2175 sis
854 2127 1104 2175 eorum
1121 2156 1141 2190 ‚
1159 2099 1271 2173 vel
1289 2099 1581 2172 honesta
1599 2100 1774 2171 fiant
1790 2156 1809 2190 ,
1831 2099 1939 2171 vel
1963 2099 2213 2199 turpia.
2231 2100 2413 2171 Nam
2431 2097 2488 2169 'si
2508 2097 2857 2172 hominem

744 2220 1052 2293 occidere
1070 2214 1126 2305 ⁴,
1174 2241 1353 2316 saepe
1399 2216 1657 2306 virtus,
1710 2214 1951 2289 liberos
2000 2241 2282 2304 necare,
2328 2241 2856 2314 nonnunquam

742 2332 1306 2434 pulcherrimum
1340 2329 1520 2420 est⁵;
1557 2329 1903 2430 asperiora
1931 2329 2250 2431 quaedarn
2276 2329 2509 2403 adhuc
2543 2329 2770 2423 dictu,
2799 2331 2857 2404 si

745 2447 1146 2521 communis
1179 2447 1442 2520 utilitas
1469 2447 1805 2547 exegerit,
1834 2448 2061 2521 facere
2090 2445 2535 2538 conceditur;
2582 2474 2673 2520 ne
2715 2448 2854 2521 hoc

744 2563 1033 2663 quidem
1064 2562 1345 2636 nudum
1370 2583 1473 2635 est
1499 2563 1924 2636 intuendum
1940 2619 1959 2653 ‚
1990 2562 2274 2663 qualem
2299 2588 2584 2638 causam
2606 2563 2709 2636 vir
2737 2563 2857 2636 bo-

645 2700 716 2757 38
744 2707 917 2770 nus,
945 2679 1067 2753 sed
1091 2679 1305 2751 etiam
1334 2706 1549 2779 quare
1568 2737 1589 2770 ‚
1620 2701 1690 2752 et
1717 2706 1859 2780 qua
1890 2701 2124 2754 mente
2144 2737 2164 2771 ,
2205 2680 2554 2753 defendat.
2583 2687 2685 2753 Ac
2715 2681 2855 2781 pn‘-

742 2822 950 2869 mum
984 2794 1374 2868 concedant
1406 2795 1583 2870 mihi
1614 2823 1861 2870 omnes
1901 2818 2204 2896 oportet,
2250 2796 2440 2896 quod
2473 2797 2854 2871 stoicorum

742 2938 1028 3014 quoque
1059 2909 1421 3011 asperrimi
1451 2911 1911 3005 confitentur,
1945 2914 2297 2985 facturum
2332 2911 2712 3012 aliquando
2746 2913 2856 2985 vi·-

738 3073 1038 3145 Exiniquoe
1054 3071 1750 3143 contemplatio,Turicens.
1834 3074 2018 3128 Ambr.
2046 3092 2075 3127 2
2093 3112 2110 3140 ,
2147 3073 2324 3127 Guelf.
2355 3092 2476 3126 curn
2499 3072 2661 3127 Goth.
2687 3076 2848 3128 Voss.

738 3152 880 3206 Flor.
909 3154 1100 3205 Contra
1123 3150 1203 3205 his
1219 3154 1401 3224 prob„
1424 3153 1606 3206 Turio.
1631 3171 1753 3207 oum
1841 3170 1887 3219 ι,
1919 3170 1947 3204 2
1965 3192 1983 3220 ‚
2012 3154 2077 3216 33
2121 3157 2219 3206 nec
2261 3152 2505 3226 displicet
2541 3155 2850 3207 Bur-manno

738 3228 1001 3284 Almelov.
1834 3234 1905 3287 ob
1931 3233 2251 3287 antecedens
2281 3235 2326 3287 si
2346 3234 2481 3307 quis.
2518 3233 2632 3306 Ego
2666 3254 2849 3289 errore

818 3309 1221 3364 acan-neoda...
1243 3308 1750 3364 dicitur-disseruisse.
1832 3326 2016 3366 natum
2057 3315 2303 3384 suspicor
2341 3330 2562 3374 comm,
2603 3312 2696 3383 qni
2739 3312 2851 3366 hoo
2885 3365 2896 3376 ,

738 3389 875 3443 Vide
894 3389 962 3442 ad
978 3390 1060 3456 11,
1086 3388 1178 3455 ¹5,
1201 3390 1285 3442 23.
1311 3391 1635 3443 consulatur
1659 3408 1753 3443 au·
1834 3410 1956 3444 cum
1981 3392 2298 3463 gravissimis
2322 3390 2424 3443 inis
2447 3403 2728 3443 struerent.

739 3482 868 3533 tem,
885 3470 976 3538 qui
989 3466 1102 3521 haec
1114 3468 1285 3520 fusius
1301 3483 1496 3522 narrat.
1510 3471 1749 3524 lactant.
1904 3468 1956 3536 4.
1989 3470 2271 3522 Hominem
2304 3468 2550 3521 occidere.
2566 3508 2579 3520 .
2594 3509 2607 3521 .
2641 3487 2845 3524 necare.

738 3550 913 3603 Divin.
942 3550 1192 3614 Instit.V‚
1225 3549 1285 3600 13
1314 3564 1367 3601 et
1394 3550 1473 3603 16.
1833 3550 1922 3620 Sp.
1941 3548 2140 3616 ΔΙιιΙε,
2153 3548 2415 3622 Scipionis
2429 3551 2651 3614 Nasicae,
2672 3551 2849 3617 Bruti,

812 3646 863 3681 a.
908 3627 1145 3699 Auferre.
1166 3667 1177 3680 .
1199 3666 1210 3679 .
1240 3629 1419 3699 judici
1462 3629 1749 3681 veritatem.
1833 3630 2016 3682 Manlii
2031 3628 2270 3701 exempla
2284 3631 2463 3682 animo
2479 3629 2846 3684 obversantur.

740 3708 874 3764 Vide
890 3707 982 3774 IV,
999 3706 1050 3772 5,
1064 3707 1129 3759 6:
1153 3707 1331 3775 «Quos
1353 3710 1748 3778 gravissimos...
1907 3709 1956 3762 5.
1978 3711 2086 3762 Est.
2112 3709 2324 3762 Habent
2349 3726 2451 3761 esse
2474 3707 2653 3760 Tur-ic.
2675 3710 2845 3763 Qu.

747 3811 770 3836 α
789 3804 914 3842 aetas
927 3802 1077 3839 vetus
1097 3785 1319 3839 credidit
1333 3824 1351 3849 .‚
1369 3811 1390 3834 ο
1417 3788 1554 3839 inter
1569 3795 1664 3839 'eos
1679 3790 1754 3839 in·
1837 3787 2060 3858 Quidem
2074 3807 2241 3840 unum
2253 3807 2414 3860 quan
2432 3785 2847 3861 intelleqendum

740 3870 923 3940 primis
946 3865 1244 3919 censendus
1266 3865 1471 3918 videar
1494 3867 1751 3920 Panaetius
1832 3866 2043 3939 qualem
2060 3907 2074 3927 .
2100 3870 2280 3921 Turio.
2300 3868 2440 3920 flor.
2468 3886 2590 3921 cum
2609 3868 2750 3920 Alm.
2781 3870 2845 3940 Q

743 3965 808 3999 ex
838 3946 961 3998 loco
993 3945 1161 3997 Cicer.
1196 3944 1266 3997 de
1292 3945 1401 3997 off.
1426 3947 1496 4012 n,
1524 3946 1587 4011 14
1618 3959 1748 3998 extr.
1832 3947 2073 3998 nundum
2094 3966 2138 3999 e.
2158 3948 2192 3998 i.
2210 3948 2848 4020 q.,Jens.T·1-v.12noen·

739 4024 873 4078 Vide
895 4027 1150 4077 Nostrum
1174 4025 1253 4089 11,
1284 4037 1366 4093 17,
1394 4025 1463 4077 26
1484 4041 1634 4096 seqq.
1830 4026 1956 4077 dum
1993 4028 2185 4080 omittit
2199 4029 2352 4081 Voss.
2382 4046 2428 4094 ι,
2450 4026 2504 4080 3.
2533 4028 2789 4100 Suspicor
2814 4045 2848 4082 e

812 4105 866 4155 3.
890 4104 1085 4156 Judici.
1114 4102 1326 4154 Habent
1342 4103 1543 4175 judicii
1566 4106 1747 4157 Tun-ie.
1830 4120 2046 4179 recepta
2059 4125 2303 4181 unquam
2321 4107 2575 4164 excidisse
2597 4122 2724 4180 post
2741 4126 2845 4161 nu»

740 4169 881 4243 flor.
908 4181 999 4235 Sic
1009 4182 1282 4254 judicent,
1305 4183 1578 4237 Turicum.
1605 4183 1746 4237 Ποῖ.
1828 4185 1975 4239 dum.
2155 4183 2160 4190 ’
