3200 5159
783 524 913 606 428
1351 524 1448 589 M.
1486 521 1715 588 FABn
1752 519 2313 607 Qum‘rmmt

786 672 930 720 esse
970 647 1346 747 perfectuS,
1385 672 1599 744 quem
1627 645 2012 746 'dormitare
2049 644 2342 717 interim.
2371 642 2570 735 dicit3
2604 670 2735 719 nec
2767 644 2891 720 Gi}-

784 788 939 833 cero
964 776 981 806 ¹
1017 763 1229 834 Bruto
1267 761 1623 860 Calvoque
1645 817 1664 850 ,
1700 746 1840 859 qui.
1866 779 2044 832 certe
2077 759 2662 859 compositionem
2696 760 2889 833 illius

784 876 995 949 etiam
1020 875 1208 975 apud
1234 877 1465 975 ipsum
1489 872 2014 975 reprehendunt
2029 905 2059 964 ;.
2079 900 2209 946 nec
2229 873 2504 946 ²Asinio
2535 874 2564 921 3
2581 875 2886 976 utrique,

783 991 906 1091 qui
947 991 1115 1064 vitia
1156 990 1487 1064 orationis
1529 990 1679 1091 ejus
1727 990 1941 1064 etiam
1978 988 2263 1062 inimice
2306 989 2623 1089 pluribus
2663 990 2889 1064 4locis

677 1138 745 1191 23
783 1107 1275 1209 insequuntur.
1308 1107 1803 1181 Concedamus
1833 1132 2035 1196 sane,
2077 1106 2268 1206 quod
2304 1106 2602 1181 minime
2641 1129 2892 1180 natura

782 1224 1044 1324 patitur
1058 1223 1111 1315 ⁵,
1139 1245 1495 1325 repertum
1518 1250 1662 1296 esse
1679 1223 1998 1324 aliquem
2019 1222 2290 1295 malum
2309 1224 2542 1296 virum
2565 1280 2585 1315 ,
2607 1250 2887 1296 summe

786 1338 1158 1427 disertum;
1196 1338 1423 1411 nihilo
1447 1359 1687 1411 tamen
1718 1339 1955 1412 minus
1987 1358 2329 1411 oratorem
2360 1365 2524 1411 eum
2567 1338 2840 1437 negabo
2868 1366 2890 1410 τ

787 1453 1010 1527 nam⁶
1051 1481 1182 1527 nec
1228 1453 1610 1546 omnibuS,
1657 1454 1779 1553 qui
1823 1454 2085 1528 fuerint
2123 1480 2348 1527 manu
2381 1455 2723 1555 prompti,
2757 1454 2891 1526 viri

782 1570 979 1642 fortis
998 1598 1261 1643 nomen
1287 1571 1769 1662 concesserim,
1786 1571 1957 1670 quia
1978 1572 2131 1643 sine
2152 1571 2402 1644 virtute
2424 1571 2715 1672 intelligi
2741 1599 2890 1644 non

677 1716 745 1785 24
783 1705 1005 1784 potest
1033 1686 1390 1759 fortitudo.
1422 1688 1534 1758 An
1567 1685 1664 1775 ei,
1694 1687 1818 1785 qui
1854 1686 1944 1758 ad
1976 1687 2453 1761 defendendas
2489 1714 2726 1760 causas
2767 1688 2908 1760 ad·-

780 1821 1067 1873 vocatur
1085 1814 1141 1891 ⁷,
1184 1827 1331 1874 non
1374 1821 1475 1873 est
1515 1829 1694 1902 opus
1728 1800 1908 1892 fide,
1938 1829 2157 1902 quam
2197 1829 2327 1875 nec
2366 1802 2712 1902 cupiditas
2746 1829 2904 1875 cor-

786 1935 1101 2014 rumpat,
1158 1941 1287 1988 nec
1334 1916 1555 2015 gratia
1605 1936 1862 1990 avertat
1891 1975 1909 2005 ,
1959 1944 2088 1989 nec
2133 1938 2360 1990 metus
2413 1916 2729 2017 frangat?
2767 1916 2904 1990 sed·

784 2029 1252 2129 proditorem,
1297 2031 1729 2130 transfugam
1759 2087 1779 2121 ,
1827 2031 2415 2132 praevaricatorem
2465 2030 2892 2104 donabimus

784 2145 1070 2217 oratoris
1110 2145 1229 2218 illo
1257 2171 1451 2218 sacro
1475 2145 1818 2219 nomine?
1862 2146 2076 2237 Quod
2103 2146 2159 2218 si
2186 2146 2662 2219 mediocribus
2675 2145 2888 2218 etiam

783 2260 1092 2360 patronis
1126 2260 1447 2333 convenit
1469 2258 1620 2332 haec
1639 2319 1659 2350 ,
1685 2288 1842 2361 quae
1869 2262 2082 2362 vulgo
2113 2261 2405 2353 dicitur,
2438 2260 2738 2346 bonitas;
2764 2286 2906 2332 cur·

658 2435 667 2442 .
782 2403 929 2449 non
958 2398 1187 2451 orator
1214 2377 1367 2469 ille,
1411 2377 1535 2477 qui
1561 2377 1887 2466 nondum
1910 2378 2083 2468 fuit,
2123 2378 2243 2451 sed
2275 2399 2497 2479 potest
2522 2403 2702 2465 esse,
2742 2397 2892 2449 tarn

680 2523 746 2579 25
784 2492 873 2565 sit
896 2491 1209 2566 moribus
1226 2550 1246 2584 ,
1273 2520 1489 2593 quam
1521 2491 1807 2567 dicendi
1829 2494 2073 2568 virtute
2097 2494 2476 2595 perfectus?
2502 2496 2663 2567 Non
2692 2493 2890 2567 enim

865 2738 886 2775 1
899 2762 912 2775 .
937 2723 1111 2777 Ct‘cero
1131 2726 1294 2778 Bruto
1317 2724 1635 2799 Caluoque...
1652 2728 1799 2799 apud

783 2807 971 2878 ipsum.
987 2803 1123 2856 Vide
1143 2805 1217 2857 IX
1232 2843 1250 2871 ,
1274 2805 1340 2873 4,
1373 2824 1390 2857 1
1404 2844 1417 2857 .
1443 2808 1683 2878 Apparet
1705 2809 1800 2879 igi·

782 2898 871 2937 tur
892 2884 1317 2957 compositionem
1350 2885 1439 2939 hic
1464 2903 1579 2938 esse
1603 2906 1799 2939 nume-

783 2983 871 3018 ros
910 2964 1202 3031 oratorios,
1232 2982 1341 3037 quo
1377 2965 1460 3018 vel
1497 2976 1633 3019 certe
1662 2964 1796 3019 illud

785 3043 1022 3097 deducit.

857 3140 905 3196 ᾳ.
928 3122 1110 3176 Asinio
1129 3123 1354 3195 utrique.
1378 3145 1401 3170 ι
1421 3126 1561 3177 Patri
1584 3137 1638 3177 et
1661 3124 1795 3192 filio,

789 3225 812 3248 a
834 3220 1060 3274 quorum
1083 3199 1171 3254 hic
1197 3200 1260 3253 de
1280 3205 1673 3275 comparatione
1695 3223 1797 3276 pa-

791 3305 814 3330 «
834 3282 925 3334 tris
944 3291 997 3332 et
1022 3279 1276 3335 Ciceronis
1306 3281 1472 3335 libros
1497 3283 1662 3336 edidit
1685 3284 1797 3337 lec-

790 3382 813 3407 «
833 3373 917 3412 tos
942 3357 1109 3410 Plinio
1130 3361 1295 3431 Epist.
1311 3363 1437 3428 vll,
1460 3361 1525 3429 4,
1552 3362 1619 3430 4,
1643 3375 1696 3415 et
1718 3382 1802 3415 re-

788 3462 812 3486 ·
832 3440 1032 3491 futatus
1060 3457 1091 3491 a
1113 3437 1337 3492 Claudio
1363 3443 1490 3512 imp.
1519 3454 1655 3494 teste
1675 3443 1799 3496 Sue-

790 3544 814 3568 ·
835 3534 978 3586 ton.‚
1002 3539 1048 3572 c.
1073 3519 1160 3587 41.
1182 3519 1317 3573 Add.
1342 3521 1477 3573 Gen.
1502 3523 1673 3588 XVII,
1705 3540 1749 3574 ι.
1768 3546 1791 3571 ιο

783 3601 1067 3654 Gesner-us.
1099 3601 1492 3671 Iniquissimum
1527 3603 1800 3656 Ciceronis

786 3677 1202 3731 obtrectatorem
1232 3680 1477 3731 Asinium
1506 3680 1799 3735 Pollionem

786 3755 1016 3813 ostendit
1036 3757 1233 3810 Seneca
1256 3771 1412 3830 pater
1431 3760 1644 3815 Suasor.
1662 3764 1750 3813 Vl.

854 3837 906 3891 3.
938 3837 1171 3912 Utrique.
1208 3838 1357 3891 Poul.
1391 3840 1498 3892 BR.
1522 3841 1586 3906 3,
1613 3859 1664 3912 7,
1691 3841 1800 3892 Lo-

785 3929 920 3984 cat.‚
945 3917 1137 3990 utique.
1165 3916 1324 3970 Male.
1354 3918 1447 3971 En.

796 4031 803 4036 -
857 3995 907 4061 4.
928 3995 1173 4049 Pluribus
1190 3995 1344 4059 Iocis3
1367 4000 1445 4049 sic
1459 3999 1638 4050 Tun-ic.
1654 3998 1798 4050 Flor.

785 4073 969 4125 Ambr.
1009 4093 1056 4126 2.
1102 4075 1169 4127 In
1211 4077 1451 4129 inserunt
1492 4075 1702 4149 reliqui.
1731 4107 1799 4119 —

787 4151 983 4205 Eadem
1002 4155 1186 4205 nostri.
1209 4156 1303 4208 En.

860 4230 912 4286 5.
947 4233 1190 4297 Fruitur,-
1228 4236 1304 4287 sic
1339 4235 1616 4290 Tur-icens.
1657 4234 1798 4290 Flor.

1876 2730 2058 2783 Ambr.
2095 2748 2123 2782 2
2140 2769 2158 2798 ,
2186 2730 2361 2785 Guelf.
2387 2729 2549 2784 Goth.
2572 2730 2718 2780 Jens.
2743 2725 2766 2796 (
2781 2739 2888 2779 tac.

1876 2809 2071 2881 Gesn.)
2089 2810 2253 2862 Cim·-
2275 2828 2396 2861 cum
2415 2806 2553 2860 Alm.
2573 2808 2730 2859 Voss.
2752 2822 2780 2857 2
2795 2842 2813 2870 ,
2837 2818 2892 2857 et

1878 2887 2001 2940 edd.
2028 2901 2150 2940 ante
2168 2886 2367 2960 Gryph.
2395 2885 2658 2950 Patietur,
2677 2883 2889 2953 reliqui.

1875 2964 2010 3017 Vide
2030 2964 2073 3035 §.
2091 2981 2145 3035 9,
2170 2965 2227 3016 id
2240 2964 2439 3036 quod...
2457 2973 2641 3036 potest.
2663 2963 2792 3013 Mox
2813 2963 2894 3013 ni·

1877 3042 2044 3096 hilo...
2084 3043 2278 3116 negabo
2312 3044 2505 3095 omittit
2537 3040 2712 3094 Guelf.
2743 3040 2893 3092 Eum

1877 3124 2074 3176 omittit
2095 3124 2259 3176 Cute.

1948 3204 1999 3256 6.
2037 3202 2194 3255 Nam.
2226 3203 2491 3256 omittunt
2524 3201 2702 3253 Tui-ic.
2740 3198 2887 3253 Flor.

1878 3300 2001 3334 cum
2029 3281 2169 3333 Alm.
2208 3295 2264 3334 et
2286 3282 2445 3334 Tur-ic
2483 3278 2698 3350 quidem
2736 3281 2890 3349 apice

1876 3360 2128 3431 imposito
2158 3361 2276 3413 voci
2311 3377 2431 3423 nec,
2462 3376 2562 3428 pro
2591 3375 2699 3428 qua
2720 3354 2886 3411 Goth.

1877 3440 2106 3512 (tacente
2126 3439 2311 3511 Gesn.)
2328 3439 2517 3503 Cum,
2536 3455 2729 3510 neque,
2751 3439 2891 3490 sicut

1877 3538 2002 3572 mox
2020 3531 2142 3571 ante
2160 3516 2417 3592 cupiditas
2433 3516 2565 3569 daut
2577 3534 2771 3589 neque,
2786 3518 2892 3568 Tu-

1878 3599 1971 3652 ric.
2005 3597 2147 3649 Flor.
2184 3596 2365 3648 Ambr.
2403 3613 2468 3660 a,
2506 3594 2683 3649 Guelf.
2723 3593 2887 3648 Goth.

1878 3677 2003 3748 (tac.
2027 3676 2214 3746 Gesn.)
2238 3677 2400 3729 Cute.
2417 3675 2552 3728 Vide
2577 3675 2680 3743 111,
2715 3691 2783 3745 9,
2821 3675 2853 3728 5
2870 3710 2890 3741 ‚

1881 3769 1934 3809 et
1962 3774 2084 3808 mox
2115 3752 2161 3827 §.
2197 3755 2280 3809 25.

1965 3853 2015 3906 7.
2079 3835 2394 3888 Advocatur.
2454 3834 2561 3885 Dat
2610 3833 2896 3885 advocator

1879 3916 2061 3970 Ambr.
2081 3934 2128 3969 a.
2155 3916 2340 3969 Gratia
2360 3924 2543 3979 vertat,
2557 3914 2894 3978 Turicensis‚

1879 3996 2244 4060 Florentinus,
2276 3995 2436 4062 Gemi·-
2470 4011 2591 4045 cum
2627 3990 2892 4043 Almelov.

1882 4075 2346 4148 Transfuqatorem
2360 4113 2377 4137 ,
2406 4074 2568 4126 Cum
2594 4071 2717 4125 Esse
2736 4070 2894 4123 sitam

1879 4156 1972 4220 st‘t,
2009 4155 2337 4229 Guelferbyt.
2372 4152 2666 4221 Major-ibus
2697 4169 2892 4224 quam,

1881 4234 2117 4287 Florem.
