3200 5159
648 433 1308 503 INSTITUTIOMS
1345 436 1602 508 ORAT.
1644 438 1806 504 LIB.
1845 437 1937 521 X,
1986 463 2039 507 1.
2280 429 2401 534 303

294 548 578 628 dicendi
612 580 877 656 genus;
909 578 1101 631 tanta
1143 559 1517 634 verborum
1537 616 1556 652 ,
1591 562 1801 634 etiam
1827 588 1983 660 quae
2013 576 2404 662 ¹assumpta

291 689 494 759 sunt,
521 671 936 772 proprietas3
963 695 1155 772 tanta
1186 672 1258 746 in
1288 674 1716 775 quibusdam
1735 689 1759 720 ²
1793 703 1874 749 ex
1903 673 2261 776 periculo³
2286 702 2403 777 pe·
2454 749 2459 755 .

291 781 437 856 titis
462 785 953 885 significantia.
972 789 1362 863 Habebunt
1374 787 1428 879 4,
1441 791 1562 891 qui
1587 811 1742 891 post
1762 819 1888 866 nos
1908 792 1995 865 de
2014 791 2403 866 oratoribus
2441 820 2537 858 ιιι

291 900 596 976 scribent
614 902 669 993 ⁵,
705 932 1041 1006 magnam
1072 934 1189 982 eos
1207 906 1262 998 ⁶,
1296 908 1421 1008 qui
1455 935 1649 981 nunc
1680 909 1951 1009 vigent,
1985 925 2012 972 7
2033 910 2399 986 materiam

289 1041 450 1088 vere
484 1017 917 1093 laudandi⁸:
955 1043 1118 1096 sunt
1150 1023 1344 1096 enim
1374 1038 1704 1098 summa9
1729 1025 1972 1114 hodie,
2013 1025 2272 1123 quibus
2312 1024 2403 1097 il-

289 1129 623 1207 lustratur
654 1135 928 1226 forum,
956 1123 1273 1238 ingenia:
1308 1166 1619 1240 namque
1653 1161 1725 1213 et
1757 1140 2223 1214 consummati
2242 1139 2400 1241 jam

291 1247 569 1345 patroni
587 1251 937 1324 veteribus
957 1253 1477 1345 aemulantur¹⁰‚
1517 1275 1587 1327 et
1620 1282 1736 1328 eos
1760 1256 2111 1358 juvenum
2150 1253 2238 1327 ad
2275 1281 2402 1356 op-

289 1358 470 1434 tima
498 1362 942 1438 tendentium
971 1366 1293 1460 imitatur
1316 1363 1397 1441 ac
1422 1370 1734 1467 sequitur
1756 1369 2115 1443 industria.
2141 1370 2401 1469 Super·
2440 1388 2537 1441 123

290 1495 493 1564 sunt,
541 1477 667 1575 qui
709 1477 795 1551 de
841 1480 1280 1582 philosophia
1319 1483 1715 1583 scripserint
1741 1498 1822 1575 ¹¹,
1863 1511 2005 1584 quo
2036 1485 2109 1556 in
2144 1509 2403 1583 genere

293 1591 752 1689 paucissimos
787 1596 1094 1669 adhuc¹²
1144 1598 1546 1701 eloquentes
1593 1600 1841 1673 litterae
1876 1626 2184 1675 romanae
2212 1598 2400 1673 tule-

293 1726 495 1778 runt:
532 1705 719 1784 idem
758 1709 976 1810 igitur
1003 1713 1110 1785 M.
1146 1712 1443 1802 Tullum,
1478 1713 1602 1814 qui
1647 1714 1913 1815 ubique
1936 1715 2018 1804 ¹3,
2063 1713 2276 1787 etiam
2320 1712 2399 1788 in

290 1943 410 1977 exc.
439 1928 555 1979 Put.
587 1946 619 1980 a
645 1947 750 1982 sec.
780 1950 971 1993 manu,
992 1933 1100 1986 ml.
1126 1935 1192 1999 8,
1223 1949 1306 2000 ιι,

292 2006 388 2075 qui
412 2004 543 2058 lene.
561 2004 626 2059 '1⁸0⁸
648 2007 759 2062 leve
782 2011 1213 2083 Capperonnerio
1237 2014 1309 2065 vi-

291 2081 453 2136 detur
495 2104 604 2138 non
654 2087 1098 2168 improbandum,
1143 2089 1305 2143 modo

290 2164 588 2236 penultima
625 2169 693 2219 sit
729 2161 889 2241 longa
926 2184 1196 2243 tamquam
1237 2170 1305 2224 ab

289 2242 558 2315 adjectivo
585 2245 716 2300 λεῖοι.
741 2248 876 2302 Vide
904 2262 1041 2302 notae
1070 2251 1182 2303 init.
1207 2251 1305 2303 En.

378 2346 422 2380 ι.
451 2325 780 2402 desumpta..
802 2331 1146 2402 ,propi-ictas.
1169 2329 1305 2382 Vide

290 2408 440 2473 vm,
462 2405 524 2472 6,
547 2418 721 2460 totum
744 2420 933 2479 caput,
956 2407 1050 2461 ubi
1070 2409 1306 2462 arcessita

296 2497 449 2551 sunt,
473 2502 587 2555 qun
609 2482 697 2536 hic
719 2489 997 2557 assumph.

369 2582 422 2616 2.
443 2564 508 2614 In
533 2564 834 2636 quibusdam
860 2583 940 2617 ex.
960 2564 1138 2618 Tun-ic.
1161 2564 1304 2618 Flor.

290 2640 420 2714 (hic
443 2660 474 2694 a
498 2661 579 2713 pr.
610 2642 802 2715 manu)
829 2643 991 2697 Cam».
1009 2682 1027 2710 ‚
1055 2661 1118 2695 ex
1143 2662 1196 2716 q.
1228 2644 1302 2696 in.

293 2722 372 2774 Ex
383 2721 521 2773 Alm.
540 2721 760 2773 affertur
774 2734 974 2796 tanturn
990 2739 1041 2793 q.
1056 2721 1130 2772 in.
1141 2719 1303 2774 Goth.

292 2799 431 2873 (tac.
456 2799 651 2872 Gesn.)
673 2803 865 2853 nostris
887 2799 1059 2852 verbis
1083 2812 1308 2873 antepo-

294 2881 374 2932 nit
397 2880 586 2944 etiam,
608 2898 732 2931 cum
749 2881 902 2933 Voss.
925 2895 976 2932 2.
992 2879 1158 2933 —Sic
1180 2898 1310 2951 quo-

294 2976 402 3028 que
434 2955 569 3009 Vall.
603 2955 695 3009 lib.
731 2957 834 3009 RR.
868 2959 933 3024 8,
960 2975 1027 3028 9,
1063 2975 1121 3011 ια
1141 2996 1159 3026 ‚
1187 2957 1304 3010 Ald.

293 3035 481 3089 caeteri
499 3048 765 3108 receptam
781 3054 812 3088 a
825 3035 1004 3109 Spald.
1027 3035 1309 3090 lectionem

294 3114 516 3168 habent.
541 3116 636 3167 En.

368 3194 420 3247 3.
460 3195 545 3246 Ex
576 3191 827 3265 periculo.
849 3234 861 3247 .
883 3235 895 3247 .
931 3191 1306 3268 significantia.

292 3273 397 3326 vel
433 3272 781 3326 audacissime
813 3288 1004 3327 novata
1036 3276 1090 3327 in
1123 3274 1310 3327 elocu-

287 3355 444 3406 'tione
469 3372 578 3406 non
603 3367 784 3406 carent
805 3357 1204 3428 perspicuitate.
1222 3357 1309 3409 vi-

299 3430 368 3484 de
386 3434 463 3498 Π,
485 3432 900 3501 11,3;v111‚6‚
923 3452 1002 3497 1¹3
1023 3435 1124 3501 xl,
1149 3435 1307 3501 1‚32;

297 3514 428 3565 item
449 3511 537 3564 hic
557 3512 608 3580 S.
635 3511 721 3583 49.

370 3591 422 3660 4.
451 3590 747 3644 Habebunt.
768 3592 946 3644 Tur-ic.
971 3592 1110 3645 Flor.
1141 3591 1202 3665 (a
1227 3611 1308 3666 pr.

299 3687 462 3744 {nanu
489 3672 734 3741 uterque)
760 3669 1030 3723 habebant.

373 3748 426 3802 5.
460 3750 706 3803 Sci-ibent.
726 3751 902 3802 Turic.
927 3751 989 3821 (a
1012 3770 1092 3823 pr.
1119 3752 1314 3824 mauu)

301 3828 498 3881 scribet.

373 3906 427 3959 6.
467 3907 724 3983 Magnam
761 3925 858 3960 eos.
891 3908 1067 3961 Tui-ic.
1103 3904 1163 3977 (a
1201 3927 1306 3961 sec.

302 3985 496 4056 manu)
520 3989 700 4039 inserit
726 3987 784 4039 in
797 4026 816 4054 ,
840 4007 961 4039 cum
985 3989 1134 4040 JenS.
1154 3988 1309 4042 Tarv.

377 4085 428 4137 7.
474 4067 774 4118 Materiam.
823 4065 960 4118 flor.
984 4104 1001 4130 ‚
1041 4067 1310 4119 materiem

299 4144 443 4216 (vide
467 4144 559 4198 lib.
584 4145 735 4214 vul,
757 4162 874 4218 cap.
901 4143 964 4212 6,
990 4142 1034 4216 ς.
1062 4145 1133 4218 7).

1458 1933 1508 1987 8.
1520 1933 1818 1988 laudandi.
1827 1923 2006 1986 Tui-ic.
2021 1931 2076 2002 (a
2092 1949 2197 1985 sec.
2209 1930 2397 2002 manu)

1386 2010 1683 2078 laudanda,
1701 2030 1823 2063 cum
1844 2014 1988 2064 Jens.
2008 2012 2162 2062 Tarv.
2176 2012 2396 2063 —Nos-

1386 2092 1451 2143 tri
1475 2108 1660 2144 omnes
1684 2088 1955 2143 laudandi.
1980 2092 2074 2143 Eo.

1455 2188 1510 2242 9.
1534 2171 1671 2223 Sunt
1691 2171 1833 2223 enim
1855 2188 2073 2223 summa.
2105 2167 2395 2221 «Florebat

1391 2252 1589 2321 nAper,
1606 2246 1888 2301 Marcellus
1903 2285 1920 2313 ‚
1940 2247 2209 2299 Maternus
2224 2282 2242 2311 ‚
2261 2246 2397 2298 Mes·

1391 2327 1562 2381 *salla
1578 2365 1596 2393 ‚
1618 2325 1860 2380 Caecilius
1884 2325 2081 2379 Plinius
2099 2362 2116 2392 ‚
2158 2337 2211 2377 et
2240 2322 2394 2376 multi

1391 2405 1545 2459 «alii.
1534 2429 1544 2440 ·
1560 2405 1681 2459 vide
1702 2408 1996 2459 Tacitum.»
2024 2403 2395 2458 Pseudo—Tur-

1384 2486 1571 2539 nebus.
1573 2516 1647 2527 —
1661 2483 1834 2538 «Vide
1856 2484 2118 2538 Plinianas
2141 2481 2397 2554 epistolas

1390 2563 1645 2640 «passim,
1657 2564 1820 2619 etlib.
1840 2564 1942 2631 IX,
1961 2583 2045 2636 ep.
2067 2561 2152 2629 26,
2161 2560 2229 2615 de
2248 2577 2398 2616 sum-

1390 2646 1529 2698 ·mis
1550 2646 1774 2715 ingeniis
1794 2644 1947 2716 quasi
1964 2655 2285 2696 scatentes.-
2314 2639 2401 2695 Al-

1385 2720 1711 2775 melovenus.

1462 2816 1480 2852 ι
1493 2820 1543 2853 o.
1560 2800 1829 2855 Veteribus
1841 2797 2174 2852 «emulantur.
2187 2798 2339 2850 Hoc
2323 2817 2402 2872 φ·

1386 2899 1504 2933 sum
1522 2878 1685 2950 hujus
1702 2877 2048 2948 Quintiliauei
2072 2877 2239 2931 seculi
2255 2877 2398 2931 vide·

1388 2971 1493 3024 tur,
1522 2957 1670 3030 quod
1699 2959 2001 3031 promiscua
2029 2957 2196 3009 utitur
2225 2968 2399 3009 strue-

1390 3050 1506 3092 tura
1530 3035 1835 3089 oemulandi.
1850 3034 1984 3088 Vide
2008 3032 2054 3107 §.
2080 3035 2178 3101 62,
2202 3033 2296 3087 ubi
2320 3047 2402 3088 est

1388 3117 1719 3168 accusativus
1742 3112 1905 3166 verbo
1924 3117 2160 3185 junctus.
2184 3113 2400 3187 Alioqui

1388 3193 1595 3246 dativus
1628 3191 1840 3246 additus
1871 3191 2173 3245 oemulando
2203 3192 2405 3264 signifi-

1387 3275 1654 3325 cationem
1694 3270 1857 3324 habet
1896 3270 2102 3323 invidie
2144 3283 2197 3323 et
2237 3273 2399 3325 animi

1387 3352 1575 3424 iniqui.
1603 3352 1688 3404 Sic
1717 3349 1943 3405 aliorum
1966 3367 2182 3421 quoque
2203 3349 2398 3402 verbo-

1387 3447 1508 3481 rum
1547 3441 1866 3482 structuram
1906 3425 2214 3484 inflexerant
2254 3429 2399 3482 novi·

1387 3507 1523 3562 Vide
1544 3506 1637 3559 lib.
1663 3508 1765 3574 ΙΧ,
1787 3525 1905 3580 cap.
1932 3505 1995 3572 3,
2016 3507 2065 3575 s.
2096 3522 2137 3558 ι.

1467 3604 1486 3639 ι
1504 3604 1547 3639 ι.
1577 3585 1918 3659 Scripserinu
1955 3586 2031 3639 sic
2054 3585 2232 3638 Turic.
2256 3585 2397 3640 Flor.

1388 3665 1510 3737 (hie
1531 3686 1559 3719 a
1579 3687 1661 3740 pr.
1686 3665 1869 3738 manu)
1890 3664 2066 3720 Guelf.
2091 3683 2212 3718 cum
2234 3665 2396 3720 Goth.

1388 3746 1532 3799 Jens.
1551 3758 1606 3798 et
1620 3743 1743 3798 edd.
1762 3757 1988 3817 posterr.
2008 3757 2130 3798 ante
2148 3744 2276 3798 Bad.
2290 3748 2400 3800 Re-

1390 3825 1522 3897 liqui
1551 3826 1896 3898 scripserunt,
1929 3842 2157 3896 quorum
2189 3842 2316 3897 ergo
2346 3838 2401 3880 et

1388 3907 1550 3960 Cam.
1575 3935 1649 3945 —-
1670 3904 1868 3958 Eadem
1892 3906 2075 3957 nostri.
2101 3907 2195 3958 En.

1467 4004 1484 4038 ι
1499 4004 1547 4038 2.
1571 3986 1777 4038 Adhuc.
1800 3985 1963 4039 Cntr.
1990 3986 2201 4037 omittit.

1468 4066 1548 4119 13.
1579 4063 1687 4135 Qui
1709 4064 1929 4138 ubique5
1954 4065 2029 4115 sic
2050 4063 2191 4117 Flor.
2218 4062 2395 4118 Guelf.

1389 4161 1512 4197 cum
1542 4141 1663 4197 edd.
1691 4141 1813 4197 inde
1838 4160 1866 4196 a
1884 4141 2044 4196 Banu.
2075 4155 2199 4197 ante
2220 4143 2394 4202 Burin.
