3200 5159
727 498 854 574 422

1294 501 1389 565 Μ.
1428 499 1659 566 FABII
1695 502 2256 586 QUINTILrANI

726 617 1024 691 ticorum
1076 620 1429 696 nobismet
1467 624 1596 724 ipsi
1624 639 1643 670 ¹
1689 651 2105 723 responsum
2142 624 2417 700 finxisse
2450 624 2837 712 videamur,

730 733 819 806 sit
845 736 1143 834 aliquis²
1175 737 1350 811 adeo
1375 762 1618 812 contra
1639 741 1996 813 veritatem
2025 741 2408 814 obstinatus
2427 798 2445 832 ,
2475 761 2558 811 ut
2585 736 2841 810 audeat

734 848 999 940 dicere,
1037 854 1285 926 eodem
1322 855 1641 954 ingenio,
1676 856 1944 948 studio,
1977 856 2296 929 doctrina
2333 855 2703 956 praeditum
2737 853 2841 924 ni-

733 963 880 1037 hilo
900 966 1313 1041 deteriorem
1328 971 1649 1042 futurum
1670 991 2012 1043 oratorem
2034 971 2307 1043 malum
2325 971 2556 1043 virum
2573 1026 2594 1060 ‚
2621 994 2839 1068 quam

626 1121 679 1156 ιι
732 1080 1033 1154 bonum.
1067 1085 1582 1160 Convincamus
1625 1085 1837 1187 hujus
1872 1113 2154 1184 quoque
2190 1086 2570 1158 amentiam
2607 1109 2622 1153 ε
2668 1107 2844 1153 nam

734 1198 959 1270 certe³
992 1226 1204 1273 nemo
1238 1200 1590 1274 dubitabit
1611 1258 1632 1292 ‚
1675 1228 1967 1275 omnem
2008 1198 2446 1274 orationem4
2490 1198 2562 1270 id
2598 1223 2841 1296 agere,

735 1332 815 1383 ut
851 1313 1114 1413 judici,
1158 1343 1311 1416 quae
1352 1318 1703 1417 proposita
1744 1317 2043 1406 fuerint,
2089 1343 2249 1391 vera
2294 1337 2364 1388 et
2400 1315 2695 1387 honesta
2731 1311 2882 1384 vi·-=

738 1427 1072 1503 deantur:
1108 1453 1348 1505 utrum
1382 1434 1595 1533 igitur
1637 1420 1769 1508 hoc
1799 1434 2076 1508 facilius
2104 1433 2332 1506 bonus
2368 1430 2517 1505 vir⁵
2552 1455 2846 1530 persua-

739 1544 969 1639 debit,
1000 1576 1091 1619 an
1119 1548 1397 1621 malus?
1426 1553 1664 1623 Bonus
1693 1551 1984 1651 quidem
2020 1548 2249 1622 dicet⁶
2278 1549 2716 1649 saepius,vera
2743 1568 2846 1619 at·

629 1707 692 1742 12
739 1690 878 1762 que
907 1664 1217 1738 honesta.
1248 1667 1385 1740 Sed
1415 1668 1627 1740 etiam
1660 1667 1716 1740 si
1748 1668 2035 1765 quando
2064 1668 2304 1767 aliquo
2335 1667 2584 1738 ductus
2611 1663 2850 1736 officio

739 1781 975 1877 (quod
1031 1783 1340 1857 accidere
1357 1799 1413 1876 ⁷,
1459 1806 1543 1858 ut
1587 1812 1749 1858 mox
1805 1784 2211 1858 docebimus
2237 1783 2293 1875 ⁸,
2346 1784 2620 1884 potest)
2668 1780 2846 1855 falso

737 1895 884 1968 haec
928 1897 1277 1973 affirmare
1310 1902 1715 1994 conabitur,
1754 1903 2016 2004 majore
2050 1929 2216 1974 cum
2264 1900 2402 1973 fide
2436 1925 2712 1973 necesse
2747 1918 2851 1971 est

740 2014 1102 2087 audiatur:
1135 2036 1203 2088 at
1226 2016 1429 2090 malis
1451 2018 1865 2092 hominibus
1894 2046 1975 2091 ex
2004 2038 2410 2118 contemptu
2443 2014 2848 2116 9opinionis

742 2150 808 2201 et
830 2129 1226 2230 ignorantia
1250 2135 1437 2226 recti,
1460 2162 1982 2235 nonnunquam
2004 2134 2255 2207 excidit
2283 2133 2433 2233 ipsa
2449 2131 2846 2206 simulatio:

741 2246 908 2318 inde
951 2248 1369 2323 immodeste
1396 2267 1454 2297 ¹⁰
1487 2273 1928 2352 proponunt,
1963 2252 2110 2324 sine
2154 2251 2424 2350 pudore
2458 2250 2845 2326 affirmant.

822 2494 867 2527 1.
885 2477 1155 2532 Nobismet
1166 2480 1280 2553 ipsi.
1300 2480 1448 2532 Avic.
1471 2479 1621 2532 Poul.
1642 2481 1752 2533 RR.

749 2573 801 2625 7,
833 2572 852 2606 ι
870 2573 914 2620 1,
936 2557 1100 2608 Cim».
1124 2558 1291 2611 Andr.
1310 2562 1457 2613 Jens.
1480 2558 1601 2612 Ald.
1617 2599 1636 2628 ,
1659 2579 1754 2613 no-

747 2634 926 2688 bismet
954 2636 1090 2706 ipsis.
1121 2637 1216 2688 En.

822 2732 869 2766 2.
895 2715 978 2768 Sit
997 2715 1207 2788 aliquis.
1234 2715 1376 2782 Ald.‚
1399 2718 1443 2770 si
1459 2717 1527 2769 sit
1542 2716 1754 2790 aliquis.

744 2794 908 2846 Cin».
930 2793 1095 2846 Andr.
1110 2834 1127 2862 ‚
1149 2796 1218 2846 sit
1233 2794 1381 2848 alius.
1408 2797 1566 2868 Male.
1586 2798 1681 2848 En.

819 2873 868 2924 3.
899 2873 1044 2926 Nam
1077 2884 1243 2937 certe‚·
1278 2878 1351 2928 sic
1384 2877 1562 2927 Turic.
1588 2877 1751 2929 Cane.

743 2951 863 3005 Hoc
906 2954 1166 3034 inserunt‘
1191 2953 1395 3027 reliqui.
1448 2955 1719 3008 Dubitavit
1733 2992 1754 3022 ‚

744 3033 924 3085 Turic.
952 3033 1094 3085 Flor.
1120 3036 1281 3087 Came.
1312 3053 1435 3087 cum
1457 3036 1596 3088 Alm.

818 3113 871 3180 4.
916 3113 1213 3167 Orationem
1226 3138 1247 3178 ,-
1290 3117 1364 3168 sic
1395 3116 1573 3168 Tur-ic.
1612 3115 1752 3167 Flor.

745 3192 1008 3260 Ambusti,
1031 3193 1205 3246 Guelf.
1229 3193 1520 3262 Oratorem,
1543 3194 1754 3267 reliqui.

743 3269 912 3344 Agere
940 3271 1126 3325 vitium
1150 3291 1294 3345 quoe,
1316 3276 1589 3326 Turicens.
1615 3274 1755 3326 Flor.

746 3349 1020 3422 Proposita
1043 3354 1295 3405 omittunt
1314 3356 1588 3406 Tui-icens.
1615 3353 1755 3406 Flor.

749 3448 871 3482 cum
896 3428 1153 3485 Almelov.
1174 3433 1475 3505 Ρνεροείία,
1498 3431 1682 3484 Amhr.
1707 3449 1755 3485 2.

751 3509 927 3578 Vara,
956 3511 1138 3563 Amhr.
1171 3528 1218 3563 2.

822 3588 874 3641 5.
917 3590 1094 3642 Bonus
1134 3591 1216 3643 vir
1249 3591 1589 3662 persuadebit.
1619 3589 1757 3642 Vide

749 3666 840 3720 lib.
871 3671 960 3736 lv,
997 3687 1116 3740 cap.
1144 3685 1189 3734 1,
1222 3670 1271 3736 5.
1304 3686 1356 3738 7,
1389 3668 1514 3735 ubi,
1543 3668 1756 3742 «pluri-

755 3770 777 3795 οι
798 3767 945 3800 mum
981 3762 1158 3801 tamen
1195 3748 1265 3801 ad
1293 3752 1471 3801 omnia
1506 3751 1760 3803 momenti

755 3851 777 3873 ι-
799 3842 879 3881 est
906 3830 959 3879 in
984 3827 1089 3880 hoc
1115 3831 1345 3900 positum
1363 3867 1380 3895 ‚
1406 3830 1451 3880 si
1489 3828 1570 3880 vir
1597 3829 1760 3881 bonus

756 3930 779 3952 ‹-
799 3906 1047 3959 creditur.
1057 3932 1080 3956 n
1095 3909 1211 3960 Nec
1224 3927 1333 3960 non
1346 3908 1615 3978 eleganter
1629 3908 1760 3960 dixit

750 3987 827 4038 La
859 3987 1067 4061 Harpe:
1108 3989 1221 4042 «Sa
1255 3988 1374 4040 voi-1
1400 3986 1492 4058 (id
1528 4002 1636 4054 est,
1666 3992 1764 4043 viri

756 4089 780 4113 ιι
798 4065 990 4136 boni),
1016 4088 1086 4119 au
1109 4080 1342 4120 moment
1364 4071 1433 4120 οὺ
1460 4067 1563 4120 elle
1587 4067 1765 4123 s'e‘leve

759 4167 781 4189 a
803 4145 930 4196 dans
963 4143 1012 4195 le
1045 4142 1238 4218 temple
1266 4146 1330 4197 de
1362 4144 1416 4197 la
1433 4146 1659 4217 justice,
1692 4158 1764 4200 est

756 4247 780 4270 ι
798 4241 1000 4276 comme
1017 4242 1090 4276 un
1100 4226 1327 4295 premier
1322 4226 1651 4298 jugement..
1667 4226 1762 4279 En.

1906 2481 1956 2534 6.
1980 2480 2200 2550 Quidem
2224 2478 2390 2540 diceae,·
2415 2480 2490 2531 sic
2503 2479 2681 2530 Turic.
2701 2476 2848 2531 Flor.

1833 2563 1996 2614 Cant».
2022 2562 2095 2612 Et
2115 2561 2358 2612 inserunt
2380 2558 2587 2629 reliqui.

1908 2660 1957 2711 7.
1982 2641 2141 2712 Quod
2152 2639 2398 2691 accidere.
2417 2637 2681 2705 Florent.‚
2703 2638 2852 2711 quod

1836 2720 2099 2772 occideret.
2115 2720 2278 2772 Cane.
2295 2720 2492 2791 majore
2506 2718 2718 2769 omittit.
2731 2719 2854 2769 Ma-

1839 2800 1920 2854 lus
1942 2799 2273 2866 hominibus,
2308 2800 2487 2852 Tun-ic.
2523 2797 2666 2851 Flor.
2708 2800 2854 2850 Con-

1836 2890 1988 2950 ceptu
1999 2918 2018 2946 ,
2032 2880 2179 2930 Jens.
2197 2896 2320 2930 cum
2339 2891 2561 2949 posterr-
2580 2891 2702 2930 ante
2717 2876 2849 2929 Bad.

1844 2959 1995 3011 Unde
2040 2957 2370 3022 immodeste,
2420 2958 2583 3009 Can.
2635 2955 2854 3007 Pudore

1834 3033 2203 3110 adfirmantur,
2229 3036 2405 3087 Turic.
2438 3034 2578 3086 Flor.
2610 3033 2854 3086 Pondere

1836 3138 1920 3185 a.,
1943 3118 2105 3169 Caur.
2130 3135 2252 3168 cum
2276 3114 2576 3166 Andreana.

1909 3196 1959 3247 8.
1993 3195 2066 3247 Ut
2083 3212 2208 3246 mox
2229 3193 2539 3246 docebimus.
2573 3191 2717 3244 Infra
2743 3211 2772 3243 a
2797 3194 2848 3261 5.

1837 3273 1961 3327 inde
1984 3274 2074 3327 33.
2111 3274 2219 3343 Qui
2256 3286 2435 3325 tamen
2469 3274 2645 3324 minus
2672 3271 2852 3324 faveat

1836 3355 2068 3419 Nostro,
2105 3353 2304 3424 poterit
2340 3369 2468 3404 sane
2503 3352 2648 3403 miris
2675 3349 2852 3404 modis

1838 3435 2101 3503 exagitare
2139 3448 2262 3483 eum
2307 3429 2413 3482 hoc
2457 3449 2677 3502 quoque
2710 3432 2853 3483 inter

1838 3512 2120 3564 commoda
2179 3513 2385 3565 virtutis
2447 3523 2814 3564 recensentem
2833 3549 2851 3578 ,

1839 3590 1985 3664 quod
2010 3594 2212 3664 species
2236 3593 2351 3662 ejus
2376 3602 2592 3642 externa
2622 3602 2676 3642 et
2702 3589 2851 3642 bona

1836 3672 1979 3722 fama
2016 3669 2143 3722 inde
2179 3683 2301 3721 nata
2340 3668 2545 3738 possint
2579 3667 2850 3720 interdum

1836 3750 2020 3800 fucum
2047 3749 2227 3800 facere
2248 3746 2539 3817 judicibus.

1909 3845 1961 3897 9.
1992 3827 2284 3899 Opiniont‘s.
2306 3825 2444 3880 Vide
2465 3827 2536 3892 11,
2564 3843 2624 3880 12
2642 3865 2660 3892 ‚
2686 3826 2737 3880 5.

1909 3924 1926 3958 1
1938 3925 1986 3958 o.
2005 3905 2326 3957 Immodeste.
2337 3944 2367 3957 ..
2378 3904 2850 3978 sinepudooe.Puto

1843 3986 2123 4050 interesse,
2149 3982 2296 4056 quod
2317 3985 2465 4056 prius
2488 3981 2653 4035 modo
2679 3996 2853 4050 caret,

1844 4065 2068 4116 alterum
2125 4062 2414 4118 mentiendi
2468 4062 2854 4135 turpitudinem

1843 4164 1954 4198 non
1977 4147 2153 4198 sentit.
2181 4146 2477 4217 Proponere
2498 4146 2640 4196 enim
2662 4159 2853 4217 potes-

1842 4237 1952 4277 tate
1974 4223 2065 4277 illa
2089 4225 2323 4277 oratoria
2348 4221 2560 4290 dicitur,
2584 4239 2693 4295 qua
2714 4220 2856 4275 indt-
