3200 5159
717 457 841 524 508

1278 459 1370 521 Μ.
1412 456 1639 521 FAssu
1676 454 2239 536 QUINTILIANI

712 582 905 653 enim
938 579 1270 653 recedunt
1301 609 1341 652 a
1371 578 1794 680 praeparatis,
1825 601 1892 651 et
1915 599 2056 651 tota
2079 579 2352 652 actione
2380 592 2396 622 ¹
2434 577 2818 675 respiciunt

712 697 1251 795 requiruntque,
1278 723 1453 767 num
1482 695 1755 794 aliquid
1780 722 1859 766 ex
1889 694 2027 766 illis
2051 692 2389 770 intervelli
2412 706 2466 781 ²,
2498 713 2702 790 atque
2732 718 2820 762 ex

709 832 1026 910 tempore
1062 811 1379 883 dicendis
1414 810 1625 884 inseri
1657 809 1907 909 possit:
1942 807 2132 906 quod
2160 809 2215 880 si
2243 809 2393 898 fiat,
2429 834 2571 879 non
2604 806 2815 878 cohae-

658 911 665 916 ’
707 946 841 1016 ret,
877 952 1005 998 nec
1040 927 1517 999 commissuris
1552 926 1799 1016 modo,
1841 947 1919 997 ut
1967 926 2037 996 in
2080 951 2286 1024 opere
2317 923 2504 996 male
2531 923 2814 1024 juncto,

606 1045 667 1099 18
705 1037 1102 1130 hiantibuS,
1145 1040 1267 1112 sed
1311 1041 1463 1139 ipsa
1507 1039 1754 1112 coloris
1792 1039 2254 1137 inaequalitate
2294 1037 2660 1136 detegitur.
2710 1039 2820 1107 Ita.

704 1183 835 1227 nec
854 1156 1076 1229 liber3
1113 1178 1216 1229 est
1236 1158 1584 1255 impetus,
1614 1182 1740 1228 nec
1765 1182 1930 1228 cura
1960 1176 2311 1244 contexta3
2339 1175 2405 1226 et
2432 1175 2814 1249 utrumque

703 1270 898 1342 alteri
948 1271 1221 1343 obstat:
1275 1269 1396 1341 illa
1445 1271 1638 1341 enim
1656 1267 1712 1360 4,
1761 1296 1915 1366 quae
1962 1270 2211 1369 scripta
2258 1288 2465 1358 sunt,
2516 1268 2815 1337 retinent

704 1386 1060 1477 animum,
1079 1413 1222 1458 non
1241 1406 1661 1482 sequuntur:
1688 1384 1924 1482 itaque
1940 1384 2015 1454 in
2033 1383 2142 1454 his
2155 1381 2549 1456 actionibus
2565 1379 2824 1465 ⁵0mni,.

699 1546 1226 1617 plusquamperfecto
1269 1560 1412 1599 certe
1459 1560 1580 1619 post
1626 1544 1716 1596 illa

698 1635 938 1695 possunt,
966 1635 1174 1690 noceat,
1218 1623 1368 1676 locus
1394 1624 1572 1676 nullus
1597 1641 1713 1675 esse

697 1695 892 1777 potest.
921 1705 1153 1774 Reposni
1176 1707 1354 1777 itaque
1379 1717 1714 1756 constantem

698 1784 956 1837 Codicum
1002 1786 1317 1855 scripturam
1364 1783 1714 1855 eamdemque

697 1864 1049 1933 grammatice
1078 1863 1267 1914 rationi
1308 1880 1467 1935 quam
1491 1864 1715 1915 maxime

701 1954 1140 2004 consentaneam,
1165 1958 1352 2012 parum
1377 1959 1568 1992 curans
1587 1938 1717 1990 deli·

656 2091 659 2094 ·
700 2022 807 2071 cias
832 2039 1043 2086 eorum,
1069 2020 1157 2090 qui
1184 2021 1460 2091 repetitam
1478 2019 1717 2070 termina-

704 2102 904 2151 tionem
922 2101 1026 2151 rint
1046 2097 1291 2150 videntur
1305 2116 1412 2149 non
1436 2094 1635 2149 tulisse.
1649 2129 1717 2137 —

697 2178 1064 2249 Nostrifuerin
1073 2186 1120 2244 t,
1130 2178 1465 2240 occurrerint,
1482 2195 1594 2227 exc.
1609 2176 1714 2226 Ru.

700 2257 762 2324 3,
782 2255 843 2321 5,
873 2258 961 2326 qui
969 2254 1222 2325 fuerant,
1253 2264 1589 2306 occurrerent.
1622 2254 1715 2304 Eo.

777 2352 796 2387 ι
810 2376 822 2388 .
853 2336 984 2387 Tota
1000 2336 1222 2387 actione.
1255 2333 1432 2385 Guelf.
1451 2333 1685 2386 Gothan.
1701 2371 1718 2399 ,

701 2424 826 2464 nota
861 2413 1098 2478 actione,
1130 2431 1253 2463 cum
1288 2416 1443 2464 Voss.
1478 2429 1495 2463 1
1516 2450 1532 2477 ,
1564 2430 1625 2476 π,
1655 2412 1717 2477 3,

698 2494 859 2546 Joan.
881 2495 1025 2545 Jens.
1067 2505 1120 2545 et
1147 2491 1267 2544 edd.
1300 2505 1421 2543 ante
1447 2490 1565 2543 Ald.
1598 2490 1718 2543 Ali-

701 2572 866 2644 quod,
884 2572 1059 2622 Turio.
1086 2570 1150 2621 In
1159 2581 1234 2620 ter
1252 2569 1376 2621 belli
1393 2580 1570 2641 atque,
1588 2572 1713 2621 Tur.

701 2645 980 2699 Inter-valli
1011 2667 1061 2699 a.
1079 2685 1095 2712 ,
1131 2647 1306 2698 Guelf.
1334 2666 1453 2698 cum
1481 2648 1636 2700 Voss.
1669 2665 1714 2713 1,

700 2728 753 2780 3.
782 2724 1081 2778 Intervallis
1094 2745 1174 2789 a.,
1196 2725 1355 2778 Goth.
1379 2727 1538 2778 CAuv.
1564 2727 1595 2777 J
1600 2745 1712 2780 ens·

703 2819 756 2857 et
789 2803 909 2857 edd.
953 2818 1075 2857 ante
1106 2807 1280 2857 Burm.
1317 2806 1409 2875 qui
1440 2823 1468 2855 e
1500 2806 1653 2857 Voss.
1684 2825 1711 2855 2

698 2899 940 2937 nostrum
960 2885 1189 2956 recepit,
1214 2885 1359 2955 quod
1379 2898 1457 2936 est
1481 2886 1638 2936 etiam
1657 2886 1713 2936 in

698 2964 838 3017 Flor.
879 2976 931 3016 et
960 2965 1266 3034 agnoscitur
1301 2965 1355 3014 in
1384 2964 1560 3016 Turio.
1588 2981 1712 3015 cor-

695 3040 920 3114 ruptela.
947 3041 1231 3112 Vulgatum
1265 3040 1392 3093 olim
1424 3041 1714 3095 intervallis

696 3121 998 3175 Obrechtus
1037 3134 1299 3173 commate
1337 3140 1447 3172 non
1469 3135 1594 3194 post
1618 3121 1736 3173 sed·

697 3214 820 3252 ante
844 3199 949 3251 hoc
973 3198 1292 3251 vocabulum
1324 3201 1500 3271 posito
1532 3201 1707 3252 sensui

694 3277 1036 3331 commodum
1055 3277 1278 3335 reddere
1295 3278 1559 3331 tentabat:
1579 3280 1711 3331 frus-

693 3373 789 3411 tra.
813 3358 1063 3425 Dicendi,
1088 3359 1264 3411 Turio.
1284 3355 1422 3410 Flor.
1444 3359 1707 3425 Dicentis,

692 3437 868 3491 Guelf.
894 3438 1105 3501 Inseret,
1128 3441 1279 3490 Voss.
1316 3454 1359 3502 ι,
1393 3457 1441 3490 2.
1472 3439 1704 3502 Possunt,

695 3517 874 3568 Turic.
903 3515 1042 3570 Flor.
1076 3515 1227 3585 Quod
1253 3535 1358 3567 om.
1385 3516 1560 3569 Guelf.
1588 3536 1712 3569 eum

694 3595 851 3646 Voss.
899 3612 942 3645 ι.
975 3594 1197 3660 Vincto,
1239 3594 1403 3646 Csur.
1438 3622 1508 3632 —-·
1531 3595 1711 3648 Nostri

694 3673 864 3725 Codd.
885 3712 901 3740 ,
922 3683 1046 3725 nota
1068 3673 1305 3738 actione,
1333 3693 1444 3726 exc.
1461 3673 1595 3726 Van.
1616 3673 1706 3726 lib.

694 3753 727 3805 a
750 3772 856 3806 see.
879 3771 1038 3804 manu
1060 3755 1305 3823 antiqua,
1321 3756 1413 3826 qni
1438 3753 1584 3806 solus
1600 3764 1711 3805 tota

694 3833 916 3885 actione.
944 3833 1070 3882 Mox
1085 3830 1173 3882 alii
1198 3832 1486 3898 intervelli,
1515 3832 1602 3885 alii
1625 3834 1711 3884 in-

698 3910 933 3975 terualli,
959 3909 1049 3961 alii
1068 3909 1372 3964 intervallis.
1394 3913 1541 3963 Avic.
1560 3911 1707 3963 Poul.

693 3991 801 4042 BR.
820 3991 883 4054 3.,
906 3988 965 4054 5,
991 4005 1071 4054 ιο,
1090 4006 1142 4041 ιι
1173 3985 1227 4041 mi
1251 3989 1391 4063 quod
1412 4003 1533 4041 ante
1553 3986 1713 4061 sifiat

701 4070 969 4119 omittunt.
995 4070 1092 4120 En.

765 4166 813 4199 α.
838 4145 1127 4198 Inter-velli.
1151 4146 1533 4200 Inter-vellendi
1554 4167 1714 4201 voca-

1801 1544 1988 1596 bulum
2025 1547 2078 1595 in
2112 1543 2292 1596 lexicis
2314 1545 2437 1595 satis
2458 1541 2771 1613 explicatum
2796 1577 2824 1606 ,„

1800 1637 1977 1674 aetum
2001 1621 2244 1692 designat
2271 1620 2492 1673 tollendi
2519 1639 2580 1672 ex
2608 1621 2811 1688 integro

1801 1701 1981 1772 aliquo
2020 1719 2084 1752 ea
2110 1719 2223 1771 quae
2251 1700 2412 1751 nimia
2449 1697 2720 1758 videntur;
2763 1710 2815 1748 et

1800 1783 1872 1832 ita
1896 1782 2007 1832 fere
2032 1794 2344 1851 usurpatum
2364 1791 2443 1830 est
2468 1795 2627 1848 supra
2653 1777 2698 1826 X
2714 1813 2731 1841 ,
2749 1793 2778 1845 7
2793 1812 2811 1838 ‚

1800 1857 1848 1911 5.
1899 1858 2041 1910 Alias
2082 1859 2240 1929 igitur
2275 1855 2466 1908 avulsa:
2501 1853 2598 1905 illae
2635 1868 2811 1925 partes

1798 1938 2149 2008 ainciuntur:
2175 1935 2262 1987 hic
2287 1953 2413 1986 vero
2440 1931 2701 1984 intervelli
2717 1951 2813 2003 per

1799 2029 2164 2087 contemptum
2195 2014 2421 2085 aliquem
2446 2011 2637 2063 dicitur
2659 2010 2725 2063 de
2747 2011 2812 2063 iis

1799 2113 1914 2167 quae
1940 2093 2008 2146 ad
2039 2112 2190 2145 usum
2215 2095 2406 2164 raptim
2435 2102 2812 2162 excerpuntur.

1868 2175 1920 2228 3.
1929 2172 2076 2226 liber
2085 2174 2322 2244 impetus,
2336 2174 2530 2223 omisso
2539 2179 2633 2233 est,
2644 2169 2811 2220 Cute.

1803 2256 1984 2325 Optat,
2000 2251 2175 2304 Guelf.
2197 2251 2272 2304 Iis
2290 2250 2604 2315 actionibus,
2629 2250 2805 2300 Tui-ic.

1799 2332 1958 2385 Goth.
1976 2331 2104 2403 (tac.
2114 2331 2306 2402 Gesn.)
2321 2328 2577 2404 Aqricoloe
2590 2328 2808 2393 debent,

1798 2410 1958 2465 Goth.
1984 2413 2121 2477 (tac.
2146 2407 2354 2479 Gesn.).

1869 2491 1919 2557 4.
1958 2488 2068 2541 Illa
2110 2490 2309 2541 enim...
2359 2507 2466 2540 non
2506 2496 2805 2559 sequuntur.

1797 2571 1927 2639 Quae
1950 2582 2241 2641 praeparata
2267 2581 2416 2634 sunt,
2456 2567 2680 2619 retinent
2696 2568 2811 2618 ani—

1797 2667 1968 2716 mum,
1993 2647 2122 2699 dum
2140 2650 2197 2700 in
2224 2647 2279 2699 id
2307 2649 2483 2719 ipsum
2510 2648 2696 2700 intenti
2713 2665 2806 2698 su-

1795 2745 1940 2793 mus,
1958 2739 2017 2778 nt
2043 2729 2346 2779 memoriter
2363 2746 2424 2780 ea
2450 2727 2808 2799 proferamus;

1796 2811 1910 2880 ‹plae
1935 2826 1997 2859 ex
2035 2821 2274 2880 tempore
2316 2806 2597 2873 dicuntur,
2639 2803 2804 2857 libere

1793 2900 2073 2957 vagantem
2094 2888 2328 2938 animum
2344 2888 2493 2958 quasi
2510 2897 2807 2957 sequuntur.

1791 2964 2052 3017 Contrarii
2093 2978 2269 3017 motus
2307 2987 2318 3016 ε
2369 2967 2552 3036 quigse
2579 2964 2800 3015 invicem

1794 3041 2004 3096 tollunt.
2055 3044 2396 3095 Manifestum
2425 3043 2566 3095 hune
2593 3043 2806 3109 Quinti-

1793 3124 1920 3175 liani
1944 3142 2156 3176 sensum
2186 3137 2293 3175 tam
2316 3142 2502 3194 parum
2529 3133 2800 3175 assecutus

1793 3216 1873 3255 est
1910 3199 2211 3255 Obrechtus
2227 3238 2244 3266 ‚
2291 3215 2349 3252 ut
2393 3199 2626 3253 nefando
2675 3217 2803 3251 auso

1789 3282 1949 3354 plane
1977 3283 2338 3336 inter-verteret
2371 3299 2493 3332 eum
2523 3277 2802 3331 scribendo

1791 3380 1855 3413 ex
1882 3361 2190 3430 conjectura
2225 3382 2236 3410 ε
2289 3382 2312 3405 ι
2337 3357 2429 3411 Illa
2474 3361 2641 3423 enim,
2687 3375 2800 3427 quae

1797 3463 1819 3487 α
1842 3440 2036 3512 scripta
2067 3451 2223 3504 sunt,
2264 3440 2491 3491 retinent
2538 3439 2808 3497 animum;

1797 3541 1820 3564 ι
1842 3537 1955 3589 quae
1994 3538 2057 3572 ex
2095 3533 2333 3590 tempore
2374 3515 2599 3569 dicenda
2641 3528 2762 3569 sunt
2784 3552 2801 3580 ,

1799 3621 1821 3644 α
1843 3617 1953 3651 non
1982 3611 2292 3670 sequuntur.
2317 3621 2341 3645 ι

1864 3676 1912 3730 5.
1966 3676 2181 3728 Omni...
2229 3674 2362 3747 pede
2409 3674 2654 3727 standum
2713 3685 2799 3726 est.

1791 3758 2034 3809 Graecum
2056 3751 2146 3822 ἕλᾳ
2165 3753 2282 3806 ποδὶ
2304 3754 2444 3806 idem
2467 3753 2803 3826 proverbium

1793 3854 1907 3888 esse
1919 3874 1935 3899 ,
1952 3853 2108 3888 nemo
2122 3834 2441 3887 dubitaverit
2453 3856 2467 3897 3
2486 3851 2802 3906 quamquam

1792 3934 1904 3970 non
1925 3917 2051 3967 satis
2076 3914 2142 3967 ad
2168 3927 2405 3967 nostrum
2431 3913 2611 3965 locum
2629 3930 2805 3984 appo-

1792 3997 1890 4047 site
1928 3991 2004 4061 ὅλῃ
2039 3990 2229 4060 δυνάμει
2272 3991 2402 4044 illud
2429 4007 2659 4065 exponat
2688 3994 2804 4044 Sui-

1794 4071 1915 4136 das.,
1955 4085 2008 4122 et
2029 4070 2187 4142 plane
2216 4073 2393 4143 inepte
2427 4070 2709 4140 Apostoles
2733 4067 2801 4121 de

1795 4148 2062 4202 celeritate
2086 4149 2275 4220 agendi
2299 4147 2572 4219 intelligat.
2602 4152 2801 4201 Vocem
