3200 5159
828 470 955 549 540

1398 468 1493 532 M.
1535 464 1763 531 FABn
1800 464 2360 549 QmNTlLrANl

823 618 977 664 esse.
1018 591 1320 683 similes;
1378 592 1752 665 verborum
1796 591 2081 690 gratia¹,
2127 618 2346 690 quam
2375 604 2401 634 ²
2444 589 2519 660 in
2567 588 2732 689 ipsis
2778 610 2906 660 non

716 721 788 791 39
822 705 1201 797 habemus,
1239 707 1657 780 extrinsecus
1691 702 2125 781 condienda³
2162 727 2285 777 est.
2327 702 2632 775 Ann0n4
2666 702 2738 773 in
2780 701 2911 801 pri-

818 823 993 896 vatis
1022 845 1092 896 et
1119 823 1427 916 acutus⁵‚
1469 845 1547 896 et·
1573 851 1719 896 non
1755 850 1989 924 asper,
2022 843 2088 895 et
2125 849 2269 894 non
2307 820 2742 893 indistinctus
2758 818 2813 907 ⁶,
2853 838 2911 888 et

900 1027 941 1061 ι.
972 1011 1256 1064 Verborum
1283 1012 1518 1087 qratia...
1544 1010 1836 1063 condienda

822 1099 911 1141 est.
935 1090 1129 1143 Sensus
1145 1092 1474 1143 manifestus.
1493 1090 1700 1156 Gratia,
1724 1108 1837 1161 quae

823 1166 997 1220 verbis
1023 1170 1148 1239 ipsis
1168 1186 1279 1219 non
1298 1170 1435 1220 inest
1448 1206 1466 1234 ,
1485 1170 1837 1231 extrinsecus,

819 1245 876 1297 id
914 1259 994 1299 est
1013 1284 1030 1313 ,
1076 1249 1286 1299 actione
1324 1249 1660 1320 potissimum
1676 1286 1693 1313 ‚
1737 1246 1838 1298 illis

822 1324 1160 1377 concilianda
1171 1365 1188 1393 ‚
1209 1328 1316 1377 sive
1333 1324 1728 1398 compensanda
1741 1338 1838 1377 est.

822 1408 941 1458 Hoc
981 1424 1140 1477 quam
1190 1418 1311 1477 apte
1350 1408 1674 1477 exprimatur
1715 1422 1840 1455 con-

821 1485 1002 1536 diendi
1014 1484 1198 1551 verbo,
1210 1498 1401 1556 sponte
1413 1497 1560 1555 patet
1573 1506 1587 1547 ;
1600 1496 1654 1536 et
1664 1486 1838 1555 ipsum

821 1565 931 1634 jain
970 1565 1155 1631 Quint.
1199 1580 1359 1634 supra
1391 1562 1491 1628 XI,
1532 1561 1595 1627 3,
1629 1564 1724 1614 182
1773 1557 1839 1611 de

823 1637 1035 1694 actione
1054 1641 1212 1695 verba
1226 1644 1473 1712 juvante,
1507 1660 1659 1702 usurn
1678 1659 1741 1693 eo
1765 1642 1843 1691 vi-

823 1722 1016 1774 dimus.
1045 1724 1319 1774 Haeserunt
1345 1735 1520 1773 tamen
1546 1739 1729 1773 omnes
1755 1718 1840 1771 hic

824 1801 881 1852 in
915 1818 1009 1865 eo,
1053 1799 1199 1871 quod
1237 1804 1411 1872 ipsum
1442 1800 1840 1852 condimentum

824 1878 914 1931 hic
929 1878 1169 1931 videatur
1182 1878 1289 1930 dici
1303 1877 1680 1930 condiendum.
1697 1878 1845 1945 Qua-

826 1975 883 2007 re
895 1958 1036 2008 varie
1058 1958 1289 2008 tentatus
1304 1969 1383 2008 est
1402 1955 1580 2008 locus:
1603 1956 1697 2008 sed
1716 1957 1846 2008 frus-

802 2078 811 2089 .
827 2049 910 2086 tra
930 2053 942 2082 :
963 2054 1084 2087 nam
1103 2037 1390 2088 certissima
1407 2048 1485 2086 est
1500 2034 1607 2086 loci
1622 2034 1846 2107 explica·

827 2119 934 2182 tio,
958 2118 1013 2166 in
1035 2134 1192 2187 quam
1217 2115 1440 2186 digitum
1463 2114 1593 2166 mihi
1617 2114 1845 2167 intendit

830 2194 1127 2248 Boeckhius
1149 2213 1327 2260 meus,
1370 2196 1591 2265 gratiam
1626 2192 1713 2245 hic
1744 2192 1845 2246 sibi

830 2272 992 2326 videri
1016 2274 1198 2327 dicens
1224 2293 1338 2327 esse
1361 2273 1492 2326 illud
1511 2273 1655 2346 quod
1677 2270 1845 2345 effici·

830 2363 918 2406 tur
931 2352 1238 2405 condiendo.
1264 2352 1564 2404 verissime.
1591 2354 1681 2403 Est
1707 2352 1846 2402 enim

828 2434 997 2502 gratia
1025 2451 1201 2502 neque
1225 2430 1405 2496 cibus,
1444 2448 1619 2502 neque
1657 2428 1847 2482 condi-

831 2524 1098 2576 mentum,
1123 2510 1215 2563 sed
1238 2529 1413 2580 sapor.
1439 2511 1555 2561 Jam
1580 2510 1718 2562 cibos
1732 2512 1846 2580 qui-

831 2588 955 2641 dem
990 2589 1200 2642 condire
1242 2588 1437 2640 dicitur
1468 2606 1674 2657 coquus
1697 2610 1709 2638 :
1755 2587 1847 2640 sed

834 2671 950 2740 quis
976 2687 1085 2720 non
1123 2669 1260 2719 ferat
1288 2668 1531 2719 eumdem
1570 2670 1730 2719 etiam
1761 2668 1847 2720 di-

833 2759 1039 2800 centem
1075 2769 1096 2793 «
1119 2764 1218 2816 ego
1245 2746 1340 2798 tibi
1368 2746 1528 2798 hodie
1557 2745 1717 2817 hujus
1742 2740 1847 2799 cibi

837 2848 860 2872 α
881 2824 1129 2877 cundiam
1156 2843 1400 2896 saporem
1432 2843 1628 2877 novum
1649 2828 1846 2897 jucun-

839 2927 861 2951 «
882 2903 1194 2957 dissimum?
1217 2926 1241 2952 ιι

906 3001 954 3036 2.
1017 2982 1248 3053 Quam...
1300 2984 1556 3035 habemus.
1607 2983 1845 3037 Rollinus

832 3061 1149 3133 conjiciebat
1174 3083 1184 3112 ε
1218 3079 1381 3134 quam
1406 3070 1465 3113 ut
1490 3062 1589 3134 ipsi
1619 3081 1724 3115 non
1755 3063 1846 3115 ha·

835 3143 1028 3194 bemus.
1055 3143 1148 3193 Ee.

904 3220 955 3272 3.
979 3220 1293 3273 Gondienda.
1311 3220 1487 3273 Guelf.
1504 3224 1647 3275 JenS.
1661 3225 1815 3276 Tarv.
1829 3262 1846 3290 ‚

833 3300 1173 3353 concidenda.
1203 3301 1387 3351 Lot-at.
1403 3303 1534 3353 Ven.
1552 3302 1678 3353 Bad.
1695 3342 1712 3369 ‚
1725 3322 1847 3355 con-

834 3380 1070 3432 dic-enda.
1100 3409 1171 3418 -—
1203 3380 1383 3432 Nostri
1423 3378 1553 3432 dant
1594 3380 1683 3433 alii
1719 3401 1846 3435 con-

833 3458 1051 3525 diendo,
1076 3457 1165 3510 alii
1189 3455 1520 3509 concidenda.
1549 3459 1642 3509 En.

906 3539 956 3605 4.
978 3539 1192 3590 Annon.
1212 3537 1388 3589 Gueli'.
1417 3539 1593 3603 Jens.‚
1629 3549 1687 3590 at
1710 3558 1843 3605 non,

834 3631 887 3670 et
909 3631 1047 3688 post.
1083 3629 1206 3668 ante
1230 3615 1347 3667 Ald.
1388 3616 1500 3668 Aut
1526 3636 1663 3683 non,
1696 3619 1843 3669 Rern.

835 3695 983 3767 quod
1004 3714 1111 3747 non
1132 3693 1377 3767 displicet
1398 3716 1410 3745 z
1435 3709 1574 3748 esset
1599 3700 1738 3748 enim
1764 3716 1848 3748 re-

835 3775 1097 3848 darguens
1126 3772 1257 3825 illud
1283 3783 1403 3839 aut,
1429 3788 1615 3827 contra
1640 3794 1732 3827 eos
1759 3778 1849 3846 qui

834 3854 1183 3927 praecedentia
1199 3867 1395 3923 negant
1411 3876 1423 3905 ε
1442 3871 1549 3906 non
1571 3869 1747 3907 autem
1762 3875 1849 3908 so-

835 3933 947 3986 lum
967 3974 984 3999 ,
1032 3949 1092 3986 ut
1132 3935 1286 3986 toties
1303 3972 1328 4001 >‚
1374 3936 1847 4006 interrogationem

835 4012 1126 4066 inchoaret.

855 4116 865 4123 ·
908 4089 959 4142 5.
986 4091 1059 4141 Et
1078 4100 1275 4142 acutus.
1300 4092 1571 4143 Tur-icens.
1593 4091 1734 4142 Flor.
1750 4129 1767 4158 ‚
1792 4102 1853 4145 ut

830 4177 1041 4233 acutus,
1084 4167 1185 4239 (an
1207 4170 1308 4222 fuit
1330 4172 1386 4222 in
1412 4171 1475 4223 iis
1500 4188 1615 4241 quae
1646 4189 1771 4226 mox
1791 4173 1849 4225 in

1918 1008 2101 1061 iisdem
2126 1009 2294 1062 codd.
2320 1007 2704 1061 interciderunt
2726 1007 2796 1056 ita
2817 1021 2910 1054 non

1917 1092 2101 1160 asper?
2136 1090 2219 1143 Sic
2243 1089 2430 1140 melius
2455 1089 2680 1139 fortasse
2708 1084 2914 1153 negativi

1918 1186 2103 1220 sensus
2128 1167 2546 1240 praecedentibus
2584 1177 2913 1217 annecteren-

1920 1247 2042 1318 tur).
2075 1248 2149 1298 Et
2168 1247 2352 1311 acutis,
2379 1248 2525 1297 Jens.
2555 1257 2609 1295 et
2639 1255 2780 1315 post.
2807 1258 2915 1292 curn

1919 1328 2038 1396 ipso
2062 1325 2182 1378 ΑΜ.
2220 1339 2341 1377 ante
2373 1323 2499 1375 Bad.
2541 1325 2600 1374 In
2626 1340 2771 1394 seqq.
2801 1338 2915 1392 pro-

1920 1405 2041 1456 clivi
2056 1424 2234 1456 errore
2251 1407 2390 1456 varie
2406 1405 2669 1455 omittitur
2685 1404 2741 1452 in
2760 1398 2914 1454 codd.

1919 1483 1995 1533 Et
2027 1500 2137 1534 non
2176 1501 2326 1554 asper
2362 1492 2414 1532 et
2458 1499 2566 1534 non
2608 1480 2783 1534 indist.
2821 1497 2913 1530 om.

1919 1560 2097 1614 Turic.
2121 1556 2266 1613 Flors
2288 1581 2408 1615 cum
2424 1560 2562 1612 Alm.
2580 1560 2657 1611 Et
2671 1577 2772 1610 non
2787 1576 2919 1629 asper

1922 1642 2162 1692 omittere
2178 1639 2582 1693 dicunturVoss.
2611 1657 2658 1705 1,
2685 1638 2734 1689 3.
2755 1638 2840 1707 (an
2863 1637 2918 1687 2?

1922 1739 2046 1772 nam
2085 1739 2148 1772 ex
2174 1721 2225 1773 3.
2258 1738 2348 1791 ap.
2387 1721 2558 1771 Burni.
2590 1738 2717 1771 mox
2747 1720 2917 1771 iterum

1924 1800 2146 1850 affertur
2166 1797 2301 1851 hoc:
2328 1809 2539 1866 acutus,
2566 1798 2916 1862 indistinctus).

1922 1876 2047 1928 Non
2072 1890 2287 1949 asperet
2313 1896 2419 1929 non
2457 1896 2561 1929 om.
2595 1876 2773 1928 Guelf.
2812 1894 2918 1926 cum

1924 1957 2074 2008 Bern.
2092 1955 2299 2025 (acutus
2314 1966 2368 2006 et
2383 1954 2755 2025 indistinctus).
2773 1953 2922 2024 Super

1924 2035 2156 2099 modum,
2171 2033 2402 2087 Florent.
2421 2034 2598 2088 Guelf.
2615 2036 2916 2105 Semper-m,

1922 2114 2100 2166 Turic.
2127 2113 2402 2181 Elevatus,
2420 2116 2598 2167 Turic.
2635 2114 2776 2167 Flor.
2813 2130 2920 2165 cum

1923 2192 2061 2246 Alm.
2077 2195 2132 2247 V
2128 2194 2307 2247 ixionis
2320 2214 2419 2267 pro
2435 2194 2653 2268 insignis
2668 2190 2916 2245 Guelferb.

1929 2275 2060 2326 Cum
2088 2274 2281 2345 Scipio,
2299 2277 2452 2327 Voss.
2478 2291 2521 2325 r.
2553 2273 2623 2326 In
2652 2272 2919 2346 eloquendo

1924 2351 2043 2404 vide
2067 2352 2135 2404 ad
2160 2350 2206 2423 §.
2236 2353 2322 2406 35.
2357 2350 2530 2406 Velud
2549 2356 2737 2419 attico,
2759 2352 2917 2403 Tur-ic.

1932 2431 1994 2486 V.
2020 2433 2187 2500 actio,
2213 2432 2353 2485 Flor.

1998 2512 2048 2563 6.
2074 2514 2201 2566 Non
2223 2512 2562 2565 indistinctus.
2583 2510 2732 2580 Quid
2749 2511 2813 2563 sit
2824 2526 2923 2560 ora-

1928 2591 2001 2641 tio
2023 2591 2266 2643 distincta
2277 2631 2295 2659 ,
2316 2611 2427 2644 non
2446 2590 2737 2662 petendum
2757 2608 2818 2641 ex
2833 2588 2920 2651 xl,

1928 2669 1960 2721 3
1978 2707 1994 2734 ,
2022 2670 2120 2735 35,
2155 2668 2247 2721 ubi
2272 2669 2339 2721 de
2362 2672 2803 2740 pronunciatione
2825 2680 2920 2718 tan·

1927 2761 2041 2799 tum
2068 2750 2265 2818 agitur,
2293 2748 2386 2800 sed
2412 2767 2474 2801 ex
2497 2753 2569 2815 V,
2606 2750 2702 2816 14,
2727 2747 2819 2812 33,
2840 2744 2920 2796 uhi

1928 2840 1988 2878 ut
2009 2830 2272 2900 praecipua
2312 2843 2748 2899 argumentorum
2776 2826 2919 2877 virtus

1926 2907 2145 2977 ponitur
2171 2929 2194 2953 ιι
2215 2925 2388 2959 sermo
2412 2925 2575 2979 purus
2598 2920 2651 2959 et
2677 2902 2919 2957 dilucidus

1935 3008 1956 3032 οι
1979 2998 2031 3037 et
2070 2985 2421 3050 distinctus.»;
2452 2999 2505 3038 et
2546 3002 2609 3038 ex
2639 2987 2729 3050 w,
2755 3002 2813 3049 2,
2835 2981 2919 3044 36,

1927 3065 2019 3116 ubi
2033 3064 2101 3117 de
2115 3069 2418 3118 narratione
2432 3078 2615 3136 aperta
2637 3078 2692 3117 ct
2705 3059 2918 3115 dilucida

1926 3146 2235 3216 requiritur,
2261 3159 2319 3197 ut
2345 3148 2410 3198 sit
2438 3144 2726 3196 «distincta
2752 3141 2919 3198 rebus,

1934 3245 1958 3269 «ι
1974 3226 2242 3294 personis,
2258 3223 2587 3296 temporibus
2600 3261 2616 3287 ‚
2632 3237 2736 3275 etc.
2754 3246 2776 3269 ι
2802 3219 2921 3271 Con·

1928 3316 2005 3353 tra
2063 3302 2410 3354 «inordinata
2450 3312 2548 3352 aut
2582 3301 2872 3354 indistincta
2896 3318 2916 3341 ι

1927 3381 2043 3434 vnl
2054 3419 2072 3447 ,
2084 3399 2112 3432 α
2127 3419 2142 3447 ,
2162 3380 2226 3432 23
2239 3382 2321 3447 ,in
2335 3382 2715 3452 perspicuitate
2729 3393 2918 3450 ponun-

1930 3472 2015 3510 tur
2027 3474 2086 3510 ut
2105 3461 2369 3511 contraria
2380 3457 2625 3511 dilucidis
2645 3472 2699 3510 et
2722 3455 2917 3529 apertis-

1927 3539 2162 3611 Apparet
2184 3540 2342 3608 igitur
2364 3537 2456 3609 huj
2464 3556 2524 3590 us
2536 3539 2744 3589 virtutis
2756 3535 2917 3586 locum

1928 3619 1982 3668 in
2026 3620 2170 3670 tenui
2206 3618 2540 3690 potissimum
2575 3636 2771 3687 genere
2793 3630 2918 3674 esse,

1928 3701 2081 3769 cujus
2119 3711 2242 3749 sunt
2278 3716 2447 3749 causae
2483 3699 2714 3769 privatae.
2757 3697 2918 3763 Quum

1928 3778 2086 3847 igitur
2099 3780 2153 3829 in
2177 3776 2259 3829 his
2279 3795 2387 3828 non
2406 3777 2767 3829 indistinctum
2781 3773 2919 3824 Cice·

1928 3874 2113 3908 ronem
2146 3855 2398 3927 praedicat
2437 3856 2652 3923 Quint,
2685 3872 2800 3915 ,non
2826 3849 2917 3901 hoc

1928 3933 2083 3999 dicit,
2104 3934 2458 3986 indistinctum
2483 3933 2610 3986 alias
2633 3934 2816 3996 fuisse,
2842 3926 2921 4000 qui

1927 4012 2064 4064 Dial.
2083 4011 2150 4064 de
2170 4014 2315 4066 Orat.
2341 4015 2432 4078 18,
2457 4012 2562 4065 hoc
2580 4014 2697 4085 ipso
2723 4007 2919 4062 nomine

1929 4104 1989 4143 ut
2002 4092 2271 4144 diktinctus
2292 4090 2535 4143 Graccho
2557 4104 2609 4143 et
2621 4089 2808 4142 Crasso
2832 4101 2920 4154 op-

1927 4172 2174 4246 ponitur;
2194 4169 2291 4226 sed
2306 4173 2362 4224 in
2379 4170 2482 4225 inis
2502 4172 2676 4225 causis
2690 4168 2926 4222 demone
