3200 5159
681 518 1335 589 INSTITUTIONIS
1371 518 1629 585 ORAT.
1670 520 1830 585 LIB.
1869 521 1958 592 Χ,
2010 542 2063 585 t.

2332 511 2424 606 39

317 640 542 732 dius¹,
580 642 848 742 egregie
868 700 885 731 ,
917 642 1158 741 utique
1192 642 1265 713 in
1295 642 1491 714 libris
1524 641 1691 714 belli
1718 643 2135 741 germanici,
2169 640 2429 742 praesti-

318 756 444 846 tit,
473 783 726 856 genere
754 758 904 857 ipso
932 757 1311 858 probabilis
1339 756 1413 830 in
1439 757 1808 847 omnibuS,
1839 757 1959 829 sed
1990 758 2060 830 in
2078 771 2102 802 ²
2136 756 2429 856 quibus-

322 869 493 943 dam
548 873 688 945 suis
739 870 931 971 ipse³
974 871 1236 944 viribus
1291 869 1545 943 minor.
1588 869 1962 971 Superest4
2008 870 2238 978 adhuc
2257 869 2308 961 ⁵,
2361 891 2430 943 et

319 1009 608 1061 exornat
631 988 839 1062 aetatis
863 1009 1114 1061 nostrae
1135 988 1428 1088 gloriam
1449 1045 1469 1079 ‚
1498 988 1601 1059 vir
1627 988 2019 1061 seculorum
2047 987 2431 1061 ⁶memoria

319 1102 653 1202 dignus⁷‚
681 1105 801 1203 qui
839 1105 1012 1177 olim
1049 1103 1555 1194 nominabitur,
1597 1131 1793 1177 nunc
1832 1104 2276 1203 intelligitur:
2307 1104 2430 1178 ha-

316 1299 521 1369 mauu)
552 1302 695 1372 quia.
732 1300 909 1355 Guelf.
929 1340 949 1368 ,
984 1301 1185 1373 Quem,
1217 1321 1338 1354 cum

322 1381 484 1430 Voss.
517 1393 573 1445 t,
603 1381 652 1432 3.
681 1409 753 1420 —
779 1383 960 1433 Nostri
992 1384 1194 1452 Quam,
1224 1401 1337 1434 exc.

316 1460 442 1511 Put.
477 1462 612 1511 Prat.
652 1460 715 1511 R.
766 1476 862 1524 to,
899 1463 989 1532 qui
1025 1462 1207 1532 Quem.
1242 1464 1335 1515 Eu.

318 1566 389 1577 —
417 1537 733 1591 Praecedens.
755 1540 932 1592 Tui-ic.
948 1577 964 1605 ‚
985 1540 1233 1612 pendens.

403 1632 422 1667 t
437 1654 449 1666 .
469 1613 732 1688 Aufidius.
753 1616 933 1669 Guelf.
947 1656 964 1682 ‚
983 1618 1245 1670 Assiduus.
1260 1619 1337 1669 Ex

321 1697 478 1746 Voss.
522 1695 558 1748 3
598 1696 843 1748 Auidium.
871 1727 947 1737 —
971 1698 1152 1750 Bassus
1185 1695 1339 1770 Aufi-

314 1773 451 1826 dius.
488 1773 570 1824 Ab
603 1773 760 1844 hujus
793 1773 1200 1846 (historiarum)
1232 1775 1335 1829 fine

319 1851 646 1906 avunculum
675 1872 831 1906 suum
859 1873 1036 1906 rerum
1067 1869 1337 1925 gestarum

313 1934 483 1987 libros
502 1933 805 2000 condidisse
833 1936 1004 1987 xxx}
1037 1949 1216 1987 narrat
1227 1935 1337 1986 Pli-

314 2016 440 2066 nius
473 2016 647 2065 minor
673 2015 839 2085 Epist.
869 2017 972 2081 111,
1002 2014 1067 2083 5,
1096 2015 1149 2068 6.
1187 2016 1333 2068 Lecti

313 2106 468 2146 erant
499 2091 557 2144 hi
597 2093 788 2146 Aufidii
823 2094 943 2146 libri
976 2096 1085 2165 jam
1123 2096 1332 2148 Senecae

314 2174 495 2245 patri,
526 2170 696 2241 elogia
730 2173 1001 2225 Ciceronis
1033 2172 1157 2225 inde
1189 2172 1333 2226 haud

316 2250 484 2303 dubie
529 2253 820 2321 proferenti
862 2254 916 2304 in
961 2254 1208 2306 suasoria
1246 2254 1331 2305 vt.

315 2332 500 2399 Quare
519 2328 697 2395 illum,
716 2335 897 2403 cnjus,
920 2350 1239 2403 quamquain
1259 2351 1338 2385 se-

317 2412 401 2462 nis
443 2409 772 2474 admodum,
814 2410 981 2464 multa
1015 2430 1139 2463 cum
1177 2412 1334 2464 laude

319 2491 560 2540 meminit
591 2491 649 2541 L.
683 2491 916 2556 Seneca,
951 2492 1119 2562 Epist.
1151 2492 1334 2558 XXX,

317 2568 484 2620 fllium
510 2566 650 2620 illius
673 2569 837 2621 fuisse
857 2571 1194 2640 suspicantur
1211 2570 1333 2641 Lip-

319 2650 427 2700 sius
453 2660 503 2699 et
522 2646 683 2699 Gerh.
703 2649 792 2699 Jo.
813 2649 1031 2701 Vossius
1048 2646 1137 2719 (de
1157 2649 1333 2700 Histo-

319 2726 440 2776 ricis
463 2725 603 2776 Latt.
630 2727 679 2788 t,
708 2724 815 2796 υ).

390 2824 438 2858 2.
465 2805 570 2858 Sed
589 2806 660 2856 in.
682 2803 1025 2858 Turia-Pion
1046 2803 1068 2874 (
1082 2803 1171 2857 hic
1194 2823 1226 2858 a
1247 2825 1330 2878 pr.

315 2885 501 2956 manu)
528 2887 797 2938 omittunt.

388 2965 440 3017 3.
457 2965 578 3018 Suis
592 2965 714 3038 ipse.
729 2966 905 3017 Turic-
924 2964 1062 3019 Flor.
1080 3002 1096 3030 ‚
1113 2965 1189 3018 υἷε
1207 2965 1327 3036 ipse.

316 3044 589 3098 Guelferb.
617 3045 722 3116 ipse
743 3047 938 3097 omittit
957 3063 1079 3096 eum
1102 3048 1254 3096 VosS.
1277 3046 1329 3098 3.

315 3127 612 3194 Utrumque
631 3124 828 3175 omittit
844 3123 1006 3175 Cntr.
1025 3140 1149 3174 cum
1162 3121 1328 3175 Goth.

316 3204 471 3256 Voss.
503 3220 530 3254 2
547 3239 564 3268 ‚
590 3215 642 3253 et
662 3201 785 3254 edd.
813 3215 936 3254 ante
961 3201 1116 3254 Basil.

387 3282 440 3348 4.
461 3282 717 3351 Superest.
736 3281 912 3332 Turio.
926 3317 945 3346 ‚
964 3298 1120 3351 super
1137 3281 1275 3350 εῘιιςς
1299 3298 1330 3332 a

317 3380 423 3414 sec.
452 3378 610 3411 manu
634 3376 867 3411 sermone
888 3360 1120 3430 superior
1138 3359 1259 3427 ejus.

391 3441 442 3494 5.
463 3439 681 3503 Adhuc,
702 3451 768 3491 et.
789 3440 965 3490 Tur-ic.
992 3437 1130 3490 Flor.
1153 3436 1279 3508 (bic
1298 3456 1329 3490 a

317 3539 399 3593 pr.
425 3518 610 3590 manu)
629 3517 701 3568 ad
724 3516 849 3582 hoc,
877 3518 1071 3569 omisso
1095 3526 1162 3568 et.

389 3600 441 3652 6.
470 3598 745 3651 Memorid.
767 3599 947 3650 Tur-io.
976 3594 1115 3648 Flor.
1145 3593 1269 3668 (hic
1299 3613 1332 3649 ι

317 3697 401 3751 pr.
429 3676 614 3747 manu)
635 3677 914 3728 memor-im.

390 3773 441 3826 7.
466 3756 708 3828 Superest
737 3754 991 3807 aalma...
1024 3754 1106 3807 vir
1126 3753 1329 3806 seculo-

315 3837 438 3888 ruat'
475 3835 731 3887 memoria
766 3833 972 3907 dignus.
1002 3857 1024 3880 ι
1045 3834 1138 3886 ula
1162 3834 1329 3902 Quin·

321 3940 350 3964 a
369 3916 535 3968 tiliani
568 3916 792 3967 fortasse
824 3913 892 3966 ad
917 3916 1161 3966 Tacitum
1193 3914 1329 3965 refe-

323 4008 573 4047 ·runtur.
609 3994 833 4064 Ambigo
868 3992 1022 4058 ideo,
1057 3993 1184 4063 quia
1215 3990 1328 4043 brec

328 4096 352 4122 σι
369 4078 485 4127 vivo
511 4075 812 4126 Domitiano
835 4072 1029 4124 Fabius
1058 4074 1328 4143 scripsisse

329 4175 354 4201 ι
369 4153 591 4206 videtur.
605 4153 767 4224 Atqui
782 4165 962 4204 noster
974 4165 1102 4204 tunc
1113 4190 1130 4218 ‚
1145 4165 1204 4203 ut
1218 4153 1331 4224 opi·

325 4251 495 4296 «nor,
517 4232 591 4284 nil
625 4231 944 4303 vulgaverat.
967 4255 990 4279 n
1022 4233 1231 4304 Lipsius
1271 4233 1326 4283 iu

1418 1304 1845 1355 testimoniorum
1869 1300 1938 1354 de
1959 1303 2146 1353 Tacito
2168 1302 2431 1353 recensio·

2474 874 2575 943 104

1419 1402 1505 1434 ne.
1519 1382 1741 1435 Plinium
1755 1383 2007 1452 majorem
2018 1381 2295 1452 significari
2306 1399 2429 1458 cum
2522 1419 2549 1446 x

1420 1461 1533 1513 aliis
1577 1474 1734 1533 putat
1778 1475 1828 1515 et
1870 1460 2121 1513 defendit·
2144 1462 2428 1518 Gesnerus.

1417 1542 1747 1592 Burmannus
1774 1539 1922 1610 (quae
1956 1552 2009 1592 et
2038 1538 2279 1612 Gedoyni
2308 1557 2430 1591 sen-

1419 1619 1606 1690 tentia)
1626 1633 1870 1672 neutrum
1888 1618 2288 1690 intelligendum
2310 1636 2430 1669 cen-

1418 1713 1517 1762 set,
1532 1700 1781 1771 idemque
1796 1703 2097 1772 suspicatur
2108 1702 2163 1752 in
2180 1701 2281 1751 isto
2300 1717 2426 1764 rem,

1415 1778 1497 1831 vel
1519 1779 1713 1830 mnitti
1730 1779 1871 1847 (vide
1892 1797 1944 1849 p.
1965 1797 2077 1850 seq.
2096 1790 2207 1829 not.
2233 1777 2285 1848 α)
2306 1776 2430 1829 late-

1413 1876 1472 1910 re
1495 1875 1691 1910 nomen
1714 1858 1942 1929 alicujus
1962 1857 2217 1910 historici.
2247 1879 2271 1903 κ
2290 1857 2428 1908 Nam

1421 1937 1576 1990 «haec
1617 1937 1814 2003 verba,
1850 1939 2053 2009 inquit,
2096 1953 2311 1989 necesse
2347 1949 2430 1989 est

1420 2039 1443 2064 ι
1463 2003 1655 2089 capere
1685 2017 1753 2070 de
1788 2017 2001 2090 aliquo,
2032 2019 2121 2088 qui
2153 2015 2427 2068 historiam

1419 2118 1442 2143 ι
1462 2115 1613 2148 suum
1629 2134 1647 2162 ‚
1680 2110 1964 2169 antequam
1991 2094 2170 2148 ederet
2188 2133 2204 2161 ‚
2233 2097 2426 2147 recita-

1420 2198 1442 2222 ιι
1462 2177 1536 2227 vit
1556 2197 1570 2239 ;
1617 2194 1733 2247 quse
1778 2195 1938 2248 quum
1981 2175 2245 2227 liberrime
2288 2188 2427 2227 esset

1419 2277 1443 2303 σι
1463 2257 1689 2328 scripta,
1714 2257 1862 2309 fuere
1888 2255 2124 2330 quedam
2148 2274 2262 2327 quae
2285 2253 2426 2326 dixe-

1420 2356 1443 2381 ·
1465 2345 1546 2387 rat
1576 2337 1887 2388 circumcisa
1905 2373 1920 2400 ‚
1957 2348 2008 2387 et
2035 2339 2107 2388 ita
2135 2333 2345 2386 libertas
2375 2335 2425 2385 ei

1419 2434 1443 2460 σι
1462 2415 1665 2465 nocuit.
1688 2436 1709 2460 ιι
1750 2413 1972 2465 Plinium
1997 2407 2206 2485 quidem
2223 2450 2240 2476 .,
2266 2411 2424 2484 quid-

1415 2492 1544 2564 quid
1563 2492 1632 2544 ad
1652 2493 2131 2545 commendandum
2147 2491 2304 2544 talem
2319 2491 2424 2544 loci

1411 2569 1740 2624 intellectum
1761 2589 1946 2624 eruere
1967 2569 2066 2624 sibi
2082 2569 2286 2622 videtur
2298 2571 2425 2623 Ges·

1413 2668 1571 2703 net-us
1589 2669 1620 2704 e
1640 2650 1871 2703 Pliniana
1885 2688 1901 2716 ‚
1924 2669 2080 2722 quam
2104 2647 2264 2701 modo
2285 2648 2424 2703 indi-

1411 2731 1524 2782 cavi
1537 2768 1553 2794 ‚
1570 2729 1795 2800 epistola
1806 2767 1824 2793 .,
1838 2729 2119 2781 manifesto
2136 2742 2279 2780 arcet
2295 2741 2424 2780 tem-

1410 2827 1605 2881 porum
1630 2809 1764 2861 ratio
1781 2846 1798 2874 ,
1824 2825 1986 2878 quum
2015 2809 2168 2859 nimis
2195 2806 2423 2859 incredi-

1411 2886 1518 2939 bile
1545 2889 1612 2939 sit
1648 2886 1762 2939 hoec
1799 2904 1830 2937 a
1867 2887 2049 2954 Quint.
2085 2888 2277 2957 scripta
2307 2887 2421 2955 jam

1410 2967 1573 3018 fuisse
1622 2979 1746 3018 ante
1801 2964 2089 3017 Domitiani
2141 2967 2422 3036 imperium

1411 3042 1609 3116 (quum
1630 3042 1752 3095 Tiro
1782 3045 2072 3113 imperante
2097 3043 2294 3095 Plinius
2322 3062 2421 3115 pe-

1410 3123 1617 3195 rierit),
1648 3120 1742 3173 illo
1776 3135 1953 3174 autem
1982 3140 2154 3173 rerum
2182 3124 2421 3194 potiente

1410 3215 1688 3255 reu-aetate
1733 3200 1895 3253 modo
1936 3216 2095 3272 atque
2137 3200 2293 3253 edita.
2335 3202 2419 3255 Sic

1411 3284 1550 3335 enim
1570 3280 1708 3333 hanc
1727 3278 2092 3332 difficultatem
2107 3279 2312 3332 amoliri
2329 3299 2419 3332 co·

1411 3373 1568 3413 natur
1589 3360 1750 3412 Gesn.
1775 3358 2048 3430 Quidquid
2073 3359 2226 3411 nobis
2250 3361 2419 3412 offer-

1412 3451 1498 3490 tur
1532 3440 1586 3491 in
1622 3437 1770 3489 hisce
1807 3439 2202 3488 Institutionum
2238 3437 2418 3502 libris,

1413 3536 1735 3589 quamquam
1759 3507 2067 3568 meditaium
2090 3515 2183 3567 diu
2212 3531 2264 3569 et
2290 3536 2420 3588 pro·
2498 3564 2511 3572 .

1409 3595 1593 3649 batum
1617 3614 1645 3646 a
1665 3608 1873 3647 maturo
1890 3593 2164 3646 scribentis
2178 3595 2390 3665 ingenio
2402 3635 2420 3664 ‚

1412 3679 1643 3747 speciem
1673 3689 1848 3727 tamen
1879 3674 2042 3727 habet
2071 3688 2261 3746 sponte
2285 3690 2336 3728 et
2357 3676 2422 3729 il·

1409 3756 1514 3808 lieo
1534 3756 1824 3821 nascentis,
1839 3774 1948 3807 non
1962 3756 2268 3826 praeparati,
2290 3774 2419 3827 ope-

1409 3837 1543 3888 risve
1558 3848 1825 3906 tamquam
1841 3854 1903 3886 ex
1919 3835 2121 3907 pridem
2138 3834 2418 3888 artificiose

1409 3913 1588 3986 politis
1601 3913 1934 3987 edolatisque
1948 3916 2127 3966 frustis
2137 3917 2420 3987 compositi

1370 4029 1381 4040 .
1407 4007 1460 4046 et
1484 3991 1752 4046 tessellati.
1776 3994 1888 4045 Nec
1913 4006 2123 4065 poterat
2153 3995 2273 4046 ferri
2301 3994 2418 4048 talis

1406 4072 2417 4144 commemoratio‚velntviventis‚quam

1406 4151 1537 4206 nulli
1561 4165 1707 4208 certo
1732 4150 1937 4203 homini
1959 4165 2097 4205 esset
2123 4155 2419 4224 assignatu-

1405 4250 1497 4286 rus
1526 4232 1612 4285 vel
1648 4232 1995 4303 peritissimus
2033 4231 2217 4297 lector,
2252 4250 2416 4305 quum
