3200 5159
669 496 1327 564 INSTITUTIONIS
1363 497 1622 563 ORAT.
1664 499 1827 564 LIB.
1866 499 2026 580 XII,
2077 524 2176 567 10.

374 623 554 694 nulli
582 649 727 695 non
765 623 1124 721 agentium
1159 643 1394 721 parata
1425 623 1614 722 vulgi
1655 651 1915 698 corona
1956 649 2081 699 est.
2125 625 2266 699 Ubi
2315 653 2478 701 vero
2517 631 2584 706 75

2354 501 2481 588 569

372 737 545 836 quid
570 738 966 838 exquisitius
986 755 1001 784 ¹
1039 739 1305 811 dictum
1336 740 1590 811 accidit
1621 739 1910 813 auribus
1938 742 2433 843 imperitorum
2458 801 2478 835 ,

375 851 866 951 qualecunque
912 852 1026 944 id,
1065 852 1257 952 quod
1296 853 1509 926 modo
1543 881 1616 926 se
1667 854 1800 954 ipsi
1834 882 2034 954 posse
2078 856 2483 958 desperent,

373 966 587 1039 habet
619 968 1157 1040 admirationem
1172 1000 1191 1059 ;
1240 995 1472 1066 neque
1521 968 1908 1059 immerit03
1953 998 2120 1042 nam
2167 998 2256 1044 ne
2300 972 2481 1044 illud

375 1084 669 1182 quidem
692 1084 897 1157 facile
926 1106 1066 1158 est:
1101 1087 1223 1158 sed
1249 1107 1669 1158 evanescunt
1707 1087 1852 1158 haec
1884 1108 2096 1187 atque
2131 1089 2483 1160 emoriun-

376 1213 529 1269 tur²
558 1201 1073 1298 comparatione
1095 1200 1471 1273 meliorum
1491 1259 1510 1293 ,
1533 1218 1607 1273 ut
1638 1200 1844 1276 lana³
1878 1209 2089 1275 tincta
2095 1206 2278 1304 fhco
2307 1211 2482 1278 citra

372 1386 680 1440 proponens
702 1410 718 1437 ,
771 1369 912 1423 hane
968 1371 1380 1443 appellationem

371 1468 482 1501 non
501 1454 666 1520 magis
686 1451 906 1522 probat;
927 1471 1052 1504 nam
1072 1471 1135 1503 ex
1154 1454 1272 1525 ipsp
1292 1453 1383 1503 Ju-

373 1527 571 1580 venalis
590 1528 711 1579 loco
735 1530 979 1600 profecto
1003 1529 1109 1581 hoc
1130 1548 1287 1582 nemo
1308 1530 1382 1581 ef-

374 1606 532 1658 ficiat.
555 1608 735 1659 Restat
754 1622 812 1660 ut
834 1628 898 1660 eo
914 1608 1220 1676 redeamus,
1243 1609 1382 1661 unde

372 1706 480 1739 non
503 1690 675 1739 minus
695 1687 873 1759 abegit
891 1688 1117 1742 lectores
1139 1690 1383 1756 Gesner.,

373 1769 620 1841 viamque
638 1767 908 1841 publicam
942 1789 1154 1824 omnem
1187 1772 1384 1824 iutelli-

369 1868 555 1917 gamus
590 1864 818 1922 utroque
850 1851 992 1903 loco.
1009 1850 1145 1903 Vide
1172 1854 1302 1903 Hor.
1329 1853 1353 1902 1
1367 1889 1384 1917 ,

369 1928 474 1979 Sat.
504 1928 566 1993 8,
597 1931 657 1982 15
683 1951 696 1980 =
729 1930 932 2003 Aggere
966 1929 1021 1982 in
1054 1931 1233 2001 aprico
1264 1949 1385 2002 spa-

372 2009 494 2059 tian·
515 2006 621 2077 (via
644 2007 861 2079 publica
882 2011 937 2060 in
957 2008 1205 2079 Esquiliis
1226 2010 1384 2079 signi·

369 2086 596 2156 fleatur).
626 2088 815 2139 Juven.
842 2091 907 2151 V,
935 2086 1034 2140 153
1061 2110 1073 2139 ε
1112 2087 1192 2138 Tu
1222 2088 1387 2140 scabie

359 2164 559 2235 fruen’s
578 2165 713 2217 mali
724 2206 742 2231 ,
763 2166 906 2238 quod
929 2167 982 2216 in
1002 2184 1191 2240 aqqere
1215 2167 1381 2234 rodit,

375 2246 478 2314 Qui
515 2245 705 2319 teqitur
733 2265 924 2319 parma
961 2258 1014 2297 et
1045 2246 1201 2320 galea
1217 2287 1235 2314 ‚
1280 2261 1380 2299 etc.

372 2325 562 2394 (Simia
586 2324 901 2378 describitur
924 2326 1260 2398 plebeculam
1287 2346 1386 2398 per

370 2404 572 2474 plateas
622 2403 949 2475 oblectans.)
995 2405 1155 2475 Quod
1207 2419 1384 2458 autem

371 2484 531 2535 Gesn.
558 2485 663 2550 ait,
688 2503 894 2558 aggeres
912 2487 1091 2555 potius
1115 2483 1385 2537 dicturum

374 2565 536 2615 fuisse
550 2562 656 2615 hoc
668 2582 826 2616 sensu
837 2566 1093 2617 Nostrum
1106 2588 1120 2629 ;
1135 2569 1387 2638 primum,

374 2645 416 2694 si
452 2645 522 2693 ita
556 2661 816 2715 reponere
850 2643 1135 2710 suadeam,
1172 2664 1283 2697 non
1313 2647 1387 2697 ita

372 2740 623 2791 magnum
674 2722 881 2775 facinus
929 2722 1213 2787 suadeam;
1262 2723 1385 2776 dein

372 2800 649 2871 singularis
670 2804 830 2853 etiam
851 2820 1100 2855 numerus
1120 2805 1175 2855 in
1191 2802 1386 2855 talibus

375 2900 488 2952 quat
522 2882 765 2933 universe
795 2884 1148 2934 enunciamur
1179 2884 1386 2935 ratione

373 2978 552 3011 carere
573 2978 682 3010 non
696 2960 930 3012 videtur:
954 2979 1077 3012 nam
1096 2961 1211 3013 fora
1234 2960 1385 3032 plura

374 3053 427 3091 et
450 3040 683 3111 singula,
703 3043 796 3092 viae
820 3038 966 3092 urbis
986 3042 1306 3093 continuatae
1335 3054 1388 3092 et

379 3122 531 3190 quasi
559 3136 689 3171 una.

453 3217 471 3250 ι
484 3237 497 3250 .
516 3198 835 3271 Exquisitius
852 3198 1066 3249 dictum.
1082 3197 1389 3269 Exquisitus

261 3278 274 3290 ⁶
374 3277 548 3342 dictu,
586 3279 749 3330 Cum
788 3277 1202 3347 Impeditomm,
1242 3276 1385 3328 Flor.

375 3357 564 3428 Neque
590 3356 803 3421 merito,
832 3355 990 3407 idem.
1016 3354 1128 3407 Nec
1151 3356 1384 3421 immen,

377 3437 537 3488 Cam».
565 3439 683 3487 Hoec
709 3437 904 3487 omittit
926 3435 1101 3487 Guelf.

450 3532 497 3565 2.
519 3515 885 3565 Emoriuntur.
902 3513 1178 3566 Guelferb.
1200 3513 1385 3580 Cura,

374 3594 690 3659 moriuntur,
726 3612 848 3645 cum
878 3594 1038 3645 Goth.
1060 3598 1215 3647 Voss.
1244 3612 1272 3645 2
1291 3633 1307 3660 ,
1335 3600 1389 3648 et

376 3675 498 3728 edd.
516 3678 646 3728 meis
665 3688 788 3728 ante
804 3676 1004 3749 Gryph.
1026 3694 1043 3727 ι
1056 3676 1177 3743 544.
1196 3676 1260 3728 A.
1280 3696 1388 3731 mo·

375 3764 582 3820 rantur,
593 3756 772 3807 Turic.
786 3753 926 3806 Flor.
940 3773 1064 3806 cum
1081 3754 1217 3807 Alm.
1235 3756 1386 3822 Suco,

376 3834 556 3884 Locat.
590 3834 723 3884 Ven.
757 3831 950 3899 Succ0,
982 3830 1107 3883 Bad.
1144 3832 1387 3884 nasit—

376 3911 558 3963 Nostri
575 3909 746 3962 codd.
760 3947 776 3975 ,
787 3908 940 3981 fuco.
960 3909 1053 3960 Eu.

448 3989 499 4040 3.
512 3989 580 4040 Ut
591 3987 751 4041 lana..
763 4029 774 4040 .
792 3990 1110 4041 Ovidiusait.
1125 3988 1386 4043 ovidiana

377 4065 490 4118 haec
532 4085 646 4118 esse
687 4066 1018 4135 Quintiliano
1061 4066 1387 4120 credendum

308 4211 317 4216 -
378 4157 490 4197 est:
533 4143 625 4195 sed
664 4144 803 4197 unde
832 4160 1043 4218 sumpta
1082 4165 1189 4198 non
1230 4146 1386 4198 facile

380 4236 459 4276 est
481 4224 761 4293 conjicere.
794 4226 836 4277 E
859 4224 1114 4296 tragoedia
1151 4244 1265 4279 esse
1288 4244 1386 4279 vo-

1424 1371 1705 1425 ‚luntvw
1733 1373 1848 1425 DD.
1885 1376 1949 1425 Et
1984 1375 2231 1426 Heinsius
2265 1374 2476 1446 quidem

1463 1451 1607 1522 (non
1645 1449 2017 1521 Colomesius,
2057 1468 2116 1506 ut
2152 1454 2289 1507 falso
2316 1458 2476 1509 Gesn.

1465 1531 1571 1594 ait)
1605 1532 1919 1603 corrigendo
1950 1533 2189 1606 quoedam
2215 1536 2479 1587 senarium

1463 1608 1588 1660 inde
1612 1629 1735 1662 cnm
1759 1610 1973 1664 duobus
1994 1611 2262 1684 phalaeciis
2283 1613 2475 1666 efficit:

1467 1687 1615 1759 quod
1638 1703 1862 1741 metrum
1888 1693 2206 1743 mirarentur
2229 1710 2355 1744 sane
2381 1692 2481 1744 sibi

1465 1766 1683 1819 affixum
1712 1771 1895 1839 tragici
1920 1783 2140 1822 vetereS.
2176 1770 2280 1823 Sed
2309 1790 2481 1843 neque

1466 1860 1838 1917 argumentum
1905 1850 2081 1920 ipsum
2149 1849 2481 1921 lacernaeque

1464 1929 1667 1979 mentio
1688 1927 2000 1998 tragoediam
2020 1931 2188 2001 sapit:
2216 1932 2318 1983 nisi
2339 1930 2480 1983 dixe·

1464 2008 1536 2058 ris
1554 2007 1725 2074 forte,
1749 2025 1848 2060 nos
1870 2011 2097 2078 tragicos
2117 2009 2362 2080 quidem,
2387 2010 2482 2063 sed

1463 2085 1713 2139 Ovidium
1753 2090 2009 2158 tragicum
2047 2107 2158 2140 non
2194 2106 2371 2141 nosse.
2404 2091 2482 2141 Ita

1465 2164 1578 2217 haec
1595 2166 1809 2237 quidem
1830 2167 2092 2239 relinquo.
2109 2168 2481 2222 correctiones

1467 2260 1646 2299 autem
1677 2266 1807 2320 quas
1832 2251 1980 2318 tetigi
2003 2249 2205 2300 Heinsii
2229 2262 2353 2301 sunt
2377 2268 2479 2302 vox

1454 2325 1591 2397 fimo
1617 2327 1841 2392 omissa,
1876 2339 1929 2378 et
1956 2328 2115 2379 etiam
2140 2339 2403 2379 mutatum
2425 2329 2480 2378 in

1466 2424 1599 2455 eam.
1644 2405 1890 2472 Quorum
1930 2403 2063 2457 illud
2105 2407 2305 2457 nemini
2352 2423 2480 2457 sane

1464 2483 1808 2556 persuadebit
1824 2524 1839 2551 ,
1882 2498 1941 2537 ut
1983 2504 2050 2537 ne
2086 2484 2322 2537 Gesnero
2362 2487 2483 2557 qui-

1466 2562 1621 2629 dem,
1659 2565 1746 2615 cui
1786 2576 1961 2615 totum
2004 2578 2182 2617 tamen
2219 2582 2480 2617 conamen

1467 2644 1596 2695 mire
1619 2641 1885 2714 placebat.
1908 2642 2148 2697 Alterum
2169 2645 2345 2714 specie
2369 2662 2480 2695 non

1466 2736 1641 2787 caret,
1662 2740 1827 2793 quum
1842 2724 1989 2775 vocis
2010 2722 2171 2774 etiam
2195 2722 2346 2774 locus
2365 2741 2482 2774 esse

1466 2800 1646 2853 nullus
1681 2804 1890 2873 possit:
1934 2801 2028 2854 sed
2063 2820 2181 2852 eam
2218 2804 2373 2854 nimis
2402 2816 2482 2855 est

1466 2880 1747 2952 pedestre,
1783 2896 1834 2934 et
1866 2884 2061 2934 rectius
2093 2884 2148 2933 in
2177 2882 2484 2954 corruptela

1468 2960 1627 3011 etiam
1665 2958 1829 3012 latere
1865 2960 2009 3014 dicas
2045 2963 2348 3032 appositum
2387 2961 2486 3014 ali-

1471 3038 1619 3108 quod
1643 3038 1880 3091 lacernoe.
1915 3042 2038 3093 Non
2066 3042 2206 3092 enim
2231 3039 2483 3092 audiendi

1469 3130 1590 3169 sunt
1621 3136 1795 3189 neque
1822 3119 2125 3183 Ferrarius,
2161 3121 2283 3189 qui,
2317 3137 2482 3191 quum

1466 3213 1751 3266 purpureae
1769 3197 1880 3247 fere
1901 3197 2095 3249 Fuerint
2113 3197 2482 3250 honestiorum

1468 3273 1723 3339 lacernae,
1763 3273 1852 3325 hic
1890 3277 2058 3347 ipsam
2100 3294 2201 3347 pro
2242 3293 2482 3346 purpura

1468 3355 1698 3425 positam
1713 3372 1828 3406 esse
1842 3365 1995 3425 putat
2009 3376 2023 3416 ς
2042 3370 2217 3424 neque
2236 3352 2481 3420 Gallaeus,

1470 3436 1563 3504 qui
1594 3433 1847 3486 mendum
1864 3433 2125 3486 Vallensis
2158 3433 2311 3497 libri,
2342 3433 2482 3486 lace-

1470 3530 1578 3578 noe,
1607 3516 1895 3585 arripiens,
1920 3514 2198 3566 Lacoenam
2234 3516 2308 3565 sic
2339 3513 2482 3566 uude

1468 3609 1567 3664 pro
1601 3591 1866 3644 Laconica
1893 3608 2130 3663 purpura
2158 3591 2373 3662 (Horat.
2405 3594 2482 3659 11,

1467 3670 1572 3725 Od.
1607 3670 1696 3734 18,
1727 3670 1791 3741 7)
1819 3671 1886 3723 ab
1921 3671 2113 3725 Ovidio
2152 3673 2481 3723 nominatam

1470 3750 1654 3803 credit.
1670 3753 1769 3802 vix
1794 3766 1970 3804 autem
1995 3753 2169 3823 aptius
2195 3754 2482 3823 quiequam

1470 3832 1755 3900 excogitari
1783 3849 1941 3902 posse
1970 3844 2105 3902 puto
2129 3848 2194 3881 eo
2222 3830 2366 3901 quod
2390 3830 2484 3882 Al-

1467 3908 1771 3961 drovandus
1788 3908 1877 3978 (de
1895 3911 2165 3962 Testaceis
2186 3909 2252 3961 111
2265 3948 2281 3975 ,
2304 3908 2361 3981 5)
2381 3909 2482 3961 du·

1469 3987 1597 4039 dum
1625 3991 1906 4060 proposuit
1920 3990 2094 4058 Tyn'oe
2112 3989 2364 4041 lacerum.-
2383 3991 2482 4042 nisi

1469 4066 1614 4139 quod
1641 4065 1730 4118 ille
1752 4086 1940 4119 vocem
1972 4068 2133 4118 etiam
2167 4084 2279 4117 non
2310 4066 2480 4118 elimi-

1467 4145 1661 4213 nabat,
1687 4165 1846 4218 quam
1869 4144 2112 4217 equidem
2139 4164 2199 4196 ex
2223 4147 2482 4217 scriptura

1470 4226 1603 4278 εἰν-ἕω
1627 4239 1805 4278 natam
1829 4226 2103 4287 existim03
2134 4223 2278 4277 salvo
2306 4237 2482 4276 tamen
