3200 5159
692 469 1348 537 INSTITUTIONIS
1386 470 1646 538 ORAT.
1686 475 1849 540 LIB.
1887 477 2045 557 xil,
2096 501 2148 543 1.
2346 483 2471 563 435

371 618 533 667 rum
576 594 885 684 bonum,
931 615 1009 668 ut
1054 594 1548 669 mendacium¹
1589 597 1806 689 dicat,
1843 621 1909 673 et
1955 601 2245 700 quidem
2293 629 2478 677 non-

373 737 747 811 uunquam
768 710 1148 786 levioribus
1177 713 1428 786 causis:
1452 714 1627 787 utin
1650 729 1675 760 ²
1702 718 1935 816 pueris
1954 719 2477 818 aegrotantibus»,

374 828 686 901 utilitatis
718 854 965 901 eorum
1000 828 1223 927 gratia
1251 828 1477 902 multa
1500 829 1877 929 fingimus,
1917 833 2142 907 multa
2169 860 2313 907 non
2341 835 2482 908 fac-

367 941 510 1016 tur‘i
566 944 1093 1043 promittimus:
1153 942 1422 1015 nedum
1450 941 1481 989 3
1531 945 1587 1015 si
1645 945 1734 1017 ab
1782 946 2070 1019 homine
2099 947 2479 1023 occidendo
2517 957 2587 1026 ³9

370 1083 716 1160 grassator
763 1060 1177 1132 avertendus
1224 1059 1344 1150 sit,
1389 1081 1513 1133 aut
1559 1061 1770 1135 hostis
1815 1090 1939 1163 pro
1980 1063 2201 1137 salute
2242 1065 2480 1165 patriae

371 1179 757 1266 fallendus3
798 1199 877 1249 ut
901 1178 1034 1250 hoc
1056 1233 1077 1268 ‚
1113 1177 1305 1276 quod
1333 1177 1505 1250 alias
1539 1179 1612 1250 in
1647 1180 1903 1253 servis4
1944 1208 2226 1281 quoque
2258 1210 2488 1283 repre-

373 1289 839 1368 hendendum
870 1313 1002 1384 est,
1042 1293 1129 1365 sit
1160 1292 1332 1365 alias
1366 1292 1439 1364 in
1479 1294 1631 1392 ipso
1675 1296 1980 1394 sapiente
2017 1296 2482 1371 laudandum.

374 1414 455 1486 Id
488 1412 544 1486 si
581 1412 994 1503 constiterit,
1039 1411 1267 1483 multa
1288 1408 1440 1514 jam
1470 1411 1677 1484 video
1706 1439 1904 1511 posse
1934 1413 2244 1506 evenire,
2279 1442 2490 1514 prop-

370 1548 478 1601 ter
502 1554 658 1628 quae
690 1547 921 1600 orator
946 1526 1131 1599 bene
1164 1525 1488 1625 suscipiat
1519 1527 1655 1599 tale
1690 1554 1911 1601 causae
1942 1555 2196 1629 genus,
2241 1529 2486 1629 quale,

372 1640 688 1716 remota⁵
746 1642 1011 1715 ratione
1060 1641 1385 1732 honesta,
1433 1667 1579 1714 non
1627 1645 1996 1744 recepisset
2013 1643 2066 1718 ⁶.
2113 1650 2258 1720 Nec
2302 1647 2487 1721 7hoc
2525 1658 2596 1726 4⁰

454 1840 473 1874 t
486 1863 497 1873 .
532 1822 602 1875 Ut
621 1819 958 1873 mendacium
978 1820 1137 1873 dicat.
1153 1819 1290 1873 Vide
1309 1819 1357 1871 11
1373 1855 1390 1885 ,

382 1917 464 1973 17,
496 1915 580 1971 27.
608 1899 864 1971 Exempla
887 1911 1031 1951 recte
1054 1897 1390 1952 dissimulan-

372 1981 455 2036 da
486 1982 723 2042 veritatis
757 1978 923 2033 habet
958 1979 1121 2032 etiam
1156 1978 1306 2032 Plato
1334 1981 1391 2031 in

371 2061 465 2115 lib.
491 2061 537 2112 11
563 2059 822 2132 reipubl„
842 2077 897 2130 p.
926 2058 1028 2111 382
1055 2056 1241 2129 Steph.

451 2158 499 2194 2.
533 2140 605 2193 Ut
628 2139 703 2191 in.
729 2137 862 2193 ohr.
880 2176 898 2205 ,
928 2139 1007 2189 uri
1021 2177 1039 2205 ‚
1068 2154 1179 2189 nou
1204 2155 1392 2189 neces-

374 2222 513 2274 saria
537 2221 850 2272 mutatione.
873 2218 999 2269 Non
1012 2217 1262 2289 factura,
1283 2218 1392 2269 Tu·

374 2301 469 2353 ric.
493 2299 635 2353 Flor.
662 2317 787 2351 cum
808 2295 1113 2351 Audi-esna.
1147 2293 1271 2350 Non
1286 2296 1389 2368 fu-

373 2391 524 2443 tura,
549 2380 713 2432 Cnn’.
743 2407 816 2418 —-
841 2378 1025 2430 Nostri
1057 2388 1116 2429 ut
1150 2376 1222 2428 in.
1258 2377 1386 2428 Mox

372 2461 534 2514 iidem
562 2479 669 2512 non
683 2458 912 2532 facturi.
941 2459 1036 2509 Eu.

445 2541 499 2594 3.
525 2539 751 2592 Nedum.
778 2538 874 2589 Hie
895 2535 1109 2607 longius
1138 2533 1268 2607 quid
1301 2537 1385 2587 iu-

372 2618 655 2674 uet-endum
683 2631 762 2672 est
786 2618 1111 2688 cogitatione
1131 2615 1384 2686 legentis,

368 2699 517 2752 velut
552 2710 608 2751 ut
638 2699 705 2751 sit
736 2696 950 2749 vetitum
981 2694 1207 2747 mentiri.
1244 2693 1385 2746 Nam

371 2791 433 2831 ut
456 2796 599 2830 nunc
634 2790 749 2843 est,
782 2775 1127 2846 exspectabas
1160 2775 1341 2846 potius
1367 2796 1380 2826 ι

370 2858 462 2912 ned
476 2855 644 2910 multo
788 2856 828 2907 is
845 2857 1004 2907 etiam
1016 2894 1034 2922 ,
1059 2852 1205 2926 quod
1230 2854 1387 2906 refen-

371 2949 519 2990 retur
548 2935 615 2988 ad
650 2934 927 2988 levioribus
962 2936 1131 2988 causis
1151 2932 1256 3004 (Et
1278 2931 1383 2986 hoc

371 3028 553 3068 monet
590 3014 860 3087 Capper.).
902 3013 997 3067 Est
1033 3009 1384 3066 anacoluthiae

373 3094 626 3169 quiddam
666 3095 720 3146 in
755 3092 858 3146 hac
896 3105 1161 3145 structura
1183 3091 1385 3144 voculae

372 3174 601 3241 nedum,
632 3172 821 3246 quale,
857 3171 952 3227 sed
983 3171 1197 3226 mollius
1221 3169 1386 3235 illud,

373 3253 520 3327 apud
534 3254 827 3319 Liviumx‚
849 3252 915 3306 32
931 3290 949 3318 ‚
972 3251 1034 3319 4,
1059 3249 1389 3303 demonstrat

370 3327 837 3388 Drakenborchus.
854 3331 1021 3403 (Vide
1038 3346 1089 3385 et
1105 3333 1214 3385 Liv.
1230 3333 1390 3398 XLV,

376 3431 478 3484 29,
514 3431 543 3466 α
560 3450 578 3476 ,
612 3426 665 3465 et
693 3411 1044 3484 Oudendorp.
1074 3411 1142 3464 ad
1164 3411 1384 3464 Sueton.

371 3491 527 3546 Gall).
548 3491 624 3563 5.)
642 3493 867 3563 Propius
886 3491 1047 3543 etiam
1065 3490 1262 3544 Nostro
1278 3492 1386 3542 Liv.

372 3571 504 3638 vll,
528 3569 597 3638 4,
618 3571 650 3624 3
664 3573 681 3623 ‘2
709 3595 732 3620 α
753 3572 929 3640 Quem
947 3588 1214 3622 armorum
1232 3570 1390 3622 etiam

380 3669 405 3699 ι
425 3667 526 3722 pro
541 3650 712 3722 patria
727 3650 944 3702 satietas
960 3661 1180 3716 teneret,
1196 3648 1388 3702 nedum

380 3749 407 3775 ιι
431 3727 679 3781 adversus
702 3730 948 3799 patriam.
966 3752 988 3775 η

451 3807 502 3874 4.
528 3808 595 3859 In
616 3807 788 3860 servis.
809 3797 988 3858 Turic.
1016 3807 1071 3858 in
1095 3805 1240 3872 seris,
1267 3824 1390 3857 cum

377 3886 516 3940 Alm.
534 3886 935 3959 Respondendus
956 3904 999 3937 e.
1024 3905 1063 3938 s.
1084 3883 1222 3937 alius
1239 3887 1274 3937 i.
1299 3886 1332 3936 ι’.
1348 3904 1386 3938 s.

376 3964 690 4030 laudandus,
702 3966 881 4018 Tui-ic.
900 3963 1253 4030 florentinus,
1269 3979 1392 4016 cum

380 4043 640 4098 Almelov.
663 4045 813 4099 llius
836 4045 910 4097 in.
928 4085 939 4096 .
957 4086 968 4096 .
995 4055 1096 4111 est,
1118 4044 1183 4098 sit
1204 4045 1396 4097 omittit

378 4123 531 4179 Voss.
579 4143 607 4176 2
627 4162 644 4190 ,
694 4127 884 4178 retinet
928 4121 1207 4180 Gothanus
1231 4147 1242 4174 :
1290 4122 1395 4176 hoc

380 4203 541 4255 etiam
566 4205 752 4254 nostri.
778 4201 873 4255 Eu.

1544 1821 1595 1875 5.
1617 1823 1852 1875 Remota.
1877 1824 1941 1875 R.
1964 1824 1997 1878 3
2018 1841 2049 1877 a
2068 1825 2303 1879 secunda
2323 1844 2485 1880 manu

1469 1915 1666 1956 amota.
1690 1905 1752 1956 R.
1778 1922 1829 1974 7,
1852 1915 1907 1956 et
1925 1916 2115 1957 emota.
2145 1905 2239 1958 En.

1540 1982 1592 2034 6.
1619 1983 1929 2054 Recepisse15
1953 1984 2028 2035 sic
2048 1984 2226 2035 Tui-ic.
2249 1983 2482 2037 Floreat.

1470 2061 1657 2114 Ambr.
1685 2080 1713 2115 2
1732 2100 1750 2128 ,
1781 2063 1958 2116 Guelf.
1993 2066 2121 2118 Exc.
2146 2064 2290 2117 Saut.
2316 2064 2482 2116 cin.

1470 2159 1592 2193 cum
1615 2140 1847 2194 Gothan.
1865 2142 2017 2195 Voss.
2050 2160 2072 2196 1
2089 2182 2107 2210 ,
2134 2161 2162 2196 2
2184 2182 2202 2210 ‚
2229 2144 2262 2197 3
2277 2182 2296 2210 ‚
2323 2144 2481 2197 Bem.

1467 2221 1779 2291 Suscepisset
1831 2220 2055 2293 reliqui,
2107 2223 2483 2276 concinnitatis

1467 2297 1657 2369 gratia.
1675 2328 1744 2338 —
1759 2295 1942 2351 Nostri
1964 2299 2224 2373 recepisset
2236 2340 2257 2367 ,
2277 2319 2389 2354 exc.
2416 2301 2480 2355 R.

1469 2394 1521 2447 7,
1549 2376 1644 2448 qui
1670 2377 1976 2450 suscepisset.
2007 2377 2103 2429 Eu.

1540 2473 1591 2526 7.
1625 2456 1738 2508 Nec
1761 2457 1875 2508 hcc.
1896 2457 2074 2509 Tur-ic.
2095 2456 2270 2524 Pion,
2296 2458 2387 2511 sed
2414 2477 2482 2512 ne

1467 2535 1564 2589 hoc
1581 2573 1600 2601 ,
1632 2555 1754 2589 cum
1782 2535 1922 2588 Alm.
1945 2536 2120 2590 Habet
2145 2536 2357 2591 duritiei
2384 2540 2480 2592 ali-

1467 2629 1724 2689 quantum
1750 2616 1806 2668 in
1839 2635 1974 2669 sono
2003 2635 2099 2669 nec
2121 2617 2245 2686 hoc,
2283 2621 2340 2671 in
2369 2639 2476 2692 quo

1465 2696 1747 2770 aliquoties
1777 2695 1979 2749 variare
2012 2696 2182 2750 codd.
2207 2697 2434 2753 vidimus
2460 2723 2474 2753 a

1460 2777 1583 2830 vide
1607 2779 1697 2844 lv,
1724 2794 1788 2842 ιι,
1812 2776 1915 2849 93;
1944 2778 2050 2846 IX,
2075 2777 2140 2845 3,
2166 2796 2254 2849 97.
2294 2777 2479 2834 Malim

1464 2876 1630 2929 neque
1653 2853 1705 2907 Ῑι.
1738 2855 1881 2908 Flor.
1910 2853 2088 2908 Ambr.
2117 2875 2178 2923 2,
2200 2856 2472 2912 Guelferb.

1462 2933 1625 2988 Goth.
1654 2933 1789 3005 (tac.
1814 2932 2239 3006 Gesn.).tametst’
2274 2936 2478 2992 medio-
2582 2950 2586 2954 ·

1463 3015 1592 3080 cris,
1620 3032 1742 3066 cum
1775 3015 1926 3067 Bem.
1959 3016 2215 3086 pessime,
2245 3029 2297 3068 et
2321 3034 2345 3069 s
2416 3036 2477 3069 ro

1463 3095 1752 3145 immunem
1765 3112 1944 3146 revera
1956 3095 2146 3146 erroris
2155 3094 2334 3148 Tui-ic.
2378 3095 2479 3148 nde

1463 3173 1659 3244 pietas,
1678 3170 1853 3224 Guelf.
1872 3190 1993 3223 cum
2014 3173 2170 3225 Bern.
2191 3172 2479 3244 Subjicitur

1468 3268 1577 3304 non
1602 3252 1858 3302 contiuuo
1884 3262 2006 3302 aute
2030 3250 2174 3304 nihil
2192 3271 2222 3304 a
2241 3252 2477 3306 Gesnero

1469 3329 1616 3389 solo..
1644 3348 1755 3381 nou
1780 3328 1990 3401 quidem
2008 3366 2025 3394 ,
2051 3342 2108 3380 ut
2132 3329 2358 3398 videtur,
2384 3349 2482 3406 per

1469 3406 1711 3481 sphalma
1729 3446 1746 3473 ‚
1779 3406 1873 3460 sed
1897 3421 1956 3461 ut
1981 3423 2375 3463 succurreretur
2402 3424 2482 3465 te-

1468 3486 1647 3540 nebris
1662 3488 1951 3540 sententiae.
1963 3487 2022 3539 Ν
2020 3485 2120 3539 ihil
2131 3487 2365 3542 dubitare
2380 3489 2480 3545 lin-

1467 3587 1717 3643 quamus,
1738 3568 1917 3621 Tui-ic.
1939 3567 2079 3620 Flor.
2105 3587 2230 3621 cum
2252 3570 2389 3624 Alm.
2405 3600 2479 3612 --

1467 3645 1759 3718 Impeditus
1784 3647 1965 3712 locus,
1994 3651 2147 3719 cujus
2172 3647 2476 3722 explanatio

1471 3745 1637 3800 quum
1650 3746 1825 3798 neque
1840 3725 2145 3799 Spaldingio
2163 3747 2336 3801 neque
2350 3729 2482 3782 mihi

1470 3810 1829 3876 successisset,
1845 3807 2166 3861 Boeckhium
2183 3810 2342 3866 etiam
2358 3829 2480 3864 con·

1472 3886 1677 3938 sultavi.
1699 3887 1748 3938 Is
1769 3906 1917 3954 eum,
1945 3888 2036 3960 qui
2060 3906 2196 3940 unus
2211 3907 2363 3941 verus
2388 3891 2480 3956 sit,

1476 3983 1690 4019 sensum
1730 3985 1996 4038 emergere
2039 3985 2199 4039 posse
2240 3971 2449 4040 negavit
2465 4007 2482 4035 ‚

1475 4043 1713 4097 nisi-haec
1730 4082 1747 4110 ,
1775 4043 1886 4095 Nec
1915 4043 2011 4096 hoc
2041 4043 2160 4095 dico
2180 4063 2280 4116 pro
2297 4057 2481 4119 patre,

1466 4123 1670 4197 fratre,
1698 4123 1868 4175 amico
1889 4122 2330 4196 periclitantibus,
2358 4128 2486 4197 jun-

1476 4216 1692 4274 gantur,
1714 4201 1804 4256 illa
1827 4216 2003 4258 autem
2019 4242 2035 4272 ,
2059 4205 2188 4277 quia
2218 4208 2486 4262 severium
