3200 5159
664 901 730 970 ιι

715 3022 723 3037 ·
776 2946 928 2997 Bern.

764 417 893 500 542
1337 417 1431 481 M.
1471 416 1699 480 FABII
1736 415 2295 498 QUINTILIANI

761 561 990 630 ctum,
1025 538 1099 611 id
1132 565 1273 612 esse
1313 537 1804 627 affectationis,
1850 559 1922 610 et
1952 537 2340 611 ambitiosae
2388 538 2465 611 in
2510 539 2872 641 loquendo

751 656 1102 759 jactantiae
1137 715 1156 748 ‚
1212 677 1564 728 remotum
1628 682 1670 727 a
1732 654 2010 727 veritate
2066 656 2451 756 fictumque
2472 712 2492 745 ‚
2549 658 2872 757 ipsorum

763 775 979 874 gratia
1016 774 1430 863 verborum,
1482 771 1740 873 quibus
1787 772 2023 844 solum
2071 788 2363 846 natura¹
2416 775 2506 848 sit
2549 774 2870 848 officium

763 892 1215 982 attributum,
1241 890 1487 963 servire
1512 889 1867 962 sensibus:
1894 889 2073 963 sicut
2096 890 2512 965 athletarum
2543 906 2876 991 ²eorpora

766 1005 1037 1080 etiamsi
1087 1006 1423 1079 validiora
1466 1006 1642 1077 fiant
1681 1004 2206 1095 exercitatione,
2251 1027 2318 1079 et
2360 1006 2516 1107 lege
2558 1005 2874 1107 quadam

766 1123 1120 1212 ciborum,
1154 1147 1300 1194 non
1332 1142 1575 1194 tamen
1607 1146 1748 1193 esse
1784 1121 2160 1212 naturalia,
2196 1142 2405 1222 atque
2438 1124 2527 1195 ab
2563 1122 2683 1195 illa
2714 1149 2876 1221 spe-

767 1240 892 1330 cie,
920 1266 1073 1339 quae
1102 1238 1190 1312 sit
1211 1264 1535 1312 concessa
1557 1238 1994 1328 hominibuS,
2017 1238 2411 1312 abhorrere.
2429 1239 2626 1330 Quid
2652 1238 2869 1329 enim,

765 1352 1170 1454 inquiunt-⁹⁹,
1199 1354 1444 1426 attinet
1471 1352 1763 1425 circuitu
1797 1380 1902 1425 res
1929 1354 2288 1427 ostendere
2318 1374 2386 1427 et
2416 1353 2878 1428 translationi·

769 1466 948 1558 bus,
997 1468 1069 1540 id
1118 1488 1246 1559 est,
1299 1488 1420 1540 aut
1470 1466 1826 1567 pluribus,
1875 1489 1996 1540 aut
2040 1468 2288 1541 alienis
2330 1470 2594 1561 verbiS,
2644 1496 2872 1569 quum

774 1610 901 1656 sua
925 1584 1177 1684 cuique
1218 1584 1360 1656 sint
1386 1583 1731 1683 assignata
1757 1584 2095 1656 nomina?
2123 1586 2446 1686 Denique
2480 1584 2876 1683 antiquissi-

770 1725 974 1770 mum
1027 1725 1386 1798 quemque
1433 1700 1741 1771 maxime
1802 1700 2197 1774 secundum
2247 1722 2572 1773 naturam
2624 1701 2876 1774 dixisse

769 1814 1289 1906 contendunt43
1334 1843 1497 1888 mox
1537 1815 1757 1915 poetis
1787 1815 2154 1890 similiores
2196 1818 2557 1910 exstitisse,
2600 1817 2873 1892 etiamsi

769 1926 1051 2035 parcius
1071 1989 1090 2022 ,
1125 1931 1335 2004 simili
1369 1953 1612 2006 tamen
1645 1932 1931 2023 ratione,
1965 1933 2140 2006 falsa
2167 1956 2233 2007 et
2256 1935 2641 2035 impropria
2658 1935 2880 2007 virtu·

774 2046 918 2122 tes⁵
965 2046 1316 2119 ducentes·
1363 2049 1529 2140 Qua
1564 2048 1639 2121 in
1674 2048 2140 2150 disputatione
2183 2048 2514 2122 nonnihil
2550 2049 2693 2122 veri
2730 2070 2876 2139 est,

771 2229 948 2295 Flor.‚
971 2226 1212 2300 nihilque
1236 2238 1289 2278 et
1312 2229 1512 2281 arcerti.
1545 2230 1622 2281 Ex
1641 2228 1779 2280 Alm.

772 2308 957 2361 arcer-ti
993 2307 1183 2359 solum.
1220 2305 1467 2360 Accerxiti
1496 2306 1750 2360 elaborata·
1760 2345 1779 2373 ,

771 2388 938 2440 Can».
967 2386 1069 2457 Qui
1090 2384 1246 2457 quid,
1269 2387 1542 2437 Tun-icens.
1567 2386 1779 2451 Adesse,

772 2465 948 2519 Guell'.
984 2467 1110 2517 Exc.
1143 2463 1269 2517 sant
1303 2482 1425 2515 cum
1450 2466 1603 2516 Voss.
1644 2482 1662 2517 1
1682 2503 1698 2531 ,
1727 2464 1779 2517 3.

775 2542 1075 2616 Adfectatio
1107 2552 1158 2592 et
1172 2580 1190 2605 ,
1228 2544 1405 2594 Turic.
1442 2541 1583 2595 Flor.
1621 2544 1672 2594 A
1661 2544 1784 2616 ffe—

774 2626 960 2679 edonis
977 2621 1233 2687 et‚Guelf.
1251 2624 1459 2675 Jens.et
1478 2637 1642 2694 postt.
1662 2638 1783 2675 ante

775 2703 893 2758 Ald.
917 2701 1219 2755 Ambitiosoe
1236 2713 1312 2765 et,
1332 2701 1473 2753 Flor.
1492 2703 1704 2754 Jactore
1717 2721 1786 2755 re-

772 2793 973 2837 motum
988 2821 1005 2848 ,
1028 2782 1203 2832 Tur-ic.
1231 2779 1367 2831 Flor.
1397 2779 1581 2833 Gratia
1605 2782 1786 2835 verbo-

775 2882 892 2918 rum
916 2863 1112 2915 omittit
1132 2859 1311 2912 Guelf.
1335 2879 1459 2911 cum
1478 2863 1633 2914 Voss,
1657 2877 1704 2927 1,
1726 2862 1787 2930 3,

855 3041 873 3075 ι
888 3062 899 3073 .
916 3023 1123 3075 Natura
1134 3041 1152 3082 ,-
1168 3021 1243 3071 sic
1256 3020 1434 3073 Turio.
1450 3019 1589 3071 Flor.
1609 3020 1785 3074 Guelf.

771 3097 1113 3155 CamsGoth.
1134 3099 1280 3149 Jens.
1302 3098 1437 3167 (tac.
1453 3097 1646 3171 Gesn.)
1665 3118 1787 3150 cum

773 3183 928 3232 Voss.
968 3194 1013 3244 ι,
1049 3194 1077 3228 2
1097 3215 1113 3243 ,
1146 3176 1211 3243 3,
1247 3177 1399 3228 Bern.
1431 3191 1483 3229 et
1511 3175 1633 3229 edd.
1666 3189 1787 3229 ante

777 3260 905 3313 Bad.
937 3259 989 3311 A
1019 3267 1238 3321 natura,
1274 3255 1493 3327 reliqui,
1529 3257 1623 3309 sed
1660 3258 1788 3310 editi

777 3352 982 3393 tantum
1006 3360 1018 3390 :
1049 3356 1171 3388 nam
1196 3335 1541 3388 Almelovenii
1560 3335 1787 3406 diligen-

777 3421 859 3486 tite
892 3421 947 3470 in
984 3430 1091 3468 tam
1130 3417 1333 3467 minuta
1369 3434 1426 3467 re
1472 3433 1581 3468 non
1631 3417 1787 3467 nimis

776 3497 1066 3551 fidendum.
1095 3498 1221 3547 Non
1250 3519 1273 3542 ιι
1294 3513 1322 3547 a
1346 3507 1534 3546 natura
1563 3514 1738 3547 rerum
1759 3519 1781 3543 n

777 3578 1017 3631 officium
1032 3573 1429 3647 aliquodverbiz
1445 3576 1786 3643 assignatum3

776 3658 872 3713 sed
898 3680 921 3703 κ
942 3674 1035 3709 sua
1054 3657 1290 3727 ipsorum
1310 3665 1498 3705 natura
1518 3676 1541 3699 ι»
1566 3655 1789 3705 attribu-

781 3754 893 3791 tum
906 3777 921 3803 .‚
938 3738 991 3793 id
1007 3749 1086 3789 est
1097 3774 1113 3801 ‚
1128 3737 1402 3808 proprium
1419 3747 1512 3787 est.
1534 3736 1633 3785 Hic
1650 3736 1790 3788 enim

778 3817 940 3890 hujus
970 3816 1231 3888 participii
1255 3832 1382 3866 usus
1408 3812 1684 3867 absolutus
1705 3815 1789 3867 vel

780 3914 811 3947 e
840 3894 1017 3947 lexicis
1044 3905 1201 3945 notus
1227 3904 1338 3959 est,
1370 3892 1595 3944 maxime
1620 3911 1649 3944 e
1678 3894 1786 3945 Cic.

781 3975 892 4025 Inv.
931 3973 985 4038 Ι,
1021 3971 1120 4037 24,
1151 3972 1200 4039 S.
1236 3969 1322 4035 34.
1357 3969 1468 4021 Aut
1499 3968 1788 4037 tributum,

781 4050 1246 4123 Guelferbytanus.
1266 4078 1339 4089 —
1355 4050 1539 4103 Nostri
1563 4048 1789 4104 Codices

780 4130 987 4185 habent
1008 4142 1217 4183 natura.
1243 4130 1337 4183 En.

1938 2248 1988 2283 2.
2025 2231 2269 2303 Carpum.
2298 2231 2573 2283 Turicens.
2605 2230 2839 2282 Florem.
2859 2267 2876 2295 ,

1861 2324 2155 2381 corporum.

1934 2388 1984 2440 3.
2023 2387 2302 2460 Inquiunt.
2334 2389 2478 2441 Jens.
2499 2427 2516 2453 ‚
2549 2387 2724 2461 inquit
2751 2390 2880 2440 arta·-

1863 2475 1983 2530 ποτ,
2025 2477 2078 2516 et
2118 2479 2281 2538 postt.
2328 2480 2449 2519 ante
2491 2466 2618 2519 Bad.
2665 2466 2874 2520 Transl-

1865 2543 2001 2595 idem
2034 2554 2131 2596 aut
2157 2544 2236 2616 pl.
2269 2556 2395 2609 aut,
2422 2549 2601 2598 Tur-ie.
2638 2546 2699 2598 T.
2737 2548 2878 2599 idem

1859 2620 1937 2694 pl.
1955 2632 2032 2688 et,
2054 2623 2215 2676 Goth.
2231 2625 2293 2675 T.
2312 2625 2365 2676 id
2383 2637 2457 2679 est
2468 2625 2547 2700 pt.
2569 2640 2692 2693 aut,
2705 2625 2874 2679 Cntr.

1936 2702 1988 2767 4.
2019 2703 2365 2756 Contendunt.
2397 2706 2574 2758 Turio.
2608 2710 2650 2759 F
2653 2707 2878 2772 lorent.‚

1865 2780 2201 2835 contendant.
2245 2783 2410 2837 Iidem
2451 2805 2547 2838 nos
2582 2804 2682 2856 pro
2720 2805 2876 2853 mox,

1867 2878 1990 2912 cum
2006 2859 2183 2932 aliqua
2199 2865 2397 2934 specie,
2408 2863 2502 2917 sed
2514 2883 2666 2918 vana.
2678 2866 2879 2918 Etiam·

1865 2939 1912 2992 si
1930 2957 2121 3010 parum
2146 2944 2318 3013 cujus,
2341 2944 2517 2997 Guelf.

1939 3019 1990 3071 5.
2019 3018 2246 3071 Virtutes
2272 3020 2530 3075 ducentes.
2560 3024 2666 3075 Dat
2693 3024 2879 3076 virtute

1864 3096 2082 3149 dicentis
2128 3099 2303 3151 Turic.
2353 3101 2560 3155 Virtute
2607 3101 2874 3170 ducentis,

1865 3175 2005 3227 Flor.
2022 3174 2194 3228 Guelf.
2220 3177 2424 3232 Virtute
2439 3179 2693 3248 dicentes,
2712 3182 2873 3234 an.

1865 3252 2025 3306 Goth.
2063 3255 2208 3307 Jens.
2246 3255 2349 3327 (de
2389 3261 2674 3330 posteriori
2714 3259 2875 3311 verbo

1868 3345 1971 3386 tac.
2011 3335 2209 3407 Gesn.)
2245 3353 2368 3387 cum
2401 3334 2524 3388 edd.
2557 3350 2722 3408 postt.
2755 3350 2878 3389 ante

1865 3412 1988 3464 Ald.
2013 3432 2124 3465 acc.
2146 3412 2273 3464 Bad.
2298 3416 2341 3465 E
2358 3415 2512 3467 Voss.
2541 3431 2586 3479 t,
2606 3413 2668 3478 3,
2690 3412 2879 3466 virtute

1869 3503 2075 3543 tantum
2098 3505 2370 3557 enotatur,
2403 3491 2498 3543 sed
2526 3510 2588 3544 ex
2612 3493 2765 3543 Bet-n.
2793 3489 2879 3542 di-

1867 3585 2007 3622 serte
2030 3573 2219 3623 virtute
2239 3569 2495 3624 ducentes.
2525 3573 2601 3624 Ex
2630 3569 2876 3623 omnibus

1869 3664 2048 3702 autern
2085 3651 2232 3701 hisce
2269 3652 2540 3723 scripturis
2579 3649 2650 3701 nil
2688 3649 2874 3702 melius

1869 3730 2121 3802 exsculpo
2148 3743 2363 3797 nostra,
2390 3749 2547 3802 quam
2577 3730 2744 3783 Aldus
2771 3733 2878 3802 pri·

1868 3828 1986 3861 mus
2003 3811 2201 3880 recepit
2211 3848 2228 3873 ‚
2244 3827 2468 3881 quaeque
2481 3822 2563 3861 est
2577 3812 2632 3861 in
2644 3812 2797 3863 Voss.
2818 3828 2874 3871 ας

1869 3889 1982 3942 haec
2004 3893 2142 3942 enim
2167 3889 2294 3941 fides
2319 3890 2621 3941 Bur-manno
2648 3906 2694 3955 ι,
2715 3889 2747 3941 3
2767 3908 2875 3941 rne-

1870 3969 2113 4019 moranti.
2135 3966 2267 4019 Vide
2291 3970 2341 4033 1,
2367 3965 2426 4034 5,
2458 3985 2531 4037 ¹9·
2555 3967 2878 4040 Disputatio-

1871 4050 1981 4111 nis,
2016 4047 2155 4099 Flor.
2192 4046 2672 4118 Disputationibus,
2711 4048 2874 4100 Cum

1869 4128 1922 4179 A
1934 4128 2138 4201 quibus,
2148 4127 2323 4179 Tur-ie.
2344 4128 2684 4195 Communiis,
2698 4128 2874 4180 Turio.
