3200 5159
681 399 815 479 440-

1249 395 1343 460 Μ.
1391 394 1619 459 FABn
1658 393 2260 478 QUINTILIANL

685 550 883 614 vero,
920 549 1059 619 qua
1088 520 1270 594 nihil
1302 520 1615 611 homini,
1648 546 1789 618 quo
1828 518 1917 593 ad
1958 519 2122 594 deos
2152 521 2587 593 immortales
2629 545 2794 620 pro-,-

688 634 850 736 pius
880 636 1262 723 accederet,
1293 634 1541 707 datum
1575 655 1714 724 est,
1745 632 2027 706 obviam
2055 655 2123 707 et
2147 634 2621 726 illaboratam,
2649 655 2795 708 tan-

625 766 658 819 3
688 772 839 849 tum
888 751 1056 852 quia
1099 750 1243 823 nati
1278 750 1535 842 simus,
1574 750 1988 823 habeamus,
2030 750 2411 824 Abstineas
2449 752 2609 843 erit,
2662 751 2784 851 qui

685 865 760 939 id
791 867 1023 965 ipsum
1045 882 1095 956 ¹,
1125 865 1298 967 quid
1321 866 1412 938 sit
1438 865 1887 957 abstinentia,
1919 866 2268 964 ignoret2?
2301 888 2368 938 et
2404 866 2634 956 fortis,
2662 865 2788 964 qui

685 1002 914 1055 metus
934 981 1191 1055 doloris
1208 1039 1228 1071 ,
1250 982 1523 1074 mortiS,
1554 982 2059 1083 superstitionis
2077 1040 2096 1075 ,
2127 982 2326 1055 nulla
2348 982 2611 1055 ratione
2636 1008 2794 1081 pur-

687 1097 991 1196 gaverit?
1032 1119 1098 1171 et
1128 1101 1398 1201 justus,
1442 1099 1565 1200 qui
1607 1098 1788 1198 aequi
1832 1098 2148 1198 bonique
2189 1120 2556 1172 tractatum
2573 1096 2630 1189 3,
2665 1096 2790 1198 qui

687 1213 910 1316 leges,
945 1240 1099 1314 quae
1125 1235 1373 1287 natura
1396 1233 1561 1287 sunt
1582 1214 1919 1287 omnibus
1938 1215 2110 1288 datae
2127 1272 2147 1306 ,
2176 1242 2471 1315 quaeque
2496 1215 2797 1314 propriae

690 1328 969 1430 populis
1005 1350 1071 1403 et
1111 1330 1440 1429 gentibus
1482 1330 1902 1419 constitutae,
1948 1358 2320 1429 nunquam
2371 1328 2798 1403 4eruditiore

693 1444 930 1545 aliquo
960 1471 1281 1519 sermone
1321 1445 1705 1519 tractarit5?
1738 1448 1806 1519 Ο
1835 1473 2051 1545 quam
2084 1446 2273 1520 istud
2302 1444 2639 1547 parvum⁶
2666 1474 2804 1546 pu·-

626 1578 663 1647 4
691 1580 871 1650 tant,
921 1561 1180 1659 quibus
1215 1582 1357 1635 tam
1391 1563 1591 1636 facile
1619 1563 1925 1636 videtur!
1973 1564 2108 1640 Sed
2150 1563 2323 1637 hoc⁷
2367 1585 2668 1653 transeo,
2706 1560 2798 1634 de

692 1676 878 1777 quo*3
908 1679 1271 1753 neminem
1288 1734 1306 1769 ‚
1341 1679 1466 1778 qui
1489 1679 1747 1753 litteras
1775 1679 1882 1755 vel
1906 1680 2150 1781 primis
2168 1738 2188 1774 ,
2215 1702 2294 1753 ut
2318 1680 2550 1773 aiunt,
2582 1680 2800 1752 labris

768 1909 812 1946 1.
843 1894 949 1964 Qui
978 1893 1034 1946 id
1063 1895 1249 1969 ipsum.
1274 1898 1533 1951 omittere
1564 1896 1703 1951 diei-

692 1986 780 2025 tur
808 1965 951 2026 Flor.
987 1974 1090 2027 Sed
1116 1977 1296 2028 Turic.
1335 1977 1470 2048 quid
1497 1979 1702 2048 ipsum,

692 2064 816 2122 post
841 2069 954 2123 quae
977 2055 1168 2125 repetit
1201 2072 1263 2107 ex
1287 2054 1564 2108 antecedd.
1590 2054 1703 2109 haec

694 2138 902 2180 tantiam
938 2129 1082 2202 quia.
1106 2170 1150 2183 ..
1194 2132 1449 2187 abstinens
1481 2135 1610 2201 en't,
1652 2148 1705 2186 et

696 2211 952 2261 continuo
975 2213 1147 2282 pergit
1168 2211 1300 2284 quid
1319 2213 1390 2265 sit
1408 2235 1460 2266 a.
1480 2216 1588 2268 Aut
1611 2215 1708 2286 igi·

697 2300 785 2339 tur
816 2287 1058 2342 librarius
1092 2289 1233 2342 Flor.
1259 2290 1503 2359 Codicis,
1540 2306 1634 2345 aut
1659 2294 1704 2345 is

700 2369 791 2436 qui
823 2365 968 2420 bunc
992 2368 1219 2421 contulit
1236 2408 1254 2435 ,
1288 2370 1528 2423 eamdem
1551 2390 1708 2444 repe·-

698 2447 939 2499 titionem
959 2459 1083 2500 ante
1103 2448 1290 2504 oculos
1308 2449 1542 2519 habens,
1561 2451 1709 2504 aber-

698 2527 850 2579 ravit.
884 2526 989 2579 Sed
1022 2527 1279 2601 idipsam
1313 2530 1464 2584 abest
1486 2549 1517 2582 a
1541 2532 1705 2584 Cm.

701 2604 862 2658 Goth.
879 2607 1034 2660 Voss.
1063 2626 1092 2660 2
1111 2645 1128 2670 ‚
1166 2621 1219 2660 et
1255 2608 1377 2661 edd.
1404 2622 1526 2662 ante
1550 2610 1708 2663 Basil.

704 2702 930 2758 quorum
961 2687 1104 2738 Jens.
1144 2687 1270 2756 (tac.
1305 2689 1491 2760 Gesn.)
1523 2691 1709 2756 Tarm,

701 2766 854 2839 quicq
863 2766 955 2818 uid
970 2768 1307 2822 sit—Nostri
1324 2771 1418 2841 qui
1436 2769 1492 2820 id
1509 2770 1708 2842 ipsum,

703 2857 909 2915 except.
934 2846 1042 2897 RR.
1069 2846 1133 2913 8,
1157 2863 1225 2916 9,
1256 2849 1350 2919 qui
1374 2848 1626 2900 omittunt
1655 2847 1711 2900 id

705 2924 892 2996 ipsum.
924 2926 1018 2977 Eu.

778 3021 827 3057 2.
863 3005 1108 3077 Iynmt3
1145 3008 1221 3060 sic
1253 3005 1525 3060 Tur-icens
1565 3008 1708 3061 Flor.

704 3082 885 3135 Ambr.
906 3102 933 3137 2
946 3122 965 3151 ,
977 3085 1155 3137 Guelf.
1171 3087 1293 3138 Exc.
1315 3088 1527 3140 Samen.
1543 3087 1707 3141 Goth.

705 3159 828 3231 (err.
845 3163 1032 3235 Gesn.)
1055 3182 1177 3216 cum
1195 3165 1332 3217 Alm.
1348 3169 1503 3219 Voss.
1527 3185 1573 3232 1,
1592 3186 1642 3233 2,
1654 3167 1711 3234 3,

706 3240 839 3295 Obr.
874 3242 1180 3314 Ignoraret,
1216 3244 1379 3296 Qut».
1421 3244 1565 3315 quod
1612 3244 1713 3299 sibi

704 3335 972 3392 repertum
1009 3324 1234 3375 correxit
1270 3324 1462 3393 Regius
1499 3324 1711 3396 ignora-

708 3402 795 3468 rit,
813 3400 1226 3472 obsequentibus
1241 3401 1473 3474 reliquis.
1488 3403 1713 3455 Ratione

705 3479 1056 3554 purgationis,
1072 3481 1248 3531 Turio.
1269 3479 1410 3531 Flor.
1427 3498 1549 3533 cum
1568 3481 1706 3533 Adm.

711 3578 774 3613 ex
793 3578 968 3612 errore
988 3557 1077 3609 illo
1096 3576 1376 3631 perperam
1395 3562 1711 3612 continuan-

708 3637 795 3701 ὥς
832 3638 950 3690 vide
973 3641 1038 3704 V,
1065 3655 1100 3708 9
1117 3674 1133 3704 ‚
1164 3637 1244 3690 13.
1278 3640 1339 3691 fl.
1362 3642 1709 3713 puqnaverit,

706 3715 870 3770 Goth.
886 3715 1117 3788 (tacente
1135 3717 1322 3788 Gesn.)
1340 3736 1460 3769 cum
1474 3721 1629 3770 Voss.
1653 3736 1680 3770 2
1692 3756 1710 3786 ,

706 3795 903 3869 Gryph.
935 3797 1085 3850 1536.
1104 3796 1237 3849 Vide
1250 3798 1377 3862 Vll,
1406 3813 1453 3864 1,
1485 3814 1565 3849 12.
1584 3799 1712 3849 Mox

708 3875 870 3927 virtus
894 3893 993 3947 pro
1002 3877 1179 3946 justus
1198 3873 1372 3927 Guelf.

781 3954 831 4005 3.
879 3954 1197 4007 Tractatum.
1217 3991 1230 4004 .
1251 3993 1263 4005 .
1313 3955 1561 4006 tractarit.
1610 3955 1709 4007 Hic

712 4033 923 4104 quidem
958 4036 1232 4107 insigniter
1261 4036 1342 4087 sui
1375 4032 1570 4086 oblitus
1598 4049 1712 4087 erat

608 4111 615 4118 ⁴
705 4111 916 4178 Noster,
950 4125 1002 4165 et
1031 4115 1239 4184 gravius
1276 4115 1432 4167 etiam
1467 4115 1711 4184 peccavit

1786 1916 1944 1972 quam
1977 1900 2032 1952 in
2062 1899 2258 1951 «modo
2289 1895 2382 1950 illo
2416 1895 2574 1949 modo
2611 1897 2796 1948 termi-

1791 2001 1812 2026 .
1833 1991 1959 2031 nato
1981 2002 2003 2026 n
2031 1975 2131 2045 IX,
2148 1978 2211 2044 4,
2233 1974 2350 2029 125.
2371 1976 2676 2028 Tractatum
2703 1991 2798 2026 au-

1783 2069 1891 2108 tem
1909 2056 2047 2130 oequi
2063 2055 2240 2107 dicere
2259 2055 2498 2126 inprimis
2519 2066 2685 2118 amat,
2706 2069 2796 2104 ve-

1782 2134 1864 2189 lut
1894 2134 1981 2189 hic
2009 2133 2087 2207 §§.
2117 2134 2214 2199 15,
2251 2134 2344 2196 16;
2380 2135 2510 2199 XII,
2549 2150 2604 2199 1,
2636 2134 2701 2197 ὃς
2727 2133 2802 2200 V,

1792 2234 1886 2282 ιο,
1925 2235 1990 2288 72
2009 2255 2025 2283 ,
2065 2216 2181 2269 118.
2207 2216 2267 2268 In
2289 2232 2481 2286 genere
2513 2213 2582 2267 de
2604 2213 2795 2286 dispu-

1785 2298 1985 2350 tatione
2002 2293 2377 2370 philosophica
2401 2293 2490 2346 hic
2510 2293 2557 2365 §.
2584 2311 2648 2365 ¹9
2668 2306 2798 2347 trae-

1788 2387 1974 2429 tatum.

1859 2453 1918 2521 4,
1935 2455 2230 2526 Nunquam
2253 2451 2535 2505 eruditiore
2542 2473 2562 2513 ‚-
2591 2453 2667 2504 sic
2694 2470 2800 2505 nos

1790 2552 1821 2585 e
1839 2536 1980 2605 conj.
2003 2534 2142 2585 Nam
2158 2532 2337 2585 Turic.
2357 2530 2520 2596 Flor.,
2543 2549 2706 2606 quam
2725 2549 2794 2593 e.,

1789 2630 1914 2665 cum
1936 2611 2074 2662 Alm.
2098 2610 2246 2661 Num
2270 2629 2351 2674 e.‚
2376 2607 2558 2660 Ambr.
2585 2626 2634 2662 2.
2665 2607 2796 2660 Nun

1791 2708 1835 2742 e.
1850 2728 1868 2757 ,
1894 2688 2069 2742 Guelf.
2098 2688 2222 2740 Non
2247 2707 2322 2753 ω,
2350 2687 2556 2758 reliqui.

1862 2767 1912 2820 5.
1942 2767 2227 2830 Tractat-iu
2257 2768 2330 2820 sic
2354 2766 2493 2818 Flor.
2522 2766 2703 2818 Ambr.
2732 2782 2796 2833 2,

1789 2845 2062 2899 Guelferb.
2083 2845 2247 2898 Cannu
2272 2864 2396 2898 cum
2413 2844 2553 2898 Alm.
2569 2849 2722 2899 Voss.
2744 2846 2796 2898 3.

1796 2925 2142 2991 Tmctaven't,
2167 2924 2376 2996 reliqui.
2553 2941 2562 2948 “

1862 3003 1914 3056 6.
1941 3005 2206 3065 Parmam·
2239 3004 2315 3056 sic
2338 3022 2439 3056 nos
2463 3023 2492 3058 e
2516 3005 2659 3072 conj.
2684 3003 2796 3054 Pa-

1793 3101 1995 3151 vorem,
2019 3085 2199 3136 Turio.
2227 3081 2367 3137 Flor.
2393 3103 2514 3137 cum
2537 3082 2796 3137 Almelov.

1791 3164 2020 3230 Parum,
2039 3161 2244 3235 reliqui.
2263 3161 2396 3215 Vide
2418 3163 2467 3228 1,
2491 3178 2536 3228 ι,
2561 3162 2641 3215 18.
2667 3161 2799 3232 Qui-

1794 3244 1886 3296 bus
1908 3262 2015 3295 non
2025 3241 2222 3314 facile,
2247 3242 2390 3295 Jens.
2416 3244 2569 3295 Tar-v.
2598 3242 2660 3312 Q.
2688 3252 2796 3293 tam

1792 3342 1900 3375 non
1912 3323 1963 3395 f.
1979 3361 1996 3390 ,
2020 3326 2204 3377 Locat.
2219 3328 2352 3377 Ven.
2375 3323 2532 3374 Ruso.

1864 3420 1914 3473 7.
1941 3402 2074 3456 Hoc.
2094 3405 2157 3455 R.
2182 3420 2233 3473 7,
2254 3401 2362 3454 hos.
2388 3401 2532 3473 Ayic.
2551 3399 2704 3453 Poul.
2729 3401 2791 3453 R.

1791 3483 1852 3547 3,
1878 3482 2002 3535 hoec.
2025 3483 2211 3536 Caeteri
2237 3481 2347 3534 hoc.
2370 3483 2463 3534 En.

1861 3564 1912 3616 8.
1942 3563 2022 3614 De
2047 3580 2151 3635 quo
2180 3563 2498 3615 neminem...
2531 3560 2794 3613 dubitatu-

1790 3659 1905 3693 rum
1926 3651 2075 3714 puto.
2095 3639 2239 3708 Quid
2262 3642 2419 3712 igitur
2441 3657 2626 3691 censes
2647 3637 2798 3700 illos,

1789 3719 1947 3785 Fabi,
1969 3720 2060 3790 qui
2078 3721 2323 3771 virtutem
2340 3718 2526 3770 doceri
2535 3729 2800 3788 negarunt

1790 3799 2078 3869 gravissimi
2086 3809 2320 3849 veterum
2330 3795 2802 3869 philosophorum?

1791 3875 1893 3930 Sed
1905 3876 1994 3948 qui
2005 3877 2207 3929 virtutis
2219 3889 2384 3929 artem
2393 3874 2592 3927 nullam
2609 3891 2800 3944 agnos·

1790 3968 1969 4008 cei-ent
1981 3994 1999 4022 ,
2015 3956 2051 4007 ii
2065 3956 2263 4008 Nostro
2279 3954 2591 4009 videbantur
2608 3951 2795 4025 quales

1791 4036 1882 4106 qui
1902 4033 2100 4086 nullam
2116 4031 2592 4107 eloquentia.Vide
2606 4029 2697 4083 lib.
2717 4032 2764 4083 11
2775 4069 2802 4097 ‚

1790 4132 1909 4186 cap.
1938 4130 2023 4182 21,
2050 4112 2093 4184 ξ.
2117 4114 2168 4166 3.
