3200 5159
788 464 872 547 48
1359 463 1453 529 M.
1494 463 1722 528 FAssn
1760 460 2318 544 QmN'rlLtAm

786 611 855 661 et
888 588 1206 687 gravitas,
1245 607 1313 660 et
1350 588 1645 660 minime
1677 586 1961 684 vulgare
2005 586 2383 685 eloquendi
2413 610 2633 684 genus
2665 582 2875 656 habe't

789 702 1072 774 laudem
1094 730 1108 774 :
1131 703 1251 775 sed
1270 701 1588 801 quamvis
1610 703 1673 774 ei
1697 701 2033 773 secundas
2052 716 2066 745 ¹
2092 702 2235 773 fere
2260 699 2878 799 grammaticorum

789 844 1163 890 consensus
1209 815 1517 907 deferat,
1574 837 1645 886 et
1694 813 2102 901 affectibus,
2155 834 2222 886 et
2270 811 2754 916 jucunditate,
2814 832 2885 882 et

789 931 1264 1030 dispositione,
1302 953 1370 1002 et
1405 928 1699 1002 omnino
1736 949 1876 1000 arte
1910 927 2262 1016 deficitur,
2299 950 2379 1001 ut
2412 928 2619 1027 plane
2657 925 2886 998 mani-

787 1046 962 1117 festo
991 1064 1353 1145 appareat,
1389 1064 1655 1144 quanto
1698 1042 1786 1114 sit
1822 1040 2015 1114 aliud
2044 1042 2444 1142 proximum
2474 1067 2654 1130 esse,
2688 1039 2885 1111 aliud

686 1169 755 1236 54
791 1158 1250 1232 secundum2.
1290 1157 1682 1257 Panyasin³
1714 1183 1798 1228 ex
1842 1176 2138 1254 utroque
2183 1157 2478 1229 mixtum
2519 1176 2769 1256 putant
2811 1156 2883 1226 in

790 1319 834 1391 §.
862 1318 928 1386 54
953 1319 1066 1371 init.
1093 1332 1275 1371 notam
1298 1320 1353 1370 in
1378 1316 1670 1389 Panyasin.
1702 1319 1793 1369 En.

866 1417 909 1451 ι.
940 1397 1258 1451 Secundus...
1286 1396 1587 1452 secundum.
1617 1399 1797 1466 Quum

787 1477 1036 1531 secundas
1057 1494 1088 1528 a
1110 1477 1460 1546 grammaticis
1482 1477 1590 1527 fere
1617 1475 1797 1527 tulisse

788 1556 982 1608 dicitur
994 1554 1566 1619 Antimachu3‚nemini
1582 1555 1680 1605 nisi
1697 1555 1801 1604 Ho-

790 1651 935 1683 mero
946 1645 1281 1704 comparatus
1292 1650 1407 1685 esse
1419 1630 1690 1703 putandus
1700 1645 1796 1683 cst.

788 1712 902 1764 Nec
935 1710 1085 1762 aliter
1112 1708 1432 1780 intelligetur
1456 1710 1545 1763 illa
1567 1711 1800 1782 proximi

789 1803 843 1842 et
890 1789 1099 1842 secundi
1147 1786 1448 1842 differentia
1470 1828 1488 1857 ,
1535 1807 1696 1862 quam
1738 1803 1800 1842 ut

786 1869 1056 1940 proxt'mus
1077 1869 1144 1918 sit
1166 1869 1302 1921 inter
1323 1886 1479 1938 quem
1499 1880 1553 1920 et
1571 1869 1800 1939 primum

790 1945 923 1998 nihil
946 1948 1193 2012 interest,
1218 1946 1455 2019 quamvis
1482 1944 1646 2017 longo
1674 1945 1800 1998 inde

789 2023 1062 2078 intervallo
1083 2024 1401 2096 diremptum
1412 2060 1429 2090 ,
1443 2024 1694 2078 secundus
1708 2027 1799 2097 qui

792 2104 1002 2155 nonnisi
1016 2121 1181 2154 unum
1195 2102 1418 2174 gradum
1437 2101 1711 2155 descendit
1730 2103 1797 2156 ab

789 2182 928 2236 illius
947 2185 1263 2254 praestantia.
1290 2184 1406 2234 Hoc
1424 2181 1689 2236 ceant-ms
1708 2183 1800 2235 do-

790 2264 901 2313 cuit
917 2259 1236 2313 advocandis
1250 2258 1419 2311 verbis
1430 2261 1659 2312 Horatii:
1684 2260 1801 2312 «Jo-

795 2364 819 2386 «
839 2342 889 2392 vi
921 2339 1051 2391 nil...
1084 2340 1225 2408 viget
1264 2337 1464 2404 simile,
1499 2351 1591 2390 aut
1623 2358 1799 2392 secun-

796 2441 820 2465 «
841 2419 997 2483 dum,
1021 2417 1286 2491 proximos
1314 2414 1391 2470 illi
1422 2429 1598 2469 tamen
1636 2436 1800 2469 occu-

794 2520 821 2545 ·
840 2499 983 2569 pavit
1012 2493 1177 2547 Pallas
1204 2494 1455 2549 honores.
1479 2520 1501 2545 ι
1536 2498 1657 2548 Non
1687 2510 1797 2550 erat

792 2576 951 2646 igitur
968 2592 1130 2645 quare
1148 2573 1365 2626 haereret
1383 2576 1437 2625 in
1456 2573 1577 2626 loco
1598 2590 1650 2627 et
1670 2593 1796 2627 con·

788 2656 1001 2706 trariam
1014 2651 1293 2704 verborum
1308 2655 1793 2723 interpretationem

791 2746 1015 2787 tentaret
1038 2729 1522 2802 Schellenbergius,
1547 2731 1648 2783 loc.
1675 2735 1792 2800 cit.,

790 2833 844 2885 p.
873 2811 969 2874 38,
993 2812 1078 2881 39.
1104 2811 1235 2862 Rem
1258 2809 1471 2862 conficit
1496 2828 1673 2862 versus
1696 2830 1795 2863 no-

790 2893 1019 2944 tissimus
1039 2889 1235 2960 Virgilii
1255 2889 1371 2940 AEn.
1392 2890 1455 2952 V,
1476 2888 1610 2956 320,
1635 2910 1658 2934 ιι
1674 2886 1794 2940 lon·-

794 2994 818 3017 .
836 2990 904 3042 go
927 2968 1019 3022 sed
1033 2968 1302 3042 proximus
1318 2965 1613 3020 intervallo.
1633 2991 1656 3016 n
1682 2970 1793 3021 Nec

787 3053 988 3121 majore
1033 3048 1275 3100 encomio
1314 3046 1587 3118 Virgilium
1628 3046 1794 3098 donat

784 3119 1002 3190 Noster,
1025 3125 1069 3199 §.
1098 3126 1193 3191 86,
1215 3139 1269 3178 et
1290 3125 1419 3178 Plin.
1444 3127 1539 3198 Ep.
1555 3128 1675 3191 vu,
1697 3143 1791 3193 ao,

788 3206 839 3273 4.
859 3204 1107 3259 Secunda·
1119 3218 1343 3278 possunt
1357 3204 1469 3256 dari
1484 3206 1560 3272 ei,
1577 3206 1669 3275 qui
1683 3223 1791 3257 non

784 3287 853 3338 sit
872 3283 1142 3351 secundus,
1167 3283 1260 3336 sed
1284 3296 1486 3336 tantum
1505 3285 1786 3355 proximus.

785 3394 857 3404 —-
879 3361 1303 3434 Spaldingianam
1324 3360 1483 3433 hujus
1507 3359 1614 3412 loci
1636 3363 1792 3413 inter-

784 3445 1133 3516 pretationem
1148 3461 1259 3494 non
1272 3442 1528 3512 permittit
1545 3442 1792 3492 Burman·

787 3540 887 3574 nus
921 3522 992 3573 ob
1023 3520 1079 3573 id
1106 3522 1365 3592 primum,
1394 3517 1572 3591 quod,
1600 3521 1644 3571 si
1672 3538 1788 3571 eam

787 3601 1049 3672 sequaris,
1073 3597 1428 3667 Quintilianus
1447 3596 1656 3650 diverso
1679 3616 1791 3650 sen-

784 3697 848 3733 su
882 3680 1201 3730 commiserit
1232 3677 1326 3730 has
1358 3695 1516 3730 voces
1546 3676 1790 3731 secundas

785 3773 838 3812 et
876 3759 1159 3811 secundum
1173 3796 1192 3824 ‚
1227 3776 1399 3829 neque
1440 3771 1618 3810 tamen
1655 3756 1786 3809 adeo

781 3837 988 3890 subtilis
1011 3836 1320 3888 differentiae
1348 3834 1599 3888 indicium
1626 3833 1790 3887 dede-

781 3918 850 3968 rit
875 3916 1075 3978 ullum3
1104 3914 1328 3981 deinde,
1353 3913 1498 3985 quod
1525 3911 1702 3985 Spald.
1732 3927 1787 3965 et

781 3997 939 4048 Gesn.
982 3998 1065 4047 usi
1104 3996 1301 4047 fuerint
1342 3993 1443 4046 illis
1488 3995 1692 4045 Horatii
1732 4006 1785 4045 et

779 4075 981 4144 Virgilii
995 4074 1125 4127 locis
1136 4113 1154 4142 ,
1172 4077 1226 4127 in
1242 4074 1434 4148 quibus
1450 4073 1783 4125 manifestum

777 4168 860 4208 est
875 4173 1094 4208 acumen
1108 4158 1395 4228 poeticum.
1409 4154 1650 4222 Quorum
1667 4151 1785 4206 loca

1878 1315 1944 1368 ad
1967 1317 2152 1384 Quint.
2179 1317 2602 1389 explanationem
2623 1314 2733 1368 no⁸n
2755 1334 2885 1387 per-

1877 1399 2075 1450 tinente
2102 1399 2298 1469 quippe
2329 1400 2383 1448 in
2406 1395 2488 1449 his
2512 1397 2784 1468 proximus
2804 1407 2884 1447 est

1876 1476 2283 1546 comparationis
2307 1475 2653 1546 superlativus
2675 1471 2697 1545 (
2707 1473 2886 1544 proxi-

1877 1571 1989 1605 mus
2023 1556 2160 1606 inter
2186 1552 2462 1624 caetcros);
2491 1553 2634 1625 apud
2657 1551 2878 1621 Quintil.

1876 1644 2059 1682 contra
2085 1631 2177 1683 tali
2201 1635 2320 1686 usui
2343 1632 2494 1684 locus
2520 1650 2627 1683 non
2655 1644 2766 1695 est,
2791 1633 2882 1703 qui

1878 1708 2119 1762 absolute
2138 1709 2353 1762 adhibet
2368 1708 2424 1762 τό
2438 1709 2737 1782 proximum
2752 1724 2880 1772 esse,

1879 1786 2024 1858 quod
2044 1786 2195 1841 aliter
2211 1790 2384 1860 accipi
2402 1790 2585 1859 nequit
2600 1806 2758 1858 quam
2779 1786 2884 1839 val-

1878 1866 1944 1917 de
1964 1885 2128 1939 pmpe
2149 1868 2418 1933 accedere,
2442 1869 2578 1919 sicut
2598 1867 2883 1920 secundum

1877 1963 1978 1998 esse
1999 1943 2129 1998 nihil
2151 1946 2296 2000 aliud
2318 1960 2398 1999 est
2412 1984 2430 2013 ,
2461 1964 2622 2018 qnam
2652 1943 2882 2016 priorem

1878 2040 1977 2075 esse
2000 2028 2149 2076 tertio
2181 2035 2233 2076 et
2263 2023 2485 2097 reliquis.
2529 2023 2687 2075 Plane
2719 2025 2796 2075 sic
2825 2023 2882 2074 σεδ

1874 2103 2174 2172 proximum
2196 2116 2413 2176 usurpat
2432 2115 2620 2154 auctor
2632 2103 2880 2174 epigram·

1877 2182 2030 2233 matis
2057 2182 2113 2233 in
2140 2180 2357 2234 Anthol.
2387 2183 2561 2234 Burm.
2586 2182 2642 2245 1,
2663 2199 2720 2252 p.
2745 2180 2846 2233 355
2862 2218 2882 2246 ,

1884 2280 1907 2304 ι
1928 2261 2151 2311 Maeonio
2175 2262 2279 2312 vati
2313 2262 2403 2333 qui
2423 2277 2546 2331 par,
2570 2269 2666 2311 aut
2695 2258 2879 2330 proxi-

1884 2360 1907 2384 ·
1926 2358 2043 2392 mats
2067 2353 2228 2403 esset,
2253 2338 2539 2391 Consultus
2563 2341 2714 2391 Poean
2737 2341 2878 2403 risit,

1883 2438 1906 2463 κ
1928 2432 2028 2468 etc.
2052 2441 2073 2465 ιι
2114 2417 2351 2471 Alterum
2383 2420 2703 2490 epigramma
2736 2416 2878 2489 qnod

1875 2493 2070 2547 ibidem
2093 2494 2302 2566 legitur,
2326 2510 2387 2548 ut
2411 2494 2743 2548 indefinitum
2769 2496 2878 2547 for-

1877 2586 2014 2625 tasse
2025 2569 2081 2624 ere*
2095 2575 2396 2645 proximum
2415 2572 2690 2644 relinquit,
2710 2576 2783 2625 ita
2800 2574 2879 2626 fir·

1874 2664 1982 2703 mat
2003 2653 2303 2704 Buttmanni
2321 2654 2632 2704 sententiam
2647 2651 2713 2704 de
2727 2651 2794 2720 τᾷ
2805 2657 2877 2706 δὲ·

1874 2730 2101 2783 cundum
2128 2753 2144 2781 .-
2192 2755 2214 2777 ιι
2234 2733 2313 2784 De
2357 2751 2575 2784 numero
2618 2744 2796 2784 vatum
2833 2734 2877 2784 si

1880 2833 1902 2857 ιι
1924 2813 2040 2881 quis
2080 2826 2303 2883 seponat
2343 2814 2627 2864 Homerum
2644 2850 2662 2878 ,
2698 2813 2873 2863 Proxi-

1878 2911 1902 2935 ο
1923 2909 2038 2942 mus
2070 2910 2101 2943 a
2133 2893 2302 2962 primo
2341 2905 2453 2943 tum
2487 2892 2638 2943 Maro
2673 2892 2874 2963 primus

1878 2991 1901 3015 ιι
1922 2971 2047 3022 erit:
2072 2970 2136 3021 Et
2155 2974 2199 3023 si
2221 2986 2344 3042 post
2366 2973 2594 3043 primum
2612 2972 2765 3022 Maro
2788 2987 2871 3023 ee-

1878 3069 1901 3093 ·
1922 3061 2152 3119 ponatur
2179 3051 2492 3115 Homerum,
2517 3050 2697 3120 Longe
2723 3051 2821 3102 crit
2843 3067 2874 3100 a

1876 3148 1899 3172 ιι
1919 3129 2091 3198 primo
2142 3129 2364 3200 quisque
2414 3129 2662 3190 secundus
2712 3130 2825 3180 erit.
2845 3149 2868 3172 n

1871 3205 2024 3256 Hunc
2066 3204 2242 3257 lucum
2281 3209 2356 3276 sic
2391 3207 2766 3277 interpretatus
2795 3217 2873 3256 est

1869 3281 2184 3355 Gedoynus:
2212 3283 2277 3336 Ce
2293 3285 2385 3357 qui
2402 3294 2601 3334 monti-e
2625 3279 2677 3332 la
2697 3281 2875 3354 prodi-

1863 3363 2036 3434 qieuse
2051 3361 2338 3434 difference
2353 3363 2487 3435 qu'il
2498 3382 2545 3433 y
2560 3382 2593 3412 a
2610 3373 2754 3413 entre
2772 3363 2873 3412 ecre

1871 3439 1921 3491 Ie
1938 3444 2163 3511 premier
2185 3446 2334 3514 apres
2356 3440 2634 3516 quelqu'un
2649 3480 2670 3507 ,
2698 3453 2752 3492 et
2779 3447 2872 3512 αρ’-

1864 3518 2087 3589 procher
2103 3519 2268 3572 delui
2293 3520 2358 3571 de
2367 3519 2486 3592 fort
2500 3522 2631 3590 pres.
2654 3520 2749 3570 En.

1942 3615 1991 3650 2.
2023 3597 2332 3650 Secundum.
2355 3599 2531 3650 Turic.
2565 3594 2707 3648 Flor.
2745 3594 2868 3666 (hic

1869 3696 1900 3730 a
1922 3696 2000 3749 pr.
2026 3678 2208 3748 manu)
2230 3679 2477 3732 omittunt
2501 3663 2623 3728 cum
2645 3675 2789 3729 Alm.

1940 3759 1990 3810 3.
2033 3757 2298 3827 Panyasin
2318 3794 2336 3822 ,
2379 3755 2640 3808 Heraclea
2681 3768 2867 3807 aucto·

1865 3856 1975 3888 rem
1987 3874 2004 3901 ‚
2023 3836 2090 3888 de
2105 3855 2212 3908 quo
2228 3835 2344 3889 vide.
2359 3836 2592 3907 inprimis
2605 3836 2866 3907 Heynium

1863 3917 1919 3969 in
1942 3916 2116 3968 Indice
2141 3928 2416 3967 auctorum
2445 3913 2513 3966 ab
2537 3911 2863 3985 Apollodoro

1864 3994 2214 4047 laudatorum.
2241 3995 2292 4046 Si
2313 3996 2524 4066 queriS,
2544 4011 2607 4044 ex
2624 4010 2728 4064 quo
2753 4006 2863 4043 tan-

1862 4073 1985 4127 ‹lem
2003 4087 2225 4145 utroque
2245 4074 2299 4124 in
2317 4070 2622 4144 eloquendo
2645 4072 2865 4123 mixtum

1864 4157 2098 4227 putarint
2125 4166 2326 4207 veteres
2355 4154 2643 4224 Panyasin,
2674 4152 2864 4208 Hesio·
