3200 5159
706 500 833 582 424

1269 497 1364 564 M.
1404 497 1634 565 FABn
1669 495 2225 582 QUINTILIAM

704 625 1022 716 credam3
1056 652 1280 724 quum
1300 623 1805 724 pulcherrima¹
1834 625 1984 725 ejus
2012 625 2087 697 in
2122 624 2482 724 republica
2514 624 2811 699 consilia

612 746 677 800 16
707 761 773 813 et
796 740 1012 812 finem
1028 741 1179 812 vitae
1202 741 1470 812 clarum
1493 741 1747 838 legam.
1774 742 1918 812 Nee
1935 755 1960 785 ²
1984 741 2234 813 Marco
2259 740 2488 814 Tullio
2508 741 2812 814 defuisse

704 855 905 926 video
940 855 1012 925 in
1043 854 1186 927 ulla
1225 853 1463 955 parte³
1496 855 1661 926 civis
1690 854 1937 954 optimi
1969 854 2420 928 voluntatem.
2451 856 2812 929 Testimo-

710 969 831 1042 nio
867 991 965 1042 est
990 990 1184 1042 actus
1218 969 1650 1041 nobilissime
1689 967 2117 1058 consulatus;
2154 968 2598 1069 integerrime
2645 996 2813 1069 pro-

705 1084 935 1156 vincia
974 1085 1489 1172 administrata3
1539 1104 1607 1156 et
1652 1082 2098 1182 repudiatusff*
2137 1083 2692 1181 vigintiviratu33
2744 1105 2811 1156 et

706 1200 1025 1273 civilibus
1058 1198 1290 1291 bellis,
1330 1226 1486 1298 quae
1515 1198 1592 1270 in
1633 1218 1899 1271 aetatem
1939 1197 2088 1299 ejus
2117 1197 2517 1296 gravissima
2544 1197 2815 1269 incide-

709 1335 906 1402 runt,
946 1340 1175 1411 neque
1212 1340 1331 1413 spe
1375 1339 1607 1413 neque
1638 1333 1831 1385 metu
1875 1312 2258 1385 declinatus
2299 1313 2621 1403 animus,
2665 1340 2811 1412 quo

709 1431 949 1503 minus
968 1431 1251 1531 optimis
1271 1456 1343 1502 se
1371 1430 1686 1530 partibus
1703 1487 1722 1521 ‚
1751 1428 1823 1501 id
1846 1451 1944 1502 est
1960 1485 1979 1522 ,
2007 1428 2436 1529 reipublicae,
2454 1428 2809 1530 jungeret.

613 1557 673 1611 ¹7
708 1551 964 1620 Parum
1005 1548 1199 1620 fortis
1235 1548 1506 1621 videtur
1546 1548 2016 1648 quibusdam:
2063 1545 2322 1645 quibus
2360 1547 2622 1647 optime
2666 1574 2816 1618 res-

706 1661 998 1763 pondit⁵
1027 1663 1207 1764 ipse,
1234 1691 1371 1736 non
1396 1691 1465 1736 se
1483 1665 1801 1736 timidum
1828 1669 1899 1734 in
1926 1664 2393 1763 suscipiendis,
2424 1663 2541 1734 sed
2565 1669 2636 1734 in
2655 1690 2815 1763 pro-

707 1781 1015 1852 videndis
1049 1779 1417 1879 periculis;
1462 1780 1653 1879 qnod
1688 1778 2008 1879 probavit
2034 1799 2259 1851 morte
2293 1804 2574 1878 quoque
2616 1778 2768 1876 ipsa
2790 1834 2810 1865 ‚

616 1890 679 1942 ¹⁸
710 1922 923 1994 quam
947 1891 1554 1994 praestantissimo⁶
1573 1893 1874 1993 suscepit
1889 1892 2370 1983 anim0.Quod
2384 1892 2443 1964 si
2460 1891 2686 1964 defuit
2703 1892 2815 1963 his

708 2011 874 2082 viris
908 2036 1187 2083 summa
1223 2010 1466 2100 virtus;
1496 2009 1591 2082 sie
1610 2067 1630 2101 ,
1660 2007 2167 2106 quaerentibus,
2197 2032 2288 2078 an
2317 2027 2613 2079 oratores
2651 2009 2816 2079 fue-

713 2128 890 2217 rint,
918 2125 1384 2227 respondebO,
1410 2125 1767 2228 quomodo
1788 2124 2013 2215 stoici,
2040 2124 2097 2196 si
2123 2122 2696 2223 interrogemini-7,
2723 2151 2814 2195 an

794 2316 839 2352 1.
863 2298 1038 2370 Quum
1052 2300 1437 2373 pulcherrirna,-
1457 2301 1723 2354 sieTuric.
1807 2295 1990 2351 tei-cul.
2022 2296 2151 2368 (lib.
2190 2298 2268 2362 Π,
2300 2314 2417 2368 cap.
2451 2295 2559 2367 46)
2595 2307 2650 2347 et
2681 2291 2814 2347 Plin-

718 2378 882 2432 Cat».
917 2399 1039 2432 eum
1065 2381 1198 2433 Alm.
1235 2381 1310 2432 Et
1337 2382 1577 2434 inserunt
1602 2379 1728 2432 reli·
1807 2376 1973 2448 (nist.
2000 2376 2125 2437 Nat.
2143 2378 2236 2428 vll
2253 2413 2272 2441 ‚
2295 2374 2365 2428 30
2377 2375 2414 2446 ).
2440 2376 2533 2427 En.

721 2461 830 2527 qni.
868 2459 1002 2530 Ejus
1042 2459 1114 2510 rei
1147 2457 1405 2529 publicae,
1440 2458 1627 2510 Ambe.
1665 2472 1729 2523 2,

1882 2455 1934 2509 5.
1963 2456 2243 2529 Respondit
2266 2456 2387 2527 ipse.
2417 2456 2540 2506 Haec
2562 2455 2679 2524 ipsa
2700 2454 2820 2524 qni-

718 2534 895 2586 Guelf.
926 2535 1279 2607 (quamquam
1311 2535 1400 2588 hic
1430 2554 1474 2587 r.-
1497 2536 1581 2607 p.)
1608 2554 1731 2587 cum
1809 2537 1967 2603 dem,
2006 2556 2121 2609 quae
2162 2538 2420 2590 continuo
2457 2547 2822 2596 recenseam,

724 2613 887 2666 Goth.
911 2616 1054 2667 Jens.
1082 2628 1135 2668 et
1158 2616 1280 2667 edd.
1300 2629 1442 2687 post.
1464 2629 1588 2668 ante
1607 2613 1730 2666 Ald.

730 2755 737 2764 .
798 2710 846 2744 2.
867 2693 997 2746 Nec.
1018 2695 1282 2745 Omittnnt
1295 2694 1570 2746 'rm-icens.
1586 2691 1728 2743 Flor.

725 2791 846 2823 cum
866 2772 1004 2823 Alm.
1032 2775 1134 2823 Pro
1155 2772 1338 2824 Marco
1358 2783 1540 2824 notam
1564 2769 1734 2822 solam

725 2850 902 2903 Guelf.
928 2850 1089 2904 Goth.
1115 2851 1275 2904 Cane.
1308 2869 1430 2902 cum
1465 2847 1583 2900 edd.
1611 2861 1736 2900 ante

728 2932 895 2984 Stoer.
940 2933 1094 3003 Cujus
1128 2930 1346 3003 optimi,
1392 2929 1532 2981 Flor.
1570 2929 1734 2981 ΕΔΜ».

734 3011 1111 3064 Testimonium
1130 3023 1202 3063 est
1221 3011 1449 3075 habitus,
1468 3012 1634 3062 Cmr.
1650 3009 1741 3059 In-

732 3093 1050 3162 tegerrime..
1073 3129 1086 3142 .
1145 3091 1532 3163 vigintiviratus
1580 3092 1739 3141 omit-

732 3182 852 3222 tunt
873 3170 1050 3221 Turio.
1079 3169 1218 3221 Flor.
1247 3187 1368 3221 cum
1392 3169 1526 3221 Alm.
1553 3169 1740 3240 Neque

732 3265 820 3319 spe
857 3250 1109 3300 omittunt
1151 3247 1329 3300 iidem.
1366 3247 1546 3300 Metus
1576 3245 1740 3299 decli-

732 3339 913 3392 natus,
928 3331 1105 3381 Turio.
1120 3328 1260 3379 Flor.
1277 3328 1425 3380 Idem
1445 3346 1544 3399 pro
1567 3326 1623 3377 id
1639 3337 1738 3392 est,

733 3409 896 3460 (ἴωσι).
927 3406 1154 3480 optimis
1170 3408 1399 3479 partibus
1420 3408 1496 3458 rei
1512 3426 1570 3479 p.
1594 3425 1647 3459 se
1661 3409 1705 3478 1'·
1717 3443 1737 3472 ,

730 3488 874 3539 Jens.
891 3485 1017 3556 (tac.
1033 3487 1217 3558 Gesn.)
1231 3506 1353 3537 eum
1374 3484 1494 3537 edd.
1511 3499 1737 3555 posterr-

733 3581 856 3619 ante
876 3566 994 3619 Ald.
1011 3568 1052 3618 J
1051 3586 1120 3617 un
1122 3579 1383 3639 yet-entur,
1399 3568 1578 3618 Turio.
1595 3564 1737 3617 Flor-

806 3646 859 3698 3.
896 3648 964 3698 In
1008 3645 1123 3697 ulla
1155 3657 1323 3718 porte.
1358 3645 1493 3698 Vide
1533 3645 1628 3697 lib.
1663 3646 1740 3710 ΙΙ,

733 3747 852 3799 cap.
883 3727 971 3790 16,
996 3725 1041 3796 §.
1068 3727 1149 3779 18.

805 3807 855 3872 4.
867 3804 1192 3877 Repudiatus
1206 3802 1741 3877 vigintiviratus.vide

729 3885 914 3937 Vellei.
941 3886 989 3936 11
1003 3923 1020 3950 ‚
1040 3881 1138 3952 453
1172 3884 1368 3937 collato
1392 3886 1565 3937 Dione
1592 3885 1739 3936 Cassa
1793 3890 1800 3895 '

730 3965 830 4028 38,
862 3983 879 4016 ι
907 3983 1087 4036 seqq„
1114 3966 1395 4037 ipsumque
1428 3966 1740 4017 Ciceronem

729 4044 795 4097 ad
822 4047 930 4096 Att.
949 4045 1050 4110 IX,
1077 4061 1136 4110 2,
1160 4056 1213 4095 et
1236 4043 1326 4096 lib.
1353 4044 1427 4110 11,
1450 4042 1738 4095 6.--Vide

731 4137 953 4197 quantas
986 4123 1157 4176 eidem
1187 4125 1447 4178 Ciceroni.
1470 4122 1656 4176 laudes
1685 4135 1740 4175 et

730 4226 887 4281 quam
919 4207 1130 4259 meritas
1161 4205 1440 4260 tribuerint
1468 4204 1602 4258 vell.
1639 4207 1739 4258 Pa-

1812 2618 2081 2670 Ciceronis
2103 2616 2263 2669 verbe
2294 2635 2406 2668 non
2437 2617 2681 2679 invenio,
2719 2632 2822 2665 nee

1814 2695 2353 2748 demonstraruntVV.
2363 2696 2478 2746 DD.
2495 2693 2824 2746 Sententiam

1818 2776 2098 2845 saepissime
2119 2773 2346 2846 profert,
2374 2791 2537 2844 quum
2557 2774 2611 2823 in
2631 2772 2829 2842 episto-

1816 2854 1880 2908 lis
1901 2856 2137 2926 queritur
2153 2853 2221 2906 de
2237 2854 2529 2906 temeritate
2547 2852 2826 2922 Pompeia-

1816 2952 2038 3000 norum,
2060 2932 2206 2984 velut
2231 2930 2433 2983 Famffl.
2448 2933 2548 2996 vl,
2569 2947 2665 2994 αι,
2693 2927 2830 2980 mul-

1815 3015 1992 3085 tisque
2041 3026 2298 3084 preterea
2350 3010 2500 3062 locis.
2555 3009 2828 3062 Gesnerns

1817 3091 1956 3144 hanc
1979 3109 2167 3143 vanam
2194 3090 2464 3144 Ciceronis
2496 3102 2549 3142 et
2579 3109 2678 3160 pro
2702 3089 2824 3161 ipso

1812 3171 2156 3241 jactationem
2192 3171 2394 3239 arguit,
2434 3170 2525 3238 qui
2561 3186 2630 3220 ne
2666 3170 2828 3219 morti

1821 3248 2034 3321 quidem
2076 3251 2189 3318 ejus
2231 3247 2458 3299 multum
2497 3246 2828 3300 fortitudinis

1820 3330 2037 3382 affuisse
2057 3331 2264 3394 censes,
2284 3326 2440 3380 simul
2459 3344 2586 3380 usus
2604 3329 2721 3398 ipsa
2740 3326 2830 3379 Se·

1819 3428 1962 3462 necae
2002 3410 2168 3481 patris
2207 3407 2278 3459 ad
2313 3405 2526 3459 laudem
2556 3407 2828 3460 Ciceronis

1822 3487 2071 3541 tendente
2091 3488 2339 3542 suasorie
2350 3490 2460 3539 vn.

1892 3568 1944 3620 6.
1971 3567 2459 3622 Proestantissimo...
2483 3568 2682 3618 anivno.
2700 3567 2828 3618 Non

1821 3661 1900 3702 est
1919 3647 2063 3719 quod
2081 3666 2202 3700 cum
2215 3648 2439 3699 Franeio
2459 3659 2511 3698 et
2525 3647 2829 3698 But-manno

1821 3745 2081 3798 reponere
2107 3725 2234 3778 velis
2263 3723 2675 3797 pmoentissimo.
2694 3721 2831 3775 vid·

1820 3807 2027 3872 lib.vl‚
2051 3825 2169 3878 cap.
2203 3824 2248 3873 1,
2275 3803 2321 3880 §-
2350 3804 2434 3859 25.

1894 3904 1943 3957 7.
1967 3887 2029 3940 Si
2051 3888 2446 3960 interroqentur.
2463 3884 2643 3936 Tun-ic.
2661 3881 2828 3948 Flor„

1817 3967 1863 4019 si
1891 3967 2293 4042 interrogantur.
2319 3964 2516 4030 Cum,
2539 3966 2586 4017 si
2614 3963 2834 4014 interro-

1813 4058 2080 4120 garentur,
2115 4064 2236 4097 oum
2259 4040 2421 4096 Goth.
2461 4055 2515 4095 et
2544 4040 2666 4094 edd.
2701 4051 2830 4093 ante

1817 4123 1938 4177 Atd.
1975 4127 2093 4177 Hoc
2131 4127 2306 4196 ipsum
2342 4141 2524 4176 verum
2553 4120 2832 4194 suspicor,

1815 4204 1980 4258 modo
2019 4218 2073 4259 et
2104 4224 2228 4257 mox
2263 4202 2636 4276 respondebant
2667 4218 2828 4273 repo·
