3200 5159
1124 476 1636 572 PRAEFATlo.
2015 491 2028 500 ·
2389 506 2424 570 7

330 621 516 686 tione
540 633 604 686 et
623 642 701 685 as
719 642 846 710 pro
874 623 1069 688 oetattk
1096 619 1269 688 hanc
1296 622 1407 687 ille
1433 622 1689 692 extudit
1711 625 2134 712 scripturam,
2164 648 2239 690 ac
2272 625 2432 691 lases

334 750 396 800 et
418 757 530 799 asa
535 734 831 824 fuerumt
852 737 1016 819 Quae
1039 751 1115 802 ut
1137 738 1375 802 merito
1400 735 1774 819 laudamus,
1805 739 1894 804 ita
1919 762 2054 806 non
2079 763 2430 828 possumus

331 872 469 916 non
492 873 769 916 monere
793 869 1057 932 caetera,
1089 874 1240 942 quae
1263 852 1527 919 libellus
1552 853 1665 918 ille
1688 856 2051 934 contineat,
2082 857 2135 921 si
2165 856 2432 921 levioris

333 967 655 1032 momenti
687 967 1006 1032 nonnulla
1037 968 1402 1056 exceperis,
1428 968 1759 1058 ejusmodi
1793 992 1935 1037 esse
1964 971 2216 1049 omnia,
2242 988 2318 1036 ut
2340 970 2435 1034 vi·

334 1103 558 1146 rorum
588 1079 939 1148 doctorum
965 1084 1175 1150 oculis
1202 1083 1497 1174 subjecta
1515 1083 1708 1149 valde
1735 1086 2085 1151 miremur:
2112 1108 2267 1150 nam
2286 1108 2435 1176 quae

335 1193 442 1259 vel
486 1199 974 1283 grammaticam
999 1246 1016 1277 ,
1064 1198 1172 1262 vel
1217 1196 1411 1262 aliam
1464 1197 1551 1263 ob
1596 1219 1864 1264 cansam
1909 1198 1996 1263 ad
2041 1197 2437 1264 mutandum

342 1325 598 1375 textum
630 1312 1031 1402 conjectata,
1065 1331 1182 1379 aut
1220 1336 1371 1403 quae
1403 1312 1644 1379 eodem
1684 1338 1767 1380 ex
1807 1337 2053 1403 genere
2094 1313 2441 1381 observata

343 1440 529 1502 sunt,
561 1426 631 1489 in
664 1427 742 1491 iis
771 1427 967 1515 plane
993 1426 1448 1493 desideramus
1472 1427 1818 1494 subactum
1847 1428 2013 1493 illud
2037 1428 2443 1518 grammatici

334 1537 696 1629 judicium,
723 1542 865 1606 sine
899 1566 1033 1632 quo
1069 1544 1136 1607 in
1175 1542 1278 1609 his
1310 1542 1544 1608 litteris
1579 1541 1754 1608 effici
1783 1542 1948 1608 nihil
1977 1560 2216 1632 potest.
2243 1541 2443 1627 Quod

347 1677 431 1719 ne
460 1653 695 1720 durius
719 1653 849 1721 dici
876 1654 1197 1736 videatur,
1227 1654 1537 1745 ponenda
1560 1673 1717 1722 sunt
1741 1655 1851 1722 bic
1874 1656 2235 1744 specimina
2266 1679 2444 1745 quae-

350 1768 535 1835 dam:
564 1771 776 1850 velut,
810 1795 1017 1862 quum
1042 1772 1111 1837 in
1139 1771 1242 1837 his
1270 1772 1489 1838 verbis
1513 1773 1608 1856 (1,
1645 1795 1699 1851 1,
1729 1770 1857 1854 36).
1887 1770 2298 1863 Prosequitur
2319 1771 2446 1840 hoec

350 1889 648 1951 mensoria
674 1890 1185 1970 (sententiarum
1208 1887 1294 1954 ad
1322 1888 1760 1953 imitationem
1788 1885 2118 1952 scribendi
2148 1887 2450 1976 proposi·

352 2005 596 2084 tarum)
623 2004 689 2065 in
714 2013 1115 2083 senectutem,
1148 2015 1210 2067 et
1236 2006 1533 2093 impressa
1565 2004 1777 2069 aninw
1805 2000 1955 2065 rudi
1977 2024 2171 2093 usque
2204 2001 2291 2066 ad
2314 2025 2447 2068 mo—

356 2136 454 2180 res
483 2115 797 2206 prqficiet,
830 2117 984 2181 satis
1013 2113 1304 2181 dilucide
1326 2140 1367 2181 a
1388 2115 1773 2205 Spaldingio
1803 2115 2154 2204 explicitis,
2182 2115 2450 2203 Sal-pins

360 2252 525 2296 voce
556 2253 749 2325 usque
778 2233 1128 2321 significari
1157 2233 1299 2298 vult
1319 2255 1580 2323 semper,
1605 2234 1745 2296 sive
1768 2254 1888 2321 per
1908 2241 2100 2295 totam
2121 2233 2314 2294 vitam
2332 2278 2351 2308 ‚
2381 2230 2452 2296 in

360 2367 575 2434 eoque
602 2368 726 2412 usu
752 2346 1208 2412 confirmando
1233 2344 1555 2412 Almelox'v.
1582 2363 1650 2410 et
1672 2343 2007 2434 Spalding.
2031 2367 2165 2410 non
2186 2361 2455 2410 veretur

354 2455 715 2526 admonere
765 2460 1105 2525 Horatiani
1148 2460 1322 2525 illius
1365 2472 1573 2525 tamen
1619 2479 1815 2547 usque
1862 2468 2176 2537 recurret,
2217 2455 2343 2522 alia
2382 2479 2453 2521 se

358 2577 693 2661 praeterire
718 2575 946 2643 dicens
970 2573 1270 2666 e'xempla
1302 2607 1328 2636 α
1346 2600 1496 2667 quae
1523 2579 1655 2642 sint
1678 2575 1775 2634 ὅσα
1793 2576 2033 2654 ψάμαθόσ
2049 2597 2105 2633 τε
2133 2576 2387 2642 advectu:
2419 2607 2448 2635 »ι

360 2692 474 2780 qui
512 2693 565 2756 si
601 2693 707 2757 vel
746 2693 952 2759 lexica
990 2695 1415 2782 inspexisset,
1456 2695 1766 2783 prosariae
1805 2696 2120 2761 orationis
2157 2693 2457 2782 exempla

360 2809 623 2874 nonnisi
663 2802 1088 2899 paucissima,
1132 2814 1188 2877 si
1225 2811 1406 2877 locos
1441 2811 1651 2899 ipsos,
1690 2812 1870 2877 nulla
1902 2811 2299 2877 invenisset:
2339 2810 2457 2876 sed

365 2922 468 2989 fac
509 2926 601 2990 ita
636 2927 989 2992 Cicerones
1030 2929 1231 2992 etiam
1270 2943 1338 2992 et
1373 2927 1817 3010 Quintilianus
1857 2926 2116 2991 locutos
2151 2947 2333 3005 esse:,
2372 2946 2460 2989 ne

366 3040 528 3106 illud
582 3044 856 3132 quidem
898 3045 1182 3113 attendit
1225 3044 1491 3134 Sarpius
1516 3093 1534 3123 ‚
1583 3044 1937 3133 particulas
1989 3065 2184 3133 usque
2232 3041 2320 3106 ad
2368 3042 2462 3107 sic

360 3155 622 3246 junctas
651 3159 851 3226 nullis
879 3161 1202 3227 machinis
1230 3159 1531 3226 distineri
1559 3182 1776 3248 posse.
1815 3156 2020 3225 Paulo
2049 3157 2355 3246 superius
2393 3159 2464 3222 in

370 3272 672 3362 ejusdem
690 3277 921 3366 capitis
945 3274 1042 3368 ες.
1068 3281 1179 3359 24,
1206 3275 1288 3343 25
1303 3325 1322 3356 ,
1341 3275 1785 3360 Quintilianus
1804 3273 2170 3338 litterarum
2192 3272 2464 3337 nomina

371 3405 436 3454 et
459 3391 701 3455 seriem
725 3392 909 3481 prius
938 3415 1138 3481 quam
1162 3392 1408 3457 formas
1432 3389 1677 3457 docere
1701 3410 1946 3478 pueros
1969 3402 2174 3469 vetat3
2201 3386 2464 3453 obstare

375 3507 552 3571 enim
579 3505 694 3572 hoc
730 3510 1035 3597 aqnitioni
1067 3531 1318 3585 earum,
1357 3530 1483 3573 non
1515 3504 1970 3573 intendentibus
2001 3527 2149 3570 mox
2183 3506 2466 3567 animum

374 3619 460 3685 ad
496 3625 660 3713 ipses
702 3621 955 3703 ducum,
996 3622 1145 3688 dum
1184 3621 1648 3689 antecedentem
1685 3622 2053 3688 men-oriam
2091 3636 2463 3710 sequuntur.

379 3741 675 3807 Haesenat
701 3742 771 3808 in
798 3744 1109 3809 extremis
1136 3743 1357 3809 verbis
1382 3740 1803 3830 Spaldingius
1831 3739 2092 3806 diffisus
2123 3760 2298 3803 verae
2335 3739 2469 3803 Ge-

379 3855 582 3946 doyni
620 3857 1067 3948 explicationi,
1103 3881 1302 3948 quam
1337 3858 1408 3924 in
1441 3874 1679 3947 quarto
1717 3853 1992 3920 demum
2018 3852 2358 3918 volumine
2385 3849 2474 3916 ad

381 3972 470 4050 X,
503 3995 564 4059 ⁴7,
601 3995 676 4038 10
708 3974 997 4062 agnovit.
1028 3972 1325 4039 Haerenti
1356 3969 1466 4037 hic
1500 3968 1732 4035 itidem
1765 3967 1996 4057 Serpio
2028 3965 2180 4056 quis
2206 3962 2277 4029 id
2310 3964 2472 4029 vitio

382 4089 632 4153 vertat?
660 4086 792 4155 Sed
817 4089 964 4178 quis
990 4087 1159 4154 ferat
1187 4084 1654 4153 emendantem
1681 4083 1833 4148 dum
1860 4078 2320 4147 antecedentem
2350 4101 2475 4143 me·
