3200 5159
724 439 851 507 523
1293 439 1390 504 M.
1432 439 1662 508 FABn
1701 436 2262 522 QUINT1L1AN1

724 561 1143 661 plerumque
1177 561 1524 635 instinctis
1559 561 1795 636 divino
1831 562 2079 661 spiritu
2115 562 2392 636 vatibus
2429 590 2841 664 comparan-

723 679 941 751 dum?
960 680 1159 771 Quid
1187 677 1546 751 Periclea?
1574 677 1973 751 similemne
1998 680 2352 753 credimus
2377 681 2679 779 Lysiacae
2700 707 2843 779 gra-

725 794 958 868 cilitati
977 850 996 881 ,
1028 821 1243 894 quem
1274 793 1697 865 fulminibus
1720 807 1736 838 ¹
1774 813 1840 865 et
1868 794 2115 867 caelesti
2145 797 2400 896 fragori
2430 815 2841 897 comparant

623 925 690 978 25
729 910 1012 1001 comici,
1050 910 1224 982 dum
1265 909 1364 980 illi
1395 907 1912 981 conviciantur?
1940 912 2136 1001 Quid
2168 927 2308 984 est²
2337 912 2582 1012 igitur,
2613 910 2840 985 curin

724 1027 805 1098 iis
836 1025 1164 1116 demum,
1210 1024 1332 1124 qui
1362 1024 1558 1096 tenui
1596 1026 1854 1097 venula
1887 1053 2010 1124 per
2037 1027 2339 1100 calculos
2380 1027 2645 1116 fluunt,
2689 1025 2846 1098 atti·

731 1168 901 1218 cum
939 1167 1260 1240 saporem
1311 1138 1616 1238 putent?
1666 1138 1766 1210 ibi
1815 1140 2108 1213 demum
2155 1142 2485 1241 thymum
2534 1142 2843 1215 redolere

733 1255 1013 1329 dicant?
1058 1255 1260 1346 Quos
1319 1282 1447 1355 ego
1492 1254 1854 1343 existimO,
1907 1256 1964 1327 si
2001 1257 2209 1356 ⁸quod
2259 1257 2333 1329 in
2382 1258 2492 1330 his
2539 1255 2846 1330 ³finibus

730 1374 1021 1446 uberius
1051 1372 1445 1444 invenerint
1488 1371 1760 1461 solum,
1809 1372 2304 1446 fertilioremve
2345 1394 2688 1473 segetem,
2734 1400 2848 1447 ne·

735 1490 1056 1591 gaturos4
1089 1490 1371 1562 atticam
1407 1516 1587 1579 esse,
1625 1489 1815 1586 quod
1851 1488 2045 1590 plus,
2086 1518 2302 1590 quam
2335 1492 2712 1591 acceperit,
2755 1515 2847 1563 se-

737 1607 950 1680 minis
990 1606 1265 1697 reddat;
1310 1607 1479 1707 quia
1515 1604 1742 1678 hanc⁵
1788 1605 1938 1708 ejus
1976 1603 2168 1678 terrae
2208 1606 2424 1681 fidem
2458 1607 2848 1682 Menander

737 1777 1011 1831 Tur-icem.
1037 1776 1175 1829 Flor.
1206 1777 1369 1828 Cum
1397 1774 1552 1846 AEgre
1577 1787 1757 1828 tamen

735 1855 840 1910 hoc
858 1854 1068 1928 adjecto
1086 1873 1309 1907 caream.
1324 1852 1727 1926 Appellavimus
1735 1892 1754 1920 ,

738 1937 915 1988 Turio.
945 1934 1175 1987 Flor.——
1193 1953 1373 2001 amus,
1409 1932 1571 1985 Cane.
1606 1933 1756 1985 Peri-

737 2013 899 2082 οἱεηι,
936 2014 1110 2068 Guelf.
1143 2014 1304 2066 Cam».
1334 2011 1540 2065 Pericle
1563 2011 1758 2084 afuisse

738 2114 834 2148 nec
856 2095 1136 2160 credimus,
1166 2096 1344 2146 Turio.
1366 2094 1407 2145 F
1410 2093 1505 2145 lor.
1532 2095 1628 2144 Vix
1653 2091 1756 2143 du-

736 2175 893 2227 bitari
915 2188 1121 2247 potest,
1145 2175 1199 2226 in
1215 2171 1634 2245 antiquioribus,
1653 2190 1757 2223 un-

739 2251 806 2305 de
828 2252 939 2305 haec
958 2252 1252 2319 fluxerunt,
1276 2252 1439 2305 fuisse
1461 2273 1473 2302 ε
1505 2251 1647 2322 Quid
1663 2238 1792 2302 Pe?

741 2331 918 2383 riclem
938 2332 964 2382 ?
999 2331 1256 2404 afuissene
1286 2329 1542 2382 credimus
1577 2349 1611 2381 a
1650 2328 1758 2400 Ly-

737 2409 875 2463 siaca
896 2409 1234 2485 gracilitate?
1266 2406 1508 2462 enclitica
1540 2428 1605 2460 ne
1628 2421 1759 2460 nota

740 2488 909 2560 figura
936 2509 1035 2563 pro
1077 2509 1253 2541 nonne
1283 2491 1473 2561 posita.
1514 2487 1618 2541 Sed
1645 2488 1759 2542 haec

740 2569 891 2622 nolui
927 2569 1219 2621 lectoribus
1248 2568 1564 2634 obtrudere,
1606 2583 1759 2621 ante-

741 2666 900 2720 quam
938 2645 1007 2699 de
1035 2646 1261 2699 aliorum
1300 2650 1457 2700 etiam
1500 2647 1760 2701 Codicum

741 2730 999 2800 scriptura
1013 2740 1295 2779 constaret.
1310 2728 1445 2779 Nam
1456 2728 1758 2780 Burmanno

742 2806 811 2860 de
836 2805 1082 2859 omnibus
1122 2808 1229 2859 suis
1258 2805 1345 2858 hic
1370 2808 1566 2859 tacenti
1597 2806 1759 2860 fidem

742 2886 943 2941 habere
976 2905 1206 2958 nequeo.
1251 2888 1308 2938 In
1339 2887 1509 2938 forma
1539 2903 1761 2939 accusa-

745 2970 836 3020 tivi
873 2968 1103 3019 nominis
1151 2964 1375 3018 Pericles
1410 2963 1529 3018 vide
1567 2966 1670 3029 xl,
1695 2965 1759 3032 3,

751 3048 878 3116 1783
907 3044 1030 3110 ΧΠ,
1056 3062 1116 3110 2,
1146 3062 1240 3108 υς
1278 3046 1334 3096 it.
1363 3044 1441 3110 X,
1475 3061 1528 3105 ι,
1571 3046 1670 3111 80,
1709 3058 1762 3096 et

745 3124 820 3177 ibi
831 3126 1010 3177 Turio.
1042 3123 1295 3197 Fraqore,
1317 3120 1458 3175 Flor.
1485 3121 1757 3176 Guelferb.

749 3203 1140 3267 convicientur,
1163 3202 1307 3254 JenS.

760 3323 773 3332 ,
825 3299 867 3334 ι.
895 3281 1241 3334 Fulminibus.
1274 3279 1408 3333 Vide
1433 3281 1507 3345 11,
1542 3278 1636 3345 16,
1671 3297 1762 3351 ¹9³

745 3360 872 3430 xn,
899 3380 959 3429 2,
990 3379 1073 3414 υ.
1104 3362 1424 3414 Confer-atur
1455 3362 1614 3412 etiam
1651 3361 1762 3414 Cic.

748 3441 817 3495 de
841 3444 987 3496 Orat.
1021 3444 1117 3508 111,
1160 3440 1259 3507 34,
1288 3439 1460 3508 unde,
1493 3454 1551 3491 ut
1582 3455 1766 3495 monet

745 3522 946 3597 Spald„
961 3522 1187 3574 formam
1202 3519 1364 3595 hujus
1381 3520 1765 3575 observationis

746 3604 969 3674 sumpsit
1001 3601 1185 3668 Quint.

823 3698 871 3733 2.
902 3680 1045 3752 Quid
1075 3691 1164 3732 est.
1200 3682 1341 3733 Dant
1376 3679 1530 3751 Quod
1556 3691 1629 3733 est
1659 3680 1766 3731 Tu·

745 3762 933 3813 ricens.
960 3760 1121 3812 Cum
1144 3758 1284 3829 Quid
1298 3759 1467 3823 enim,
1490 3757 1763 3813 Guelferb.

749 3841 875 3892 Mox
906 3837 1048 3912 quod
1068 3840 1125 3890 in
1157 3836 1261 3903 his,
1292 3840 1455 3891 Cum
1482 3836 1642 3890 Basil.
1669 3838 1768 3891 His

749 3920 906 3972 etiam
930 3917 1104 3970 Guelf.
1146 3916 1249 3970 Sed
1273 3917 1416 3989 quod
1436 3915 1489 3968 in
1518 3916 1606 3982 iis,
1642 3914 1762 3968 And.

751 4012 804 4051 et
829 3996 976 4050 editt.
1001 3997 1244 4069 plerique
1268 4009 1410 4069 post.
1447 4009 1570 4048 ante
1594 3995 1765 4049 Stoer.

757 4076 811 4129 V
806 4075 995 4142 enuloe,
1009 4076 1089 4128 Gn
1097 4074 1279 4130 elferb.
1298 4076 1404 4127 Pro
1416 4094 1476 4127 ca
1483 4074 1546 4127 lc.
1560 4113 1580 4142 ‚
1596 4074 1763 4127 (ΞΛΜ.

752 4156 857 4210 Per
880 4155 1070 4228 enisus,
1096 4156 1272 4210 Turio.
1301 4155 1440 4209 Flor.
1479 4153 1574 4208 sed
1598 4153 1769 4207 callus

1837 1796 1900 1830 ex
1919 1777 2058 1830 Atm.
2093 1779 2326 1844 Putant,
2359 1777 2537 1831 Guelf.
2566 1778 2666 1831 Ubi
2695 1777 2844 1842 deun,

1835 1859 2014 1910 Turic.
2035 1859 2076 1910 1²·
2078 1857 2176 1911 lor.
2193 1878 2315 1911 cum
2331 1859 2468 1911 Atm.
2484 1857 2606 1928 (nisi
2623 1856 2766 1928 quod
2782 1876 2848 1909 ex

1837 1935 1942 1988 hoc
1955 1937 2229 2007 junctim).
2248 1937 2359 1989 Sibi
2370 1937 2580 1988 demum
2593 1936 2775 2002 ‚Voss.
2801 1951 2819 1985 ι
2833 1973 2846 1986 .

1909 2015 1960 2066 3.
1986 2015 2053 2065 In
2078 2011 2387 2087 hiefinibus.
2410 2017 2686 2067 Turicens.
2701 2013 2848 2065 Jens.

1835 2092 1972 2164 (tac.
2000 2092 2224 2165 Gesn.)‚
2267 2095 2330 2147 iis
2355 2091 2582 2167 finibus,
2623 2108 2677 2146 et
2699 2092 2848 2146 editt.

1837 2167 2059 2245 pos'terr.
2092 2188 2212 2227 ante
2242 2173 2396 2226 Basit.
2427 2174 2847 2240 Fertilionmne,

1836 2254 2014 2305 Tur-ie.
2039 2253 2181 2305 Flor.
2212 2251 2552 2306 Fertilitatem
2577 2273 2638 2306 ve
2648 2292 2665 2320 ,
2684 2254 2848 2305 Cnur.

1836 2330 2120 2405 Neqaturis
2132 2332 2353 2384 acticam
2364 2371 2383 2398 ‚
2398 2332 2574 2384 Gueli'.
2593 2332 2849 2396 Reddam,

1837 2412 2016 2463 Turio.
2036 2409 2176 2463 Flor.
2198 2409 2357 2462 Hanc
2375 2410 2527 2485 hujus
2543 2414 2654 2485 ejtts
2676 2423 2852 2476 terroe,

1840 2488 2021 2543 iidem.

1912 2570 1962 2636 4.
2010 2571 2304 2643 Negataros
2347 2570 2582 2623 atticam.
2634 2590 2659 2614 ι
2691 2569 2854 2621 Recte

1847 2669 1869 2694 ιι
1890 2667 2017 2701 sane
2031 2649 2108 2700 illi
2120 2687 2136 2715 ,
2159 2674 2181 2698 a
2197 2649 2376 2702 dicant
2391 2651 2608 2701 tirones.
2622 2648 2731 2717 Qui
2741 2665 2855 2699 mo-

1841 2727 2002 2779 nendi
2037 2742 2162 2779 sunt
2202 2727 2420 2780 verbum
2462 2745 2648 2802 negare
2679 2725 2766 2779 hie
2796 2728 2856 2780 in

1841 2804 1950 2857 duo
1981 2825 2106 2873 sua,
2134 2822 2196 2860 ut
2217 2808 2560 2880 plerumque,
2597 2805 2857 2859 elementa

1839 2886 2213 2940 resolvendum
2228 2907 2342 2941 esse
2358 2909 2380 2934 ιι
2395 2887 2587 2939 Dicent
2599 2886 2730 2957 (nec
2744 2888 2857 2938 siue

1848 2988 1869 3012 ιι
1889 2981 2202 3039 contemptu
2240 2966 2374 3037 illi),
2408 2984 2517 3019 non
2541 2977 2716 3018 tamen
2741 2981 2855 3018 esse

1847 3069 1870 3093 ιι
1889 3045 1978 3098 hic·
2001 3047 2232 3099 atticam.
2256 3070 2280 3095 ιι

1915 3125 1963 3178 5.
1985 3123 2382 3200 Hanc...fidem
2396 3123 2706 3177 Menander.
2730 3145 2753 3169 α
2769 3122 2859 3174 Fi-

1848 3228 1871 3252 ιι
1892 3205 1976 3258 des
1997 3216 2135 3257 certa
2153 3206 2331 3279 πρεείς
2353 3224 2437 3276 ap.
2470 3206 2599 3257 Hor.
2632 3202 2736 3258 Od.
2760 3203 2858 3268 111,

1850 3305 1872 3329 κ
1903 3284 1993 3350 16,
2013 3283 2111 3349 30,
2144 3303 2255 3336 non
2279 3285 2452 3335 minus
2478 3281 2858 3353 quam-fundus

1851 3386 1874 3410 ι
1894 3364 2121 3415 mendax
2155 3363 2299 3435 apud
2337 3362 2581 3415 eumdem
2614 3358 2718 3415 Od.
2759 3361 2854 3426 111,

1852 3465 1873 3489 a
1903 3461 1921 3494 ι
1941 3482 1958 3510 ,
1982 3443 2080 3509 30,
2118 3458 2246 3494 nota
2277 3456 2415 3496 sunt.
2453 3440 2558 3496 Sed
2586 3455 2638 3494 et
2662 3439 2859 3493 Plinius

1852 3542 1874 3566 κ
1895 3523 2085 3591 Paneg.
2101 3521 2256 3587 32,4,
2277 3516 2549 3573 Fallacem
2561 3520 2718 3571 unius
2730 3517 2861 3570 anni

1852 3594 2051 3669 *fidem
2073 3597 2140 3650 de
2170 3599 2444 3652 sterilitate
2479 3599 2689 3670 AEgypti
2712 3596 2859 3649 dixit.

1852 3699 1875 3723 οι
1895 3677 2188 3730 Menander
2191 3698 2212 3748 J
2220 3693 2405 3732 ocatus
2413 3678 2622 3732 videtur
2635 3674 2862 3750 insident

1852 3779 1874 3802 a
1897 3767 2040 3809 terroe
2055 3757 2251 3822 anim,
2278 3776 2393 3829 quae
2415 3756 2717 3830 depositum
2737 3774 2858 3808 cum

1852 3858 1875 3883 ι
1896 3835 2027 3899 fide,
2065 3835 2190 3888 licet
2221 3854 2329 3887 non
2354 3854 2475 3888 eum
2502 3836 2714 3902 fenore,
2739 3832 2862 3887 red-

1853 3936 1875 3960 «
1896 3912 2248 3967 dunsten-ilem
2259 3916 2397 3967 enim
2410 3915 2592 3981 fuisse,
2604 3927 2656 3966 et
2670 3912 2860 3985 apibus

1853 4016 1875 4040 ι
1897 4011 2055 4066 quam
2074 3992 2411 4061 vervecibus,
2436 4008 2528 4045 aut
2550 3992 2727 4045 bubus
2747 3993 2862 4062 opi·

1853 4093 1875 4118 α
1896 4073 1994 4123 mis
2010 4070 2428 4124 commodiorem
2440 4109 2457 4138 ,
2476 4090 2647 4144 eaque
2661 4070 2729 4123 de
2745 4088 2864 4126 cau-

1853 4176 1876 4202 «
1897 4170 1954 4205 sa
1967 4151 2128 4207 πενίας
2142 4170 2252 4205 non
2271 4153 2447 4206 minus
2467 4170 2627 4228 Ἥρω
2643 4149 2866 4206 natutae
