3200 5159
848 490 935 558 80
1413 489 1509 555 M.
1549 487 1779 553 mnu
1819 486 2382 570 QUINTILIANI

849 618 999 700 tius,
1034 633 1102 686 et
1124 612 1212 685 ad
1238 613 1577 686 notandos
1594 627 1613 657 ¹
1638 612 2011 684 hominum
2050 640 2275 687 mores
2302 615 2732 715 praecipuus:
2758 615 2954 689 mul-

845 746 1001 798 tum
1022 746 1088 800 et
1108 753 1280 800 verae
1301 727 1533 826 gloriae
1551 741 1605 815 ²,
1631 726 1952 826 quamvis
1981 754 2124 799 uno
2152 727 2354 820 libro,
2374 733 2640 804 Persius
2666 731 2951 803 meruit:

848 1035 970 1090 dem
993 1040 1196 1091 Horatii
1219 1038 1554 1092 admiratore.
1576 1036 1864 1091 *Eadem

849 1122 1034 1172 nostri.
1059 1123 1155 1172 Εὐ.

929 1215 971 1250 ι.
993 1198 1081 1251 Ad
1098 1196 1353 1251 notandos
1377 1196 1655 1249 hominum
1679 1216 1861 1251 mores.

847 1277 1029 1330 Turic.
1043 1315 1062 1342 ‚
1084 1296 1190 1328 non
1211 1276 1359 1327 labor
1377 1278 1484 1347 ejus
1505 1295 1712 1340 amore,
1739 1294 1863 1327 cum

848 1355 986 1409 Alm.
1003 1355 1107 1408 Sed
1119 1357 1254 1408 Flor.
1267 1354 1411 1426 (vide.
1421 1356 1488 1407 ad
1502 1353 1546 1427 ς.
1562 1357 1653 1427 89)
1666 1355 1862 1420 Guelf.,

847 1436 952 1488 nisi
985 1436 1132 1488 labor
1159 1439 1268 1509 ejus
1299 1454 1506 1501 amore,
1542 1455 1666 1488 cum
1698 1434 1861 1488 Goth.

851 1520 1003 1568 Voss.
1029 1532 1047 1566 1
1066 1554 1082 1582 ,
1101 1534 1127 1566 2
1142 1555 1159 1581 ‚
1176 1518 1236 1581 3,
1254 1530 1306 1567 et
1328 1513 1448 1567 edd.
1468 1528 1589 1568 ante
1607 1514 1725 1567 Ald.
1750 1533 1862 1568 exc.

851 1595 1016 1647 Cina.
1054 1597 1145 1665 qui
1178 1595 1458 1647 manifesto
1501 1605 1738 1645 nostram
1774 1592 1866 1644 dat

854 1674 1184 1744 scripturam.
1217 1674 1337 1723 Haec
1364 1673 1540 1741 igitur,
1568 1689 1727 1743 quam
1759 1690 1869 1724 me-

855 1752 959 1801 rito
979 1749 1206 1821 praetulit
1226 1751 1417 1820 Regius
1429 1786 1446 1814 ‚
1462 1748 1554 1801 ubi
1574 1751 1837 1800 inventam
1851 1787 1867 1814 ‚

855 1846 1176 1900 quamquam
1202 1825 1406 1897 aliquot
1429 1826 1748 1899 exemplaria
1772 1845 1871 1898 ap-

854 1904 1091 1977 pellans,
1116 1925 1224 1958 non
1256 1918 1508 1972 testatus,
1537 1905 1694 1957 nobis
1727 1924 1869 1957 nunc

857 1984 925 2036 ab
951 1983 1183 2036 editione
1205 1986 1447 2056 principe
1469 1983 1584 2036 sola
1608 2003 1873 2037 commen-

857 2063 1013 2116 datur
1041 2064 1136 2136 (in
1170 2082 1276 2136 qua
1308 2063 1395 2116 hic
1420 2062 1637 2136 quidem
1671 2062 1872 2135 aliquid

856 2144 1103 2195 consulto
1128 2157 1388 2196 mutatum
1412 2162 1521 2196 non
1541 2143 1733 2209 credo,
1753 2143 1873 2196 vide

855 2225 953 2288 vt,
979 2224 1040 2290 3,
1067 2224 1160 2293 47ς
1188 2238 1239 2276 et
1265 2224 1365 2289 IX,
1392 2225 1453 2291 4,
1481 2224 1606 2287 113,
1630 2222 1725 2275 ubi
1747 2242 1872 2295 pro-

855 2303 1000 2354 fecto
1037 2303 1236 2375 aliquid
1273 2304 1695 2373 interpretationi
1728 2302 1874 2355 dedit

856 2382 1087 2450 Cium„
1121 2384 1222 2434 nisi
1259 2383 1397 2442 forte
1435 2381 1589 2434 fidele
1629 2395 1709 2434 est
1739 2380 1873 2433 illud

856 2459 1078 2511 Gibsoni
1119 2461 1175 2513 in
1215 2461 1523 2512 Britannicis
1563 2462 1672 2511 suis
1710 2459 1872 2513 silen-

858 2540 1012 2589 tium.
1048 2561 1071 2585 ιι
1091 2540 1223 2592 Sunt
1251 2554 1463 2604 tamen,
1488 2541 1580 2611 qui
1614 2539 1791 2609 legant
1822 2550 1876 2590 et

866 2638 888 2662 ιι
909 2618 966 2667 in
978 2616 1239 2670 scribendo
1255 2617 1540 2690 labor-ejus,
1558 2634 1737 2669 amore
1746 2633 1874 2688 proe-

865 2717 888 2740 a
907 2696 1124 2765 cipuus3
1147 2696 1241 2748 sed
1266 2715 1374 2748 non
1399 2695 1674 2767 procedit,
1700 2695 1769 2748 de
1794 2696 1873 2769 ly-

866 2794 889 2818 ιι
912 2774 1020 2825 rico
1041 2777 1211 2840 enim,
1229 2776 1286 2826 in
1307 2793 1413 2844 quo
1434 2773 1501 2826 de
1521 2793 1700 2826 amore
1722 2774 1874 2827 labor

867 2875 891 2901 ιι
908 2855 1007 2920 sit,
1048 2855 1212 2926 paulo
1255 2869 1378 2926 post
1415 2854 1572 2907 dicet.
1596 2880 1619 2903 n
1658 2854 1868 2908 Badius.

859 2936 984 2987 Non
1009 2936 1145 2988 male
1170 2934 1288 2998 ille;
1314 2937 1405 3007 qui
1429 2937 1485 2987 in
1510 2935 1808 3002 scribendo,
1832 2937 1867 2987 i.

861 3032 908 3066 e.
923 3052 940 3079 ‚
958 3013 1310 3066 describendo
1322 3053 1339 3081 ‚
1355 3031 1533 3066 amore
1547 3015 1785 3083 junxisse
1800 3016 1873 3065 vi-

861 3091 1030 3144 detur.
1063 3096 1329 3145 Postrema
1357 3094 1470 3164 ejus
1501 3111 1688 3164 parum
1717 3093 1874 3145 intel-

860 3173 986 3244 ligo.
1020 3173 1165 3241 Quid
1201 3176 1340 3225 enim
1373 3173 1441 3226 de
1475 3174 1667 3225 amoris
1699 3170 1875 3225 labore

860 3253 917 3305 in
949 3254 1278 3325 paucissimis
1310 3256 1455 3318 istis,
1485 3270 1599 3324 quae
1632 3269 1756 3303 mox
1791 3270 1873 3304 se·

805 3339 808 3340 ’
864 3345 1121 3403 quuntur,
1145 3331 1211 3383 de
1234 3331 1394 3404 lyrico
1418 3330 1645 3402 genere?
1667 3328 1875 3402 Reliqui

862 3413 918 3462 in
939 3411 1163 3461 vocibus
1186 3411 1342 3462 nisi...
1372 3427 1550 3460 amore
1578 3421 1876 3479 agnoscunt

865 3508 982 3542 eam
996 3492 1309 3542 sententiam
1321 3528 1337 3556 ,
1354 3507 1470 3560 quae
1484 3506 1544 3539 su
1553 3506 1646 3558 pra
1666 3487 1875 3558 legitur,

865 3571 960 3632 vl,
985 3569 1048 3628 3,
1073 3569 1134 3632 3,
1153 3566 1247 3619 ubi
1271 3580 1510 3618 nostrum
1534 3565 1713 3618 locum
1737 3566 1878 3618 desi-

861 3645 1060 3717 gnabat
1110 3648 1437 3697 Burmannus
1457 3682 1474 3709 ‚
1526 3663 1612 3696 me
1659 3643 1877 3715 quidem

865 3725 1057 3777 frustra
1079 3737 1362 3796 quaerente.
1387 3725 1599 3775 Poterat
1617 3743 1677 3775 ea
1699 3726 1879 3776 rectis·

866 3805 997 3855 sime
1017 3806 1149 3874 poni
1173 3821 1204 3853 a
1227 3803 1410 3870 Quint.
1437 3815 1624 3873 agente
1648 3800 1715 3855 de
1734 3802 1879 3856 (Χοο-

865 3901 998 3934 rone
1021 3901 1147 3943 suo,
1171 3881 1238 3934 de
1261 3882 1481 3933 Horatio
1507 3900 1841 3953 nequaquam
1861 3904 1905 3950 ς,

867 3960 987 4012 vide
1013 3962 1303 4031 proximam
1324 3973 1503 4011 notam
1524 3973 1578 4012 et
1594 3959 1878 4030 malignam

869 4057 993 4091 mox
1014 4039 1252 4110 ejusdem
1272 4036 1509 4101 laudem3
1529 4040 1655 4090 item
1676 4040 1727 4105 1,
1744 4039 1803 4107 8,
1823 4039 1875 4091 6.

870 4120 1032 4187 Quod
1057 4124 1147 4190 qui
1169 4132 1402 4192 spectet,
1429 4132 1577 4170 eruat
1598 4120 1827 4172 fortasse
1849 4138 1878 4172 e

868 4198 1047 4252 Turic.
1081 4200 1342 4270 scriptura
1374 4220 1396 4244 ιι
1416 4216 1527 4250 non
1560 4199 1701 4250 enim
1728 4196 1882 4250 labor

741 850 812 923 95
847 863 1011 914 sunt
1037 842 1202 915 clari
1239 842 1583 943 hodieque
1599 841 1657 933 ³,
1689 863 1757 916 et
1784 841 1906 941 qui
1939 843 2115 916 olim
2151 846 2733 919 nominabuntur.
2775 847 2958 918 Alte·

1951 1061 1974 1085 ιι
1996 1043 2110 1112 ejus
2134 1059 2342 1108 amore,
2363 1065 2385 1089 ιι
2412 1043 2448 1094 i.
2476 1061 2557 1106 e..‚
2578 1055 2695 1094 tuto
2720 1061 2959 1114 pronun-

1945 1121 2086 1172 ciare
2100 1139 2345 1191 possum,
2363 1139 2470 1173 non
2488 1123 2657 1187 enim,
2676 1136 2779 1173 etc.
2797 1119 2959 1173 Nihili

1946 1209 2124 1253 tamen
2148 1198 2252 1251 hoc
2276 1200 2529 1251 collatum
2553 1198 2622 1250 ad
2644 1212 2838 1250 nostra!
2863 1197 2963 1251 lec·

1945 1280 2104 1330 tionis
2134 1279 2545 1351 proprietatem,
2576 1293 2630 1330 et
2651 1279 2961 1345 veritatem,

1945 1372 1998 1410 et
2019 1358 2331 1428 elegantiam
2346 1397 2362 1424 ‚
2383 1377 2498 1429 quae
2518 1361 2674 1411 unice
2694 1357 2854 1428 digna
2881 1373 2961 1411 est

1944 1436 2296 1504 Quintiliano,
2312 1456 2412 1489 nec
2430 1439 2605 1507 potuit
2619 1437 2865 1508 profecto
2887 1440 2959 1488 sic

1947 1528 2140 1586 sponte
2175 1517 2339 1574 nasci.
2374 1515 2662 1583 Quomodo
2702 1533 2762 1566 ea
2802 1514 2963 1568 lateat

1947 1595 2002 1645 in
2017 1593 2119 1644 illis
2132 1595 2434 1646 Turieensis
2448 1591 2699 1644 ductibus
2710 1629 2728 1657 ‚
2746 1592 2966 1644 difficile

1948 1670 2125 1736 dictu,
2151 1689 2471 1743 quamquam
2496 1688 2596 1722 nec
2620 1668 2850 1742 despero
2873 1687 2965 1741 pe-

1949 1753 2108 1802 ritum
2124 1752 2365 1803 criticum
2377 1763 2431 1802 et
2439 1748 2845 1821 diplomaticum
2860 1746 2962 1800 hoc

1951 1828 2434 1882 demonstraturum
2451 1866 2468 1894 ,
2502 1831 2547 1880 si
2577 1831 2871 1899 praesertim
2899 1825 2963 1878 ad

1952 1908 2289 1960 obscuratam
2306 1909 2645 1980 scriptionem
2662 1919 2871 1958 mature
2886 1925 2965 1957 ac·

1952 1987 2170 2038 cesserit
2196 1985 2419 2038 molesta
2441 1987 2752 2054 corrigentis
2776 1983 2966 2036 seduli·

1953 2077 2061 2130 tas,
2083 2065 2173 2135 qui
2198 2064 2285 2116 illa
2312 2084 2375 2117 ex
2399 2079 2546 2118 sexto
2570 2063 2709 2115 libro
2735 2063 2844 2116 hnc
2867 2063 2963 2114 ob-

1956 2157 2097 2197 torto
2122 2144 2263 2196 collo
2288 2145 2587 2211 attraxerit,
2616 2145 2768 2196 nixus
2800 2145 2963 2195 maxi·

1953 2241 2038 2275 me
2060 2241 2195 2274 voce
2213 2225 2520 2296 precipuus.

2026 2318 2077 2354 2.
2104 2301 2344 2354 Multum
2377 2314 2428 2356 et
2454 2319 2587 2355 veroe
2606 2301 2812 2378 qlorioe.
2842 2305 2964 2355 Nou

1952 2401 2062 2433 uno
2083 2380 2245 2435 modo
2264 2384 2437 2455 accipi
2456 2396 2632 2454 potest
2654 2386 2961 2453 conjunctio

1952 2472 2034 2525 et,
2065 2474 2125 2512 ut
2146 2461 2230 2514 vel
2260 2461 2509 2534 adjungat
2540 2461 2702 2513 modo
2732 2463 2962 2514 Persium

1953 2542 2203 2603 Horatio,
2222 2538 2331 2604 vel,
2355 2539 2409 2591 id
2433 2539 2582 2611 quod
2604 2540 2857 2611 praefero,
2876 2558 2963 2591 va·

1951 2618 2058 2671 leat
2068 2618 2362 2692 etquidem,
2377 2618 2479 2671 hac
2492 2621 2781 2671 sententia:
2807 2617 2964 2669 ..mul-

1959 2719 1982 2744 ιι
2003 2708 2115 2748 tum
2146 2695 2325 2767 glorioe
2358 2710 2412 2748 et
2443 2696 2656 2768 quidem
2692 2714 2825 2750 veroe
2854 2694 2962 2768 glo·

1959 2797 1983 2823 ιι
2002 2779 2104 2828 rias.
2127 2799 2150 2824 ιι
2199 2777 2291 2829 Est
2333 2791 2510 2830 autem
2551 2780 2868 2847 conjunctio
2913 2780 2963 2829 in

1954 2856 2232 2924 omnibus,
2280 2870 2541 2928 quantum
2576 2858 2764 2920 video,
2802 2856 2964 2910 libris.

1954 2936 2154 2987 Mer-uit
2201 2933 2318 2987 vide
2363 2934 2429 2987 ad
2474 2933 2520 3005 ξ.
2564 2952 2651 3006 72.
2697 2937 2931 2988 Persium
2947 2973 2967 3002 ‚

1953 3020 2106 3088 cujus
2140 3015 2370 3068 tenebrae
2399 3019 2483 3066 vix
2513 3030 2765 3087 poterant
2793 3015 2971 3069 delec-

1952 3106 2066 3147 tare
2086 3096 2369 3158 Nostrum,
2389 3112 2485 3145 cur
2504 3107 2648 3146 tanta
2669 3093 2835 3146 laude
2854 3112 2971 3164 pro-

1955 3187 2226 3244 sequatur,
2269 3173 2505 3225 nondum
2547 3176 2671 3226 satis
2708 3173 2966 3244 intelligo.

1953 3254 2143 3326 Neque
2172 3255 2311 3305 enim
2342 3271 2483 3304 nune
2511 3251 2579 3304 de
2606 3256 2728 3323 ipso
2760 3272 2971 3324 quaero,

1954 3329 2135 3386 {rerum
2150 3333 2218 3384 de
2234 3334 2561 3401 Quintiliano
2583 3352 2705 3385 eum
2723 3335 2972 3404 judican-

1955 3428 2026 3467 te.
2041 3413 2183 3465 idem
2203 3413 2344 3480 quod
2364 3415 2559 3464 Noster
2573 3412 2641 3464 de
2657 3415 2839 3466 Persio
2855 3432 2971 3466 sen·

1957 3493 2022 3542 tit
2036 3489 2289 3542 Martialis
2307 3488 2428 3542 loco
2443 3492 2718 3544 notissimo
2732 3531 2749 3560 .,
2768 3494 2859 3558 IV,
2877 3510 2969 3562 29,

1958 3588 2011 3642 7,
2040 3572 2100 3623 8:
2132 3593 2155 3617 ιι
2174 3570 2374 3641 Saepius
2402 3573 2456 3622 in
2484 3570 2621 3623 libro
2646 3585 2973 3624 memoratur

1963 3672 1985 3697 ιι
2005 3651 2211 3701 Persius
2240 3668 2383 3716 uno,
2411 3651 2584 3718 Quam
2616 3645 2745 3702 levis
2775 3652 2829 3702 in
2858 3664 2971 3703 tota

1962 3750 1986 3775 ι
2007 3730 2213 3780 Marsus
2230 3727 2573 3790 Amazonide3
2591 3752 2613 3774 ιι
2639 3728 2735 3779 ubi
2749 3748 2818 3781 an
2836 3732 2971 3781 Mar·

1957 3825 2048 3859 sus
2068 3808 2135 3858 sit
2154 3808 2225 3872 is,
2249 3804 2318 3857 de
2337 3824 2446 3877 quo
2472 3807 2673 3875 egimus
2697 3804 2768 3857 ad
2789 3809 2885 3872 vl,
2908 3806 2969 3870 3,

1968 3903 2062 3938 102
2076 3923 2094 3951 ‚
2114 3884 2352 3957 plurimis
2373 3882 2503 3937 locis
2524 3884 2753 3937 Martiali
2776 3883 2847 3936 ob
2866 3887 2971 3955 epi-

1957 3978 2307 4036 grammatum
2343 3964 2658 4034 elegantiam
2688 3963 2967 4028 laudatus,

1958 4047 2146 4096 merito
2171 4043 2461 4096 dubitatur.

2037 4122 2088 4173 3.
2112 4120 2406 4192 Hodieque.
2440 4122 2632 4185 Cim„
2661 4119 2817 4172 hodie
2845 4137 2973 4192 quo-

1956 4217 2096 4271 que,
2129 4217 2251 4252 cum
2284 4196 2446 4253 Goth.
2474 4200 2629 4252 Voss.
2668 4217 2733 4269 a,
2768 4212 2819 4252 et
2846 4196 2967 4251 odd..
