3200 5159
627 484 1278 554 INSTITUTIONIS
1315 484 1570 552 ORAT.
1611 487 1773 552 LIB.
1812 486 1970 566 XII,
2014 508 2074 551 2.

2277 489 2401 574 457

302 608 782 701 continentur,
825 607 947 682 sed
983 609 1204 709 magis
1237 609 1480 700 etiam,
1527 636 1680 709 quae
1727 624 1744 655 ¹
1769 630 1931 682 sunt
1973 624 1998 656 ²
2022 609 2400 707 antiquitus

302 715 532 796 dicta-'⁹
557 751 636 796 ac
664 726 843 798 facta
870 723 1222 824 praeclare,
1262 744 1329 795 et
1352 750 1551 797 nosse
1568 782 1588 816 ,
1616 744 1681 797 et
1702 723 1944 797 animo
1970 750 2245 824 semper
2268 723 2404 823 agi·

284 858 444 910 ”tare
489 840 874 913 conveniet.
910 841 1100 934 ,Quae
1162 841 1466 939 profecto
1522 868 1873 939 nusquam
1922 841 2125 941 plura
2181 841 2405 942 majo-

301 976 519 1049 raque
548 1009 569 1043 ,
626 979 843 1054 quam
896 953 974 1026 iu
1023 974 1269 1027 uostrae
1321 952 1613 1027 civitatis
1665 954 2145 1027 monumentis
2200 981 2404 1054 repe-

299 1066 590 1140 rientur.
636 1068 797 1141 An⁴
844 1069 1375 1160 fortitudinem,
1415 1070 1764 1174 justitiam
1795 1127 1814 1161 ,
1870 1071 2127 1159 fidem,
2186 1069 2503 1144 couti-30
2563 1093 2571 1116 ¹

300 1182 662 1275 acutiam„
714 1184 1181 1284 frugalitatem
1205 1241 1224 1274 ,
1283 1207 1770 1285 contemptum
1824 1185 2082 1259 doloris
2123 1212 2202 1257 ac
2232 1212 2410 1257 mor·

300 1295 430 1386 tis»,
465 1297 719 1372 melius
765 1299 882 1372 alii
919 1300 1305 1390 docebunt,
1344 1328 1558 1400 quam
1602 1302 1941 1393 Fabricii,
1989 1300 2222 1391 Curii,
2265 1303 2408 1373 Re-

301 1412 487 1510 guli,
517 1415 748 1506 Decii,
781 1415 1030 1507 Mutii,
1061 1415 1321 1515 aliique
1343 1412 1369 1462 ⁵
1408 1416 2005 1491 innumerabiles?
2034 1419 2406 1509 Quantum

303 1530 498 1603 enim
542 1531 763 1604 Graeci
806 1532 1159 1632 praeceptis
1194 1531 1467 1624 valent,
1512 1553 1786 1607 tanturn
1819 1531 2121 1626 R9mani
2149 1588 2168 1622 ,
2215 1529 2408 1629 quod

302 1667 405 1720 est
444 1647 749 1749 majus⁶,
803 1647 1161 1749 exemplis».
1218 1651 1728 1748 Tantumque⁷
1779 1631 1926 1724 nou
1982 1648 2288 1749 cognatis
2321 1647 2406 1720 'id
2433 1668 2496 1721 31

376 1912 396 1946 1
409 1934 421 1946 .
438 1893 577 1947 Sunt
590 1898 886 1970 antiquitus
894 1922 914 1961 ,·
938 1900 1014 1952 sic
1032 1900 1304 1952 Tui-icens.

295 1975 462 2026 caup.
484 1972 699 2027 Tradita
714 1977 953 2029 inserunt
977 1976 1191 2051 reliqui,
1212 1996 1309 2030 un·

294 2051 365 2104 de
376 2054 511 2104 dicta
523 2063 576 2104 et
571 2052 726 2125 facta
735 2054 1057 2109 contrahunt
1067 2067 1309 2108 naturam

292 2134 570 2185 nominum
618 2133 1098 2202 substantivorum,
1145 2153 1309 2208 quum

292 2212 478 2283 potius
502 2213 606 2263 sint
626 2214 906 2286 participia
924 2212 994 2265 ad
1014 2215 1310 2285 antiquitus

295 2288 591 2342 referenda.

372 2384 420 2420 a.
441 2368 747 2441 Antiquitas
767 2370 907 2424 dieta
929 2371 1154 2440 acfixcta
1171 2388 1310 2444 μνω-

296 2444 454 2499 clare.
482 2450 715 2521 Apparet
731 2449 1040 2521 hujusmodi
1064 2451 1309 2505 adverbia

296 2528 354 2578 iu
379 2527 483 2580 itus
504 2531 748 2584 exeuntia
773 2548 881 2581 uon
919 2543 1025 2583 tam
1054 2531 1233 2584 locum
1256 2546 1311 2586 et

294 2614 508 2676 tempus
526 2606 665 2658 unde
678 2606 998 2678 siguificare,
1024 2629 1181 2681 quam
1202 2611 1307 2663 ubi.

370 2683 422 2735 3.
452 2685 664 2738 Dicta...
685 2686 951 2758 praelat-e.
975 2689 1219 2743 Ambros.
1250 2709 1308 2757 2,

292 2760 493 2828 Guelf.,
506 2763 646 2817 dicta
664 2778 781 2818 acta
791 2764 992 2839 prael,
1018 2786 1139 2820 cum
1151 2772 1304 2822 Voss.

296 2840 348 2893 3.
378 2842 661 2910 Conventit,
695 2844 872 2897 Guelf.
898 2864 1019 2897 cum
1042 2846 1174 2900 obv.
1199 2848 1310 2900 Nos

292 2939 457 2996 quam
471 2960 491 2988 ,
515 2922 697 2975 Ambr.
723 2940 782 2988 a,
809 2923 984 2977 Guelf.
1007 2942 1129 2977 cum
1154 2928 1306 2979 Bern.

290 2998 391 3069 (ex
416 3017 524 3070 quo
543 3019 649 3053 non
669 3019 720 3073 q.
744 3003 1029 3056 Burmann.
1052 3023 1150 3076 per
1164 3024 1310 3057 erro·

292 3096 409 3130 rem
425 3116 440 3142 ,
471 3090 529 3130 ut
561 3079 854 3152 suspicor.)
877 3083 1085 3154 Major-a
1110 3101 1271 3155 quam
1289 3120 1308 3148 ‚

301 3156 479 3210 Guelf.

370 3236 420 3302 4.
437 3235 541 3286 Aa.
555 3237 730 3288 Turic-
749 3238 914 3304 Flet„
930 3248 1012 3305 ut,
1032 3256 1157 3291 cum
1173 3239 1311 3293 Alm.

295 3313 507 3378 Fidem,
532 3316 909 3370 continentiam
935 3319 1186 3371 omittunt
1207 3320 1314 3371 Tu-

296 3394 488 3446 ricens.
514 3394 650 3447 Flor.
675 3414 798 3447 cum
820 3396 955 3449 Alm.

373 3471 422 3525 5.
446 3473 672 3546 Aliique.
698 3476 879 3529 Δηιὼν.
907 3495 965 3542 a,
1001 3476 1205 3551 aliqua.

371 3550 422 3604 6.
453 3553 606 3623 Quod
628 3566 701 3608 est
735 3556 921 3627 majus.
962 3557 1130 3609 Velim
1161 3569 1312 3610 ante-

295 3633 431 3705 poni
456 3630 598 3684 hince
626 3633 708 3700 id,
741 3633 886 3705 quod
905 3635 1155 3689 facillime
1175 3639 1312 3689 exci-

298 3707 480 3761 debat.
541 3710 667 3763 lnde
709 3715 910 3765 orietur
952 3713 1181 3784 legitima
1223 3715 1313 3768 illa

296 3802 565 3842 structura
591 3792 647 3843 id
661 3792 804 3866 quod
826 3793 977 3858 (vide
999 3796 1049 3862 s.
1078 3795 1171 3864 8),
1196 3814 1311 3868 qua.-

294 3872 567 3943 praemissa
587 3872 703 3921 voci
721 3871 971 3943 exemplis
994 3873 1186 3924 excitat
1201 3871 1310 3926 lec·

300 3959 470 3999 torem
515 3962 566 4000 et
607 3949 814 4021 pondus
862 3950 1009 4003 addit
1051 3955 1308 4025 sequenti.

299 4027 456 4078 Certe
478 4026 722 4080 Tacitum
760 4030 804 4080 si
840 4029 978 4081 forte
1006 4029 1312 4082 dedecuerit

298 4107 474 4157 minue
509 4107 724 4176 praecisa
766 4106 1072 4178 hujusmodi
1111 4110 1309 4174 oratio,

298 4186 613 4255 Quintiliani
636 4191 801 4242 nostri
828 4190 1014 4245 eadem
1042 4204 1120 4245 est
1155 4210 1310 4265 pror-

1390 1918 1508 1962 su83
1548 1917 1648 1951 uec
1671 1897 1937 1965 Geauero,
1970 1897 2201 1969 glossam
2224 1897 2402 1968 suspi-

1388 1978 1562 2042 canti,
1598 1978 1868 2029 assentiar.
1909 1970 2112 2029 similis·
2124 1987 2299 2028 autem
2324 1986 2404 2026 est

1387 2075 1491 2108 vox
1520 2058 1695 2128 Ajacis
1729 2056 1877 2128 apud
1909 2055 2156 2110 Ovidium
2183 2055 2399 2106 Metam.

1388 2137 1540 2201 xm,
1585 2152 1640 2187 ιι
1663 2172 1682 2200 ,
1728 2152 1822 2201 12,
1857 2158 1879 2182 ι
1902 2147 2264 2205 quantumque
2300 2150 2402 2203 ego

1394 2236 1417 2260 ι
1436 2215 1608 2266 Marte
1643 2215 1838 2280 feroci,
1864 2215 2136 2282 Quantum
2169 2214 2281 2265 acie
2307 2231 2402 2265 va-

1393 2316 1417 2340 «
1436 2292 1551 2360 leo,
1564 2305 1770 2346 tantum
1792 2293 1928 2346 valet
1948 2295 2046 2346 iste
2067 2291 2356 2365 loquendo.
2372 2316 2395 2340 n

1389 2372 1656 2425 Admonet
1699 2375 2018 2427 Passeratius
2052 2372 2157 2426 loci
2184 2373 2401 2428 (ἔσοιο-

1390 2454 1536 2505 niani
1561 2451 1629 2506 (le
1652 2454 1743 2507 Or.
1773 2455 1872 2520 ΙΙΙ,
1896 2453 1994 2520 34,
2028 2475 2050 2500 α
2066 2465 2126 2505 ut
2142 2453 2347 2504 virtutis
2370 2470 2403 2504 a

1397 2555 1420 2578 ιι
1441 2534 1635 2586 uostris
1647 2571 1664 2599 ,
1679 2535 1754 2585 sic
1769 2533 2024 2585 doctrina>
2035 2545 2158 2584 sunt
2173 2531 2241 2583 ab
2256 2530 2358 2583 illie
2372 2554 2395 2578 n

1389 2609 1644 2681 (Grecis)
1678 2635 1700 2657 ι
1717 2610 1955 2684 exempla
1980 2608 2284 2682 repetenda.
2302 2632 2325 2657 ι

1465 2706 1516 2759 7.
1556 2690 1907 2763 Tantumque.
1947 2692 2221 2742 Turicens.
2261 2688 2400 2741 Flor.

1389 2766 1568 2820 Amhr.
1587 2786 1614 2820 2
1628 2768 1829 2835 ,Gnate
1842 2806 1860 2834 ‚
1879 2779 2082 2820 tantiam
2097 2766 2265 2840 quod,
2282 2784 2406 2818 cum

1389 2852 1540 2900 Voss.
1564 2848 1628 2913 3,
1649 2847 1785 2899 vall.
1809 2846 1929 2899 ΑΜ.
1946 2847 2101 2899 Basil.
2125 2845 2257 2899 Ohr.
2278 2846 2404 2898 Non

1389 2924 1697 3001 coaequetis
1729 2927 1772 2978 si
1808 2926 1873 2978 de
1910 2927 2045 2978 ribus
2075 2926 2146 2977 ad
2176 2925 2281 2976 veri
2313 2926 2406 2996 qui

1390 3029 1499 3063 nort
1510 3047 1528 3074 ,
1543 3007 1721 3060 Turic.
1743 3007 1867 3059 Non
1884 3004 2115 3078 coquetis
2131 3005 2175 3057 si
2191 3002 2257 3055 de
2271 3004 2409 3058 ribus

1394 3087 1589 3140 adver-i
1610 3104 1663 3158 q.
1690 3103 1776 3150 n.‚
1795 3082 1937 3136 Flor.
1962 3083 2034 3135 N.
2060 3101 2103 3134 c.
2128 3084 2164 3138 i.
2190 3100 2234 3134 e.
2261 3100 2300 3133 r.
2317 3081 2408 3133 ad-

1394 3166 1592 3219 moveri
1610 3182 1662 3236 q.
1689 3182 1773 3228 n.,
1801 3161 1978 3213 Ambr.
2003 3178 2050 3213 a.
2074 3160 2145 3212 N.
2172 3177 2216 3211 c.
2238 3160 2274 3211 i.
2298 3179 2342 3212 e.
2363 3179 2402 3211 r.

1395 3243 1630 3297 moveri
1651 3263 1703 3314 q.
1729 3261 1812 3307 τι,
1833 3241 2007 3293 Guelf.
2032 3242 2103 3294 N.
2130 3260 2174 3293 c.
2204 3239 2341 3291 idem
2362 3257 2402 3290 r.

1393 3322 1666 3376 admoneri
1683 3341 1734 3395 q.
1753 3340 1807 3372 n.
1821 3358 1837 3384 ,
1858 3319 2019 3372 Goth.
2041 3337 2165 3371 cum
2177 3323 2330 3371 Voss.
2351 3334 2371 3369 1
2389 3357 2407 3384 ,

1399 3421 1458 3467 2,
1483 3403 1545 3468 3,
1568 3400 1705 3453 Van.
1729 3400 1802 3451 Ν.
1828 3418 1872 3451 c.
1901 3399 1958 3451 id
1979 3410 2053 3452 est
2074 3417 2113 3450 r.
2140 3398 2409 3451 admooeri

1394 3500 1444 3554 q.
1472 3500 1556 3546 n.,
1582 3482 1735 3532 Bern.
1768 3480 1841 3531 N.
1871 3497 1918 3530 c.
1940 3476 2188 3531 sideribus
2216 3476 2402 3530 admo-

1394 3560 1507 3611 neri
1533 3577 1582 3631 q.
1613 3577 1702 3624 n.,
1730 3558 1875 3609 Jeus.
1902 3555 2037 3629 (tac.
2067 3554 2258 3626 Genu.)
2279 3574 2402 3608 cum

1393 3636 1513 3690 edd.
1534 3649 1678 3709 post.
1702 3650 1825 3688 aute
1840 3633 1960 3687 Ald.
1979 3653 2090 3688 acc.
2114 3633 2245 3687 Obr.
2268 3632 2406 3686 Illud

1394 3714 1541 3787 quod
1560 3714 1648 3767 hie
1673 3713 1896 3785 legimus
1918 3715 2040 3767 sciet
2062 3711 2239 3765 nullus
2261 3731 2405 3766 meo·

1391 3813 1509 3846 rum
1529 3792 1695 3846 habet
1710 3806 1832 3845 aute
1849 3792 2051 3866 Gryph.
2066 3792 2282 3864 (1544),
2305 3794 2404 3845 nisi

1392 3872 1539 3945 quod
1565 3871 1834 3925 defectum
1873 3873 1986 3943 ejus
2009 3874 2063 3923 in
2092 3872 2255 3925 Cam.
2292 3890 2403 3923 nou

1392 3953 1572 4004 notavi
1594 3989 1614 4017 ,
1655 3970 1754 4023 per
1778 3969 2007 4003 errorem
2035 3949 2181 4002 haud
2208 3950 2400 4015 dubie;

1390 4049 1490 4083 nee
1520 4030 1809 4102 quidquam
1846 4029 2094 4101 princepe
2126 4027 2214 4081 illa
2243 4027 2402 4082 editi·

1389 4122 1740 4182 preterquam
1779 4107 1923 4179 quod
1951 4107 2007 4161 id
2036 4126 2066 4159 e
2093 4110 2305 4162 omittit.
2332 4140 2402 4151 --

1390 4189 1587 4245 Eadem
1613 4192 1781 4244 nostri
1804 4188 1977 4244 codd.
2005 4183 2100 4243 Eu.
