3200 5159
730 489 1383 561 INSTITUTIONIS
1420 489 1683 557 ORAT.
1723 492 1885 556 LIB.
1925 490 2082 568 ΧΠ,
2129 493 2191 557 8.
2388 492 2517 580 489

408 617 781 709 habentes,
820 618 1012 719 quod
1045 637 1207 690 aute
1237 615 1594 716 agendum
1636 615 1755 706 sit,
1787 614 2013 715 pridie
2046 617 2136 688 ad
2173 643 2244 689 se
2282 615 2515 688 venire

410 735 878 835 litigatorem,
923 756 1045 808 aut
1097 734 1349 808 eodem
1402 734 1754 807 matutino
1790 733 2124 834 jubent¹,
2173 758 2518 805 nonnun-

415 879 629 952 quam
664 853 876 925 etiam
904 851 1084 924 inter
1107 853 1259 951 ipsa
1282 834 1611 923 subsellia
1640 849 1962 922 didicisse
1990 877 2061 924 se
2092 849 2516 949 gloriantur3

414 968 667 1067 partim
704 968 1031 1069 jactantia
1064 967 1367 1067 ingenii,
1402 988 1480 1040 ut
1522 994 1629 1040 res
1676 955 1813 1039 cito
1857 966 2192 1067 accepisse
2229 966 2521 1038 videan-
2591 977 2624 1029 3

413 1102 566 1174 tur,
595 1104 828 1156 tenere
852 1096 968 1155 se'
1004 1103 1072 1155 et
1104 1081 1491 1181 intelligere
1526 1082 1723 1180 prius
1759 1108 1955 1181 paene
1985 1108 2204 1182 quam
2235 1081 2526 1154 audiant

419 1198 730 1289 mentiti,
773 1224 1000 1298 quum
1039 1197 1363 1269 multa'et
1396 1196 1685 1304 diserte,
1728 1197 2164 1296 summisque
2195 1195 2527 1268 clamori-

417 1313 551 1386 bus
571 1313 805 1412 3,(11133
832 1339 1067 1413 neque
1097 1312 1183 1384 ad
1204 1311 1523 1414 judicem
1554 1338 1787 1411 neque
1821 1311 1908 1383 ad
1938 1311 2363 1410 litigatorem
2389 1337 2530 1409 per·
2571 1313 2580 1318 ’

414 1431 714 1521 tineaut,
750 1430 1328 1518 decantaverunt,
1361 1428 1545 1501 bene
1575 1429 1907 1502 sudantes
1941 1428 2264 1528 beneque
2297 1426 2526 1500 comi-

414 1548 532 1619 tati
577 1572 703 1646 per
752 1546 988 1618 forum
1038 1544 1493 1616 reducuntur.
1553 1545 1660 1615 Ne
1707 1541 1859 1616 illas
1908 1542 2199 1640 quidem
2235 1541 2524 1614 'tulerim
2598 1555 2631 1622 4

417 1663 694 1735 delicias
727 1688 1007 1751 eorum,
1043 1660 1168 1758 qui
1202 1660 1433 1732 doceri
1469 1660 1733 1731 amicos
1766 1685 1927 1730 suos
1952 1658 2245 1759 jubent3
2281 1684 2532 1757 quam-

418 1807 634 1879 quam
665 1781 904 1853 minus
929 1777 1097 1850 mali
1124 1798 1258 1867 est,
1285 1777 1339 1849 si
1366 1778 1471 1849 illi
1500 1776 1746 1850 saltem
1774 1800 1957 1849 recte
1987 1777 2284 1864 discant,
2320 1796 2535 1848 recte-

423 1923 560 1996 que
582 1896 895 1968 doceant.
918 1894 1054 1966 Sed
1076 1892 1277 1993 quis4
1295 1892 1512 1965 discet
1532 1913 1681 1964 tam
1701 1892 1908 1982 bene,
1929 1920 2144 1990 quam
2162 1891 2536 1992 patronus?

422 2010 807 2103 Quomodo
842 2031 1077 2083 autem
1110 2032 1463 2107 sequester
1498 2007 1650 2099 ille,
1687 2029 1755 2081 et
1793 2000 2028 2080 media
2052 2008 2078 2053 ⁵
2107 2008 2342 2079 litium
2372 2035 2534 2079 ma-

424 2155 591 2219 nus,
627 2146 695 2197 et
716 2125 1007 2225 quidam
1038 2126 1410 2224 interpres,
1446 2124 1812 2223 impendet
1846 2151 2047 2221 aequo
2080 2123 2322 2196 animo
2347 2122 2535 2195 labo-

425 2268 572 2312 rem
623 2240 698 2311 in
758 2238 1021 2310 alienas
1082 2238 1387 2310 actiones
1410 2296 1429 2329 ,
1494 2264 1721 2337 quum
1744 2235 1775 2281 ⁶
1835 2236 2122 2309 dicturis
2167 2237 2341 2309 tanti
2395 2262 2534 2308 suae

422 2383 569 2429 non
623 2354 813 2429 sint?
864 2354 1187 2428 Pessimae
1236 2382 1396 2427 vero
1463 2353 2042 2445 consuetudinis,
2092 2352 2343 2426 libellis
2389 2379 2533 2425 esse
2606 2368 2638 2422 5

402 2492 873 2560 -contentum,
916 2496 1091 2571 quos
1136 2469 1501 2570 componit
1536 2491 1659 2542 aut
1685 2469 2017 2568 litigator,
2067 2468 2189 2569 qui
2224 2468 2537 2566 confugit

424 2630 625 2702 aliquid
645 2630 714 2685 ad
736 2633 909 2721 ipsam
931 2649 1146 2684 causam
1169 2643 1434 2703 spectans.

503 2708 838 2840 ιιῗῗὶῑὲἒιῗέ
840 2712 1051 2841 3:1³2:
1062 2788 1201 2841 Plor.
1215 2826 1232 2855 ,
1249 2798 1436 2841 mattae.

1592 2632 1646 2685 6.
1681 2632 1856 2701 Quum
1886 2631 2105 2684 dictur-is
2134 2628 2271 2681 tanti
2293 2645 2399 2681 suoe
2427 2645 2535 2680 non

1515 2712 1638 2764 sint.
1675 2713 1825 2763 Hanc
1858 2711 2184 2762 verissimam
2219 2709 2535 2781 scripturam

1520 2789 1784 2843 dederunt
1805 2792 1994 2861 optimi
2014 2789 2184 2842 Codd.
2197 2789 2373 2840 Tur-ic.
2394 2787 2533 2840 Flor.

424 2868 615 2920 vivent.
658 2869 836 2919 Turic.
872 2868 1012 2920 Flor.
1031 2906 1049 2934 ‚
1087 2870 1226 2920 inter
1247 2888 1299 2920 se
1320 2869 1441 2920 sub-

422 2944 587 3000 sellia.
610 2946 769 3012 Onna,
793 2946 1027 2998 didicisse
1051 2946 1310 2999 subsellia.

499 3042 548 3076 a.
586 3023 654 3075 Se
687 3024 884 3075 omittit
905 3023 1034 3076 Obr.
1072 3024 1232 3076 Poene
1262 3025 1440 3096 prius,

424 3103 659 3158 Gothan.
684 3104 831 3155 Jens.
856 3102 990 3175 (tac.
1016 3103 1212 3174 Gesn.)
1241 3118 1293 3157 et
1317 3103 1439 3156 edd.

423 3195 564 3256 post.
596 3193 718 3234 ante
759 3182 928 3235 Stoer.
969 3183 1141 3252 Quam
1181 3193 1242 3234 ut
1278 3182 1403 3234 aud.
1421 3220 1438 3248 ‚

425 3262 699 3316 Turicens.
722 3258 863 3311 Flor.
895 3259 1058 3312 Cur.
1098 3277 1221 3311 cum
1248 3258 1439 3312 Almel.

429 3337 673 3403 Mentiri,
688 3336 830 3389 Flor.
848 3340 1033 3410 Neque
1045 3337 1251 3403 ducem,
1263 3339 1438 3390 Tur-ic.

425 3417 565 3469 Flor.
600 3435 723 3469 cum
748 3416 933 3470 Almel.
962 3418 1264 3482 Pei-lineat,
1294 3419 1439 3469 Jens.

425 3494 568 3567 (non
587 3497 881 3568 pertinent,
907 3516 1008 3551 err.
1024 3495 1218 3566 Gesn.)
1236 3497 1445 3549 Decan-

431 3578 678 3645 iuverint,
714 3577 859 3630 Jens.
899 3591 953 3630 et
976 3576 1101 3629 edd.
1143 3590 1284 3649 post.
1320 3589 1442 3628 ante

432 3654 551 3707 Ald.
581 3655 943 3723 Reducuntur‚
964 3656 1142 3710 iidem.

501 3735 553 3789 3.
574 3733 926 3801 clamoribus,
949 3733 1276 3787 audientium
1288 3756 1303 3798 ς
1326 3733 1447 3788 vide

431 3831 548 3887 cap.
573 3815 638 3880 6,
661 3816 709 3883 3.
733 3813 784 3880 4.

503 3894 553 3961 4.
579 3894 682 3946 Sed
701 3893 818 3966 quis
840 3894 1012 3947 discet.
1032 3894 1241 3958 Turic.,
1264 3893 1307 3945 si
1332 3892 1447 3965 quis

431 3974 915 4038 discet.'l'uricens.,
938 3974 1199 4046 quomodo
1222 3983 1316 4025 aut
1338 3992 1441 4046 seq.

432 4053 578 4104 Loco
628 4057 772 4106 vocis
831 4056 1080 4125 interpres
1127 4050 1445 4124 compendia

435 4131 674 4203 quaedam
703 4133 931 4186 obscura
963 4137 1016 4185 in
1039 4132 1180 4185 Flor.

507 4211 557 4264 5.
575 4212 816 4265 blefia...
836 4233 1037 4266 manus.
1050 4212 1184 4266 Vide
1198 4212 1301 4279 xl,
1322 4230 1373 4282 2,
1390 4211 1442 4265 3.

1522 2888 1645 2922 cum
1657 2870 1796 2922 Alm.
1815 2872 1967 2922 Bern.
1989 2871 2091 2922 nisi
2114 2866 2260 2940 quod
2283 2869 2338 2920 in
2360 2870 2537 2920 omni-

1521 2949 1624 3001 bus
1649 2963 1729 3002 est
1750 2950 1844 3014 sit,
1872 2963 1924 3001 et
1944 2968 2009 3001 ex
2033 2947 2170 3000 Alm.
2196 2950 2349 2999 Bern.
2376 2949 2538 3000 affer-

1524 3042 1611 3080 tur
1632 3027 1880 3080 dicturus.
1909 3029 1952 3079 Ε
1970 3029 2122 3079 Voss.
2147 3027 2209 3091 3,
2232 3047 2277 3078 c.
2302 3024 2537 3080 dictu‘ms

1524 3106 1684 3158 tantis
1700 3107 1780 3160 sit.
1804 3106 2045 3158 Aliorum
2067 3104 2326 3159 librorum
2350 3108 2531 3179 (Cam.

1521 3184 1684 3239 Goth.
1702 3188 1858 3236 Voss.
1888 3184 1942 3256 2)
1965 3187 2224 3257 scriptura
2247 3204 2410 3258 quum
2436 3187 2537 3238 dic-

1523 3279 1668 3318 turus
1681 3283 1796 3318 vere
1809 3283 1917 3316 non
1935 3267 2002 3318 sit
2014 3277 2138 3316 nata
2154 3278 2233 3317 est
2249 3264 2371 3319 inde
2390 3263 2537 3316 haud

1523 3344 1706 3410 dubie,
1726 3343 1872 3417 quod
1889 3346 2024 3397 tanti
2037 3362 2126 3396 sne
2139 3343 2340 3395 abierat
2355 3345 2408 3396 in
2426 3355 2539 3396 tan-

1525 3425 1673 3489 risve,
1696 3436 1749 3475 et
1768 3442 1891 3476 mox
1911 3420 2043 3474 illud
2064 3423 2222 3474 etiam
2238 3421 2396 3474 tantis
2413 3435 2538 3492 post

1524 3501 1741 3554 dicturis
1777 3499 1848 3552 oh
1885 3499 2343 3552 homoeoteleuton
2378 3502 2541 3552 omis-

1526 3597 1644 3631 sum
1660 3591 1788 3632 erat.
1801 3578 2040 3632 Tandem
2057 3578 2362 3631 adverbium
2377 3580 2538 3631 etiam

1527 3676 1643 3711 vere
1662 3677 1692 3709 a
1707 3671 2009 3710 correctore
2026 3656 2260 3728 quodam
2278 3670 2540 3710 mutatum

1527 3751 1609 3790 est
1631 3760 1643 3791 ε
1668 3737 1860 3809 reliqui
1877 3739 2019 3790 enim
2039 3755 2223 3790 omnes
2246 3739 2346 3788 ita:
2374 3755 2537 3809 quum

1525 3817 1755 3870 dicturus
1778 3817 1883 3890 ipse
1904 3834 2012 3869 non
2035 3816 2127 3877 sit‚·
2154 3813 2346 3886 quibus
2364 3815 2538 3872 verbis

1524 3899 1707 3969 inepta
1760 3894 2049 3947 admodum
2104 3896 2243 3946 inest
2292 3897 2536 3965 repetitio

1526 3977 1670 4045 ejus,
1692 3974 1837 4047 quod
1857 3992 1963 4026 una
1979 3991 2081 4024 vox
2099 3971 2426 4046 alienasjam
2446 3974 2536 4026 ab·

1526 4053 1774 4107 solverat.
1791 4054 1963 4105 Nemo
1983 4064 2160 4104 autem
2173 4087 2190 4118 ,
2210 4054 2421 4123 opinor,
2439 4051 2538 4105 hae·

1526 4145 1640 4183 reat
1659 4134 1716 4184 in
1738 4130 1932 4202 plurali
1953 4128 2191 4196 dictur-ix,
2219 4148 2382 4202 quum
2407 4149 2536 4202 prae-

1526 4210 1683 4263 cedat
1709 4209 1910 4263 alienas
1930 4210 2176 4262 actiones.
