3200 5159
649 496 1315 565 *INSTITUTIONIS
1351 497 1610 565 ORAT.
1649 500 1943 583 LIB.‘X,
1984 500 2048 567 6.

2288 501 2415 592 175

289 636 842 721 nostrorumque
877 622 1331 694 Hortensium
1369 622 1689 713 tradidit,
1715 649 1869 722 quae
1904 622 2406 722 cogitaverant,

294 735 389 806 ad
436 735 733 808 verbum
789 737 863 809 in
916 737 1187 837 agendo
1235 737 1566 811 retulisse.
1622 739 1757 811 Sed
1802 738 1856 810 si
1903 740 2078 812 forte
2116 741 2408 840 ¹aliquis

288 852 479 924 inter
525 854 912 927 dicendum
957 854 1345 928 effulserit²
1399 855 1893 955 extemporalis·
1938 856 2131 929 color
2155 854 2208 947 3,
2261 883 2408 929 non
2522 890 2525 899 ·

288 1046 523 1101 rhetoris
547 1067 576 1101 a
603 1049 887 1102 Plutarcho
910 1069 1019 1103 non
1044 1049 1307 1123 proditur.

289 1127 399 1179 sed
424 1126 653 1179 debebat
680 1130 793 1198 ejus
819 1147 1010 1182 nomen
1038 1129 1194 1200 adjici
1218 1148 1311 1180 ca-

293 1207 477 1278 talogo
503 1207 576 1260 illi
604 1207 933 1261 Fabriciano.
959 1209 1312 1263 Schneiderus

293 1303 426 1337 sane
451 1286 568 1358 (ap.
587 1287 786 1339 wezel.
813 1288 880 1340 ad
906 1291 1012 1340 Cic.
1041 1289 1184 1340 Brut.
1212 1290 1313 1358 88)

298 1364 654 1416 Charmadam
676 1385 738 1417 ex
763 1367 872 1418 Cic.
899 1365 966 1418 de
990 1367 1079 1419 Or.
1107 1368 1183 1431 11,
1210 1367 1277 1419 88
1294 1406 1311 1433 ‚

298 1456 353 1494 et
396 1444 563 1496 altero
601 1447 781 1496 Nostri
819 1446 925 1509 XI,
961 1463 1024 1511 α,
1062 1446 1128 1497 26
1162 1445 1313 1511 Ioco,

295 1524 679 1576 nestituendum
705 1524 793 1576 hic
818 1544 916 1595 pro
942 1524 1033 1577 illo
1059 1523 1312 1598 Eriphylo

297 1616 511 1666 censen
542 1603 635 1656 sed
664 1603 792 1655 mihi
821 1603 926 1655 hoc
956 1623 1065 1656 non
1093 1620 1315 1677 perflue-

203 1731 211 1741 ,
296 1682 416 1748 det,
438 1702 602 1755 quum
628 1696 845 1754 propter
866 1682 1126 1734 ductuum
1149 1682 1317 1736 diver-

295 1763 529 1827 sitatem,
543 1775 651 1819 tum
663 1776 880 1833 propter
892 1763 1113 1833 patriam
1129 1762 1316 1825 3Chan-

297 1840 483 1892 mades
511 1843 666 1892 'euim
704 1840 1041 1894 Atheniensis
1079 1839 1314 1910 videtur,

298 1939 623 1992 quamquam
667 1940 970 1992 expressum
1017 1919 1122 1972 hoc
1169 1921 1314 1993 apud

296 2002 564 2052 neminem
597 2001 826 2051 invenio.
860 1997 1192 2067 Quintiliano
1223 1997 1317 2051 ali-

299 2098 460 2150 quem
481 2078 568 2130 hit:
589 2097 820 2130 errorem
845 2081 1108 2149 imputare
1131 2078 1314 2149 religio

298 2159 430 2211 mihi
451 2158 664 2230 quidem
686 2177 795 2211 non
817 2159 992 2210 fuerit.
1007 2161 1201 2209 Vei-nm
1225 2158 1318 2209 ho-

295 2241 498 2290 minem
532 2238 794 2310 aliquem,
824 2234 1032 2311 Empyli
1062 2239 1315 2305 nomine,

300 2320 392 2390 qui
419 2320 669 2368 memoria
695 2318 934 2387 inprimis
958 2313 1212 2387 polleret,
1237 2319 1315 2367 in-

300 2410 382 2447 ter
403 2410 608 2448 veteres
631 2394 957 2447 celebratum
981 2396 1199 2447 omnino
1222 2413 1316 2446 ne-

297 2491 427 2544 gare
449 2492 560 2525 non
587 2475 856 2535 sustine03
883 2491 1049 2544 quum
1075 2473 1154 2525 vel
1181 2476 1315 2525 Bru-

299 2556 476 2606 tianus
499 2553 585 2605 ille
607 2555 776 2625 possit
800 2552 1036 2623 intelligi.
1069 2551 1157 2603 Ille
1185 2551 1318 2605 alter

300 2635 408 2698 xl,
447 2651 511 2699 2,
547 2633 642 2697 15,
675 2630 980 2702 Eurypylus
1015 2630 1315 2699 Larissa-us,

299 2725 360 2764 ut
392 2714 637 2784 protinus
666 2711 1000 2763 confessione
1031 2710 1131 2762 hac
1161 2713 1318 2781 igno-

300 2797 482 2846 rantiae
501 2793 780 2863 defungar,
800 2795 957 2843 etiam
977 2794 1179 2861 minuti,
1200 2796 1317 2863 quis

304 2887 359 2925 et
401 2873 572 2945 qualis
619 2884 790 2935 esset,
835 2872 1076 2943 indagari
1121 2876 1315 2944 potuit.

303 2952 487 3021 Longe
524 2956 662 3004 enim
701 2971 827 3005 sane
860 2951 1009 3004 abest
1041 2951 1187 3022 quod
1218 2955 1318 3004 Pe—

302 3045 418 3084 trus
436 3031 702 3084 Gerardus
724 3030 966 3083 Dukerus
989 3030 1160 3100 (libro
1180 3031 1319 3087 infra

304 3111 678 3174 memorando)
696 3111 1018 3162 demonstrat
1042 3110 1185 3182 apud
1198 3111 1322 3161 Dio-

301 3210 493 3262 genem
540 3192 802 3243 Laertium
846 3192 1169 3241 mentionem
1209 3189 1319 3241 fleri

305 3269 628 3341 Eurylochi,
656 3271 873 3341 sceptici
903 3268 1028 3339 (lib.
1057 3270 1162 3336 lx,
1186 3269 1319 3340 68);

303 3352 432 3408 item
461 3346 754 3420 Eurylochi
784 3347 1018 3401 Larissoet'
1047 3347 1159 3419 (Π,
1192 3347 1321 3420 25),

304 3428 538 3480 hominis
571 3431 799 3482 Socratis
827 3440 978 3479 aetute
1005 3429 1239 3499 potentis
1267 3440 1321 3478 et

305 3510 510 3573 divitis,
537 3511 627 3580 qui
650 3508 918 3580 Libarna(
938 3506 1083 3559 Decl.
1111 3507 1321 3579 xxix)

305 3591 373 3641 sit
400 3590 671 3661 Carystius
702 3587 992 3657 (mendose
1025 3599 1201 3638 tamen
1218 3624 1234 3651 ‚
1260 3599 1322 3638 ut

307 3681 454 3719 recte
472 3680 652 3719 monet
668 3666 993 3736 Menagius);
1014 3679 1065 3717 et
1086 3667 1200 3737 ipsc
1217 3666 1321 3717 hoc

307 3748 548 3816 agnoscit
577 3744 830 3797 Dukerus.
863 3744 1025 3812 Quod
1051 3757 1228 3796 autem
1254 3744 1322 3796 ad

308 3826 528 3877 Aristot.
545 3822 699 3875 Polit.
715 3825 800 3893 (in
818 3823 1108 3890 Addendis,
1125 3843 1176 3895 p.
1196 3822 1340 3892 491)‘

1392 1050 1704 1104 Athenaeum
1723 1053 1825 1117 XI,
1846 1070 1902 1123 p.
1926 1050 2058 1117 508,
2079 1068 2139 1105 ut
2158 1067 2210 1105 et
2230 1053 2410 1126 plures

1393 1131 1444 1181 E
1446 1129 1699 1202 mypylos
1723 1144 1774 1182 et
1798 1129 2108 1202 Eurypylen
2136 1133 2191 1183 in
2214 1131 2413 1184 biblio-

1393 1208 1546 1260 thr-ca
1588 1207 1940 1279 Apollodori,
1977 1207 2115 1275 hoc,
2150 1211 2367 1281 inquam
2389 1248 2408 1276 ‚

1393 1291 1590 1341 semina
1631 1288 1818 1341 saltem
1852 1288 2091 1362 quaedam
2131 1288 2292 1341 habet
2330 1292 2414 1341 in·

1392 1369 1663 1421 veniendae
1702 1369 1926 1420 fortasse
1960 1367 2248 1439 aliquando
2281 1389 2414 1442 pro-

1392 1447 1585 1500 babilis
1618 1447 1686 1498 de
1719 1446 1826 1499 hoc
1858 1460 2041 1499 nostro
2072 1450 2410 1518 conjecturae.

1394 1525 1536 1577 Nihil
1571 1539 1824 1597 praeterea
1859 1524 2005 1596 apud
2032 1527 2144 1576 VV.
2176 1526 2291 1577 DD.
2327 1546 2412 1578 re-

1393 1608 1535 1678 peri,
1559 1625 1661 1656 nec
1684 1607 1800 1677 ipse
1826 1600 2117 1677 quidquam
2142 1607 2271 1657 erui.

1476 1704 1518 1738 ι.
1562 1683 1787 1758 Aliquis.
1827 1687 2003 1738 Turio.
2044 1684 2186 1736 Flor.
2219 1683 2342 1754 (hic
2379 1704 2412 1738 a

1394 1784 1498 1817 sec.
1527 1764 1711 1835 manu)
1733 1765 1932 1838 aliqui,
1961 1783 2083 1819 cum
2103 1770 2257 1817 Voss.
2287 1782 2332 1831 1,
2358 1765 2413 1831 3,

1395 1848 1569 1897 Burm.
1608 1844 1733 1897 inde
1756 1846 1919 1897 efficit
1940 1844 2108 1897 alicui
2116 1867 2134 1906 ,·
2166 1844 2259 1897 sed
2285 1864 2413 1915 pro·-

1397 1926 1611 1975 nomiue
1666 1923 1867 1994 indiget
1922 1921 2080 1977 color.
2136 1953 2210 1963 -
2262 1926 2408 1975 Avic.

1396 2003 1547 2055 Poul.
1573 2003 1636 2054 R.
1665 2003 1725 2069 3,
1754 2001 1942 2074 aliqui.
1974 2000 2184 2074 Reliqui
2209 2002 2412 2069 Codd„

1395 2081 1607 2155 aliquis.
1633 2084 1728 2134 Eu.
2225 2128 2238 2142 ,

1471 2178 1518 2212 2.
1545 2158 1848 2231 Effulserit.
1877 2156 2084 2221 Guelf.‚
2110 2155 2411 2230 obfitlxerit.

1396 2238 1580 2306 Goth„
1595 2239 1861 2316 effluxerit
1870 2277 1888 2305 ‚
1905 2256 2026 2288 cum
2041 2236 2173 2289 vall.
2188 2241 2340 2289 Voss.
2362 2254 2435 2303 2,-

1396 2336 1558 2389 marg.
1576 2318 1730 2370 Colb.
1742 2316 1876 2370 Vide
1891 2318 2066 2369 Burm-
2090 2315 2156 2368 ad
2171 2316 2408 2371 Declam.

1396 2401 1466 2450 lx
1480 2438 1496 2464 ,
1513 2415 1564 2468 7,
1581 2398 1671 2451 ubi
1690 2397 1905 2471 offulsit
1921 2398 2149 2449 restituit
2165 2416 2194 2449 e
2209 2395 2380 2450 codd.
2394 2435 2412 2463 ,

1397 2490 1449 2528 et
1463 2475 1727 2528 Drakenb.
1748 2475 1811 2527 ad
1830 2475 1918 2527 Sil.
1936 2475 2083 2540 xm,
2110 2492 2126 2525 ι
2146 2474 2205 2540 14
2249 2492 2415 2544 quum

1397 2555 1576 2607 subito
1614 2553 1857 2606 dextrum
1891 2552 2096 2605 offulsit
2130 2572 2232 2604 con
2271 2552 2414 2606 tibus

1399 2634 1587 2706 omen)
1611 2632 1707 2685 ubi
1726 2633 1907 2686 itidem
1928 2651 2026 2706 pro
2051 2631 2259 2704 effulsit
2281 2632 2416 2684 alte-

1397 2733 1514 2766 rum
1547 2712 1678 2765 illud
1708 2732 1737 2765 e
1764 2714 1873 2765 MS.
1910 2714 2219 2785 repositum.
2252 2710 2418 2781 Quod

1400 2812 1507 2865 quo
1529 2796 1702 2844 minus
1721 2791 1809 2844 hic
1830 2810 2045 2864 quoque
2064 2791 2302 2863 placeat,
2326 2791 2416 2843 ob-

1399 2888 1539 2927 stare
1559 2871 1765 2924 videtur
1784 2872 1835 2922 in
1844 2883 1919 2923 ter
1935 2872 2230 2923 dicendum.
2256 2872 2417 2923 Litte-

1399 2970 1512 3003 ram
1533 2968 1570 3002 x
1593 2951 1718 3002 huic
1741 2949 2007 3001 vocabulo
2032 2949 2262 3001 infulciri
2289 2947 2417 3001 soli-

1401 3043 1506 3081 tam
1544 3028 1664 3081 vide
1701 3027 1847 3100 apud
1886 3024 2152 3080 Drokenl).
2195 3026 2263 3079 ad
2299 3028 2413 3079 Liv.

1398 3109 1549 3173 xxl,
1569 3108 1635 3160 62
1652 3145 1668 3173 ‚
1689 3108 1739 3174 4.
1761 3134 1830 3146 --
1848 3105 1985 3159 Van.
2012 3105 2105 3158 lib.
2132 3109 2236 3159 ΒΗ.
2267 3108 2328 3174 8,
2351 3126 2422 3178 9,

1400 3186 1681 3265 effluxerit.
1706 3186 1891 3237 Coeteri
1912 3183 2187 3255 effulserit.
2214 3187 2307 3237 Eu.

1474 3268 1525 3320 3.
1551 3265 1720 3319 Color.
1736 3266 2007 3316 TuriceuS.
2022 3302 2040 3328 ‚
2062 3264 2269 3330 cohors,
2291 3283 2417 3316 cum

1399 3346 1538 3398 AIm.
1570 3344 1713 3414 (non
1745 3344 1918 3409 Flor.'⁹
1945 3343 2065 3395 vide
2095 3344 2171 3410 X,
2202 3344 2267 3409 5,
2294 3344 2410 3415 πο).

1400 3427 1583 3477 Fuisse
1608 3423 1745 3478 colos
1770 3425 2069 3496 suspicatur
2082 3425 2281 3487 Burm.‚
2302 3442 2415 3475 nou

1401 3520 1518 3576 ego.
1545 3507 1628 3555 An
1651 3502 1874 3576 aliqui...
1902 3501 2207 3575 effulserint
2227 3515 2428 3555 extem..

1397 3580 1605 3657 por-ales
1626 3581 1852 3634 colores?
1872 3581 1973 3633 Sed
1996 3580 2102 3632 hoc
2124 3580 2416 3653 displicue-

1402 3665 1486 3714 rit.
1511 3691 1583 3700 —
1607 3662 1788 3712 Nostri
1811 3658 1975 3724 color,
2002 3672 2207 3731 except.
2229 3661 2292 3712 R.
2323 3677 2414 3735 ιο,

1405 3744 1495 3814 qui
1522 3741 1685 3794 calor.
1714 3742 1798 3794 Sic
1826 3739 1914 3791 bic
1941 3739 2074 3793 cod.
2103 3745 2256 3812 juvat
2283 3760 2418 3792 con-

1396 3826 1659 3895 jecturam
1707 3820 1980 3875 Obrechti.
2042 3821 2137 3872 En.
2194 3850 2268 3860 —-
2309 3822 2360 3872 E
2349 3821 2421 3892 f-

311 3902 665 3957 Schneiderus
688 3903 1029 3974 Eurypylum
1051 3921 1111 3953 ex
1134 3902 1338 3953 Aleuas
1393 3901 1611 3975 fulserit
1641 3898 2008 3974 extemporalis
2041 3900 2200 3952 color.
2241 3903 2417 3970 Quem

312 3983 503 4036 darum
531 3981 729 4034 familia
759 3982 847 4053 (in
873 4000 981 4053 quo
1008 3979 1221 4054 quidem
1246 3992 1325 4031 est

312 4063 492 4135 patriae
516 4080 637 4115 cum
662 4075 843 4112 nostro
870 4059 1206 4131 communio)
1236 4080 1324 4111 os-

312 4142 483 4194 tendit
516 4139 660 4211 apud
691 4139 1053 4204 Herodotum,
1087 4140 1190 4204 lx,
1226 4138 1326 4201 583

311 4222 439 4277 ite-a
469 4219 810 4290 EuQ'pylum.
840 4220 1151 4290 scriptorem
1182 4217 1330 4288 apud.

1405 3980 1708 4033 Obrechtus
1722 3978 1808 4031 hic
1825 3979 2144 4031 substituere
2159 3979 2281 4032 velit
2296 4019 2312 4046 ,
2327 4000 2417 4033 ca-

1406 4056 1503 4124 lor,
1531 4058 1791 4131 probatus
1820 4060 2119 4110 But-manno
2144 4072 2195 4111 et
2218 4058 2445 4113 Gesne-'

1406 4156 1467 4189 ro
1480 4176 1496 4203 ‚
1512 4139 1780 4190 lenissima
1795 4152 2085 4209 reponatur
2104 4142 2413 4194 mutatione.

1404 4217 1473 4269 Et
1503 4219 1558 4268 iu
1588 4216 2045 4288 “temporalitate
2071 4230 2150 4271 est
2176 4236 2304 4273 eane
2331 4226 2439 4273 cai
