<?xml version="1.0" encoding="UTF-8"?>
<!DOCTYPE html PUBLIC "-//W3C//DTD XHTML 1.0 Transitional//EN"
    "http://www.w3.org/TR/xhtml1/DTD/xhtml1-transitional.dtd">
<html xmlns="http://www.w3.org/1999/xhtml" xml:lang="en" lang="en">
 <head>
  <title>
</title>
<meta http-equiv="Content-Type" content="text/html;charset=utf-8" />
  <meta name='ocr-system' content='tesseract 3.04.00' />
  <meta name='ocr-capabilities' content='ocr_page ocr_carea ocr_par ocr_line ocrx_word'/>
</head>
<body>
  <div class='ocr_page' id='page_1' title='image "./deinstitutioneo00unkngoog_0183.png"; bbox 0 0 3200 5159; ppageno 0'>
   <div class='ocr_carea' id='block_1_1' title="bbox 620 455 2001 543">
    <p class='ocr_par' dir='ltr' id='par_1_1' title="bbox 620 455 2001 543">
     <span class='ocr_line' id='line_1_1' title="bbox 620 455 2001 543; baseline -0.001 -12"><span class='ocrx_word' id='word_1_1' title='bbox 620 455 1272 533; x_wconf 80' lang='lat' dir='ltr'>INSTITUTIONIS</span> <span class='ocrx_word' id='word_1_2' title='bbox 1310 461 1565 527; x_wconf 78' lang='lat' dir='ltr'><strong>ORAT.</strong></span> <span class='ocrx_word' id='word_1_3' title='bbox 1606 461 1769 529; x_wconf 86' lang='lat' dir='ltr'>LlB.</span> <span class='ocrx_word' id='word_1_4' title='bbox 1808 466 1898 543; x_wconf 87' lang='lat' dir='ltr'>X,</span> <span class='ocrx_word' id='word_1_5' title='bbox 1942 466 2001 531; x_wconf 79' lang='lat'>3.</span> 
     </span>
    </p>
   </div>
   <div class='ocr_carea' id='block_1_2' title="bbox 2245 463 2367 545">
    <p class='ocr_par' dir='ltr' id='par_1_2' title="bbox 2245 463 2367 545">
     <span class='ocr_line' id='line_1_2' title="bbox 2245 463 2367 545; baseline -0.016 -15"><span class='ocrx_word' id='word_1_6' title='bbox 2245 463 2367 545; x_wconf 71' lang='lat'>143</span> 
     </span>
    </p>
   </div>
   <div class='ocr_carea' id='block_1_3' title="bbox 256 584 2470 806">
    <p class='ocr_par' dir='ltr' id='par_1_3' title="bbox 256 584 2470 806">
     <span class='ocr_line' id='line_1_3' title="bbox 257 584 2470 689; baseline 0 -27"><span class='ocrx_word' id='word_1_7' title='bbox 257 587 597 662; x_wconf 86' lang='lat' dir='ltr'>sentiam¹</span> <span class='ocrx_word' id='word_1_8' title='bbox 629 617 645 661; x_wconf 91' lang='lat'>:</span> <span class='ocrx_word' id='word_1_9' title='bbox 679 616 848 661; x_wconf 86' lang='lat' dir='ltr'>nam</span> <span class='ocrx_word' id='word_1_10' title='bbox 881 588 1003 660; x_wconf 81' lang='lat' dir='ltr'>in²</span> <span class='ocrx_word' id='word_1_11' title='bbox 1037 586 1197 659; x_wconf 87' lang='lat' dir='ltr'>stilo</span> <span class='ocrx_word' id='word_1_12' title='bbox 1223 584 1514 685; x_wconf 86' lang='lat' dir='ltr'>quidem</span> <span class='ocrx_word' id='word_1_13' title='bbox 1548 585 1980 685; x_wconf 79' lang='lat' dir='ltr'>quamlibet³</span> <span class='ocrx_word' id='word_1_14' title='bbox 2006 611 2369 689; x_wconf 84' lang='lat' dir='ltr'>properato</span> <span class='ocrx_word' id='word_1_15' title='bbox 2404 616 2470 669; x_wconf 76' lang='lat'>¹9</span> 
     </span>
     <span class='ocr_line' id='line_1_4' title="bbox 256 702 2374 806; baseline 0.001 -29"><span class='ocrx_word' id='word_1_16' title='bbox 256 705 382 778; x_wconf 86' lang='lat' dir='ltr'>dat</span> <span class='ocrx_word' id='word_1_17' title='bbox 407 705 718 806; x_wconf 82' lang='lat' dir='ltr'>aliquam</span> <span class='ocrx_word' id='word_1_18' title='bbox 748 702 1153 804; x_wconf 81' lang='lat' dir='ltr'>cogitationi</span> <span class='ocrx_word' id='word_1_19' title='bbox 1185 727 1457 774; x_wconf 85' lang='lat' dir='ltr'>moram</span> <span class='ocrx_word' id='word_1_20' title='bbox 1489 728 1639 775; x_wconf 92' lang='lat' dir='ltr'>non</span> <span class='ocrx_word' id='word_1_21' title='bbox 1678 730 2115 805; x_wconf 84' lang='lat' dir='ltr'>consequens</span> <span class='ocrx_word' id='word_1_22' title='bbox 2143 707 2374 781; x_wconf 83' lang='lat' dir='ltr'>celeri·</span> 
     </span>
    </p>
   </div>
   <div class='ocr_carea' id='block_1_4' title="bbox 261 856 1309 4182">
    <p class='ocr_par' dir='ltr' id='par_1_4' title="bbox 261 856 1309 4182">
     <span class='ocr_line' id='line_1_5' title="bbox 263 856 1275 921; baseline -0.002 -12"><span class='ocrx_word' id='word_1_23' title='bbox 263 880 290 908; x_wconf 78' lang='grc' dir='ltr'>ι</span> <span class='ocrx_word' id='word_1_24' title='bbox 310 872 424 911; x_wconf 81' lang='lat' dir='ltr'>tum</span> <span class='ocrx_word' id='word_1_25' title='bbox 441 858 692 913; x_wconf 79' lang='lat' dir='ltr'>notabilis</span> <span class='ocrx_word' id='word_1_26' title='bbox 711 870 824 912; x_wconf 82' lang='lat' dir='ltr'>erat</span> <span class='ocrx_word' id='word_1_27' title='bbox 841 877 907 912; x_wconf 80' lang='lat' dir='ltr'>ea</span> <span class='ocrx_word' id='word_1_28' title='bbox 923 856 1199 921; x_wconf 79' lang='lat' dir='ltr'>mollities,</span> <span class='ocrx_word' id='word_1_29' title='bbox 1213 868 1275 907; x_wconf 81' lang='lat' dir='ltr'>ut</span> 
     </span>
     <span class='ocr_line' id='line_1_6' title="bbox 263 936 1277 1009; baseline 0 -23"><span class='ocrx_word' id='word_1_30' title='bbox 263 961 291 986; x_wconf 72' lang='grc' dir='ltr'>ι</span> <span class='ocrx_word' id='word_1_31' title='bbox 312 941 453 990; x_wconf 82' lang='lat' dir='ltr'>circa</span> <span class='ocrx_word' id='word_1_32' title='bbox 473 937 736 991; x_wconf 87' lang='lat' dir='ltr'>scribendi</span> <span class='ocrx_word' id='word_1_33' title='bbox 750 952 916 990; x_wconf 85' lang='lat' dir='ltr'>artem</span> <span class='ocrx_word' id='word_1_34' title='bbox 935 936 1277 1009; x_wconf 67' lang='lat' dir='ltr'>negligentio-</span> 
     </span>
     <span class='ocr_line' id='line_1_7' title="bbox 261 1016 1276 1088; baseline -0.006 -17"><span class='ocrx_word' id='word_1_35' title='bbox 261 1041 288 1065; x_wconf 78' lang='grc' dir='ltr'>σι</span> <span class='ocrx_word' id='word_1_36' title='bbox 309 1038 395 1071; x_wconf 85' lang='lat' dir='ltr'>res</span> <span class='ocrx_word' id='word_1_37' title='bbox 419 1032 594 1072; x_wconf 84' lang='lat' dir='ltr'>essent</span> <span class='ocrx_word' id='word_1_38' title='bbox 615 1018 859 1071; x_wconf 87' lang='lat' dir='ltr'>homines</span> <span class='ocrx_word' id='word_1_39' title='bbox 882 1021 936 1070; x_wconf 90' lang='lat' dir='ltr'>in</span> <span class='ocrx_word' id='word_1_40' title='bbox 962 1017 1140 1088; x_wconf 80' lang='lat' dir='ltr'>aliquo</span> <span class='ocrx_word' id='word_1_41' title='bbox 1163 1016 1276 1066; x_wconf 79' lang='lat' dir='ltr'>fas-</span> 
     </span>
     <span class='ocr_line' id='line_1_8' title="bbox 265 1093 1273 1168; baseline -0.005 -18"><span class='ocrx_word' id='word_1_42' title='bbox 265 1120 293 1145; x_wconf 83' lang='lat'>·</span> <span class='ocrx_word' id='word_1_43' title='bbox 312 1099 445 1168; x_wconf 71' lang='lat' dir='ltr'>tigio</span> <span class='ocrx_word' id='word_1_44' title='bbox 477 1099 752 1151; x_wconf 82' lang='lat' dir='ltr'>constituti</span> <span class='ocrx_word' id='word_1_45' title='bbox 780 1097 931 1168; x_wconf 77' lang='lat' dir='ltr'>(vide</span> <span class='ocrx_word' id='word_1_46' title='bbox 965 1099 1020 1163; x_wconf 86' lang='lat'>1,</span> <span class='ocrx_word' id='word_1_47' title='bbox 1049 1112 1069 1147; x_wconf 80' lang='grc' dir='ltr'>ι</span> <span class='ocrx_word' id='word_1_48' title='bbox 1089 1134 1106 1161; x_wconf 89' lang='lat'>,</span> <span class='ocrx_word' id='word_1_49' title='bbox 1136 1093 1273 1166; x_wconf 72' lang='lat'>28):</span> 
     </span>
     <span class='ocr_line' id='line_1_9' title="bbox 263 1174 1278 1250; baseline -0.007 -19"><span class='ocrx_word' id='word_1_50' title='bbox 263 1199 291 1224; x_wconf 77' lang='grc' dir='ltr'>ι</span> <span class='ocrx_word' id='word_1_51' title='bbox 314 1197 430 1250; x_wconf 79' lang='lat' dir='ltr'>quae</span> <span class='ocrx_word' id='word_1_52' title='bbox 443 1190 630 1250; x_wconf 85' lang='lat' dir='ltr'>postea</span> <span class='ocrx_word' id='word_1_53' title='bbox 644 1180 716 1230; x_wconf 80' lang='lat' dir='ltr'>ita</span> <span class='ocrx_word' id='word_1_54' title='bbox 733 1176 957 1231; x_wconf 76' lang='lat' dir='ltr'>invaluit</span> <span class='ocrx_word' id='word_1_55' title='bbox 968 1215 987 1244; x_wconf 77' lang='lat'>,</span> <span class='ocrx_word' id='word_1_56' title='bbox 1004 1189 1064 1227; x_wconf 89' lang='lat' dir='ltr'>ut</span> <span class='ocrx_word' id='word_1_57' title='bbox 1082 1174 1278 1226; x_wconf 80' lang='lat' dir='ltr'>dictare</span> 
     </span>
     <span class='ocr_line' id='line_1_10' title="bbox 265 1253 1278 1330; baseline -0.007 -19"><span class='ocrx_word' id='word_1_58' title='bbox 265 1280 293 1305; x_wconf 77' lang='grc' dir='ltr'>ι</span> <span class='ocrx_word' id='word_1_59' title='bbox 307 1262 420 1330; x_wconf 84' lang='lat' dir='ltr'>jam</span> <span class='ocrx_word' id='word_1_60' title='bbox 457 1272 598 1311; x_wconf 86' lang='lat' dir='ltr'>esset</span> <span class='ocrx_word' id='word_1_61' title='bbox 635 1258 965 1310; x_wconf 87' lang='lat' dir='ltr'>eruditorum</span> <span class='ocrx_word' id='word_1_62' title='bbox 998 1253 1278 1307; x_wconf 88' lang='lat' dir='ltr'>hominum</span> 
     </span>
     <span class='ocr_line' id='line_1_11' title="bbox 265 1333 1282 1409; baseline -0.005 -20"><span class='ocrx_word' id='word_1_63' title='bbox 265 1359 290 1384; x_wconf 78' lang='grc' dir='ltr'>ι</span> <span class='ocrx_word' id='word_1_64' title='bbox 313 1356 483 1409; x_wconf 69' lang='lat' dir='ltr'>opus,</span> <span class='ocrx_word' id='word_1_65' title='bbox 508 1336 959 1408; x_wconf 81' lang='lat' dir='ltr'>quemadmodum</span> <span class='ocrx_word' id='word_1_66' title='bbox 980 1347 1134 1387; x_wconf 81' lang='lat' dir='ltr'>antea</span> <span class='ocrx_word' id='word_1_67' title='bbox 1157 1333 1282 1387; x_wconf 75' lang='lat' dir='ltr'>sen·-</span> 
     </span>
     <span class='ocr_line' id='line_1_12' title="bbox 263 1414 1281 1488; baseline -0.002 -23"><span class='ocrx_word' id='word_1_68' title='bbox 263 1438 290 1465; x_wconf 73' lang='grc' dir='ltr'>ι</span> <span class='ocrx_word' id='word_1_69' title='bbox 311 1417 443 1469; x_wconf 82' lang='lat' dir='ltr'>bere.</span> <span class='ocrx_word' id='word_1_70' title='bbox 470 1420 655 1488; x_wconf 78' lang='lat' dir='ltr'>ltaque</span> <span class='ocrx_word' id='word_1_71' title='bbox 674 1417 816 1469; x_wconf 84' lang='lat' dir='ltr'>vario</span> <span class='ocrx_word' id='word_1_72' title='bbox 840 1414 1078 1467; x_wconf 80' lang='lat' dir='ltr'>dictandi</span> <span class='ocrx_word' id='word_1_73' title='bbox 1094 1430 1281 1486; x_wconf 70' lang='lat' dir='ltr'>yenere</span> 
     </span>
     <span class='ocr_line' id='line_1_13' title="bbox 267 1491 1278 1567; baseline -0.005 -20"><span class='ocrx_word' id='word_1_74' title='bbox 267 1516 293 1542; x_wconf 78' lang='grc' dir='ltr'>ι</span> <span class='ocrx_word' id='word_1_75' title='bbox 315 1514 713 1567; x_wconf 79' lang='lat' dir='ltr'>supergressum</span> <span class='ocrx_word' id='word_1_76' title='bbox 739 1514 795 1548; x_wconf 87' lang='lat' dir='ltr'>se</span> <span class='ocrx_word' id='word_1_77' title='bbox 821 1494 952 1546; x_wconf 86' lang='lat' dir='ltr'>alios</span> <span class='ocrx_word' id='word_1_78' title='bbox 975 1491 1106 1545; x_wconf 87' lang='lat' dir='ltr'>dicit</span> <span class='ocrx_word' id='word_1_79' title='bbox 1128 1491 1278 1545; x_wconf 88' lang='lat' dir='ltr'>Sido-</span> 
     </span>
     <span class='ocr_line' id='line_1_14' title="bbox 268 1569 1279 1646; baseline -0.005 -20"><span class='ocrx_word' id='word_1_80' title='bbox 268 1598 296 1621; x_wconf 83' lang='lat'><strong>·</strong></span> <span class='ocrx_word' id='word_1_81' title='bbox 317 1578 438 1626; x_wconf 82' lang='lat' dir='ltr'>nius</span> <span class='ocrx_word' id='word_1_82' title='bbox 474 1575 794 1646; x_wconf 77' lang='lat' dir='ltr'>Apollinaris</span> <span class='ocrx_word' id='word_1_83' title='bbox 831 1575 946 1626; x_wconf 77' lang='lat' dir='ltr'>vm</span> <span class='ocrx_word' id='word_1_84' title='bbox 961 1611 979 1642; x_wconf 90' lang='lat'>,</span> <span class='ocrx_word' id='word_1_85' title='bbox 1014 1572 1083 1636; x_wconf 68' lang='grc' dir='ltr'>ὃς</span> <span class='ocrx_word' id='word_1_86' title='bbox 1120 1586 1172 1623; x_wconf 91' lang='lat' dir='ltr'>et</span> <span class='ocrx_word' id='word_1_87' title='bbox 1211 1569 1279 1621; x_wconf 86' lang='lat' dir='ltr'>ab</span> 
     </span>
     <span class='ocr_line' id='line_1_15' title="bbox 266 1653 1283 1728; baseline -0.004 -22"><span class='ocrx_word' id='word_1_88' title='bbox 266 1676 294 1701; x_wconf 78' lang='grc' dir='ltr'>ι</span> <span class='ocrx_word' id='word_1_89' title='bbox 314 1656 467 1706; x_wconf 85' lang='lat' dir='ltr'>initio</span> <span class='ocrx_word' id='word_1_90' title='bbox 492 1655 731 1727; x_wconf 80' lang='lat' dir='ltr'>ejusdem</span> <span class='ocrx_word' id='word_1_91' title='bbox 749 1653 985 1728; x_wconf 67' lang='lat' dir='ltr'>epistolae</span> <span class='ocrx_word' id='word_1_92' title='bbox 1005 1653 1283 1724; x_wconf 71' lang='lat' dir='ltr'>conjungit</span> 
     </span>
     <span class='ocr_line' id='line_1_16' title="bbox 268 1733 1282 1802; baseline -0.005 -13"><span class='ocrx_word' id='word_1_93' title='bbox 268 1757 296 1782; x_wconf 76' lang='grc' dir='ltr'>ι</span> <span class='ocrx_word' id='word_1_94' title='bbox 317 1735 487 1789; x_wconf 77' lang='lat' dir='ltr'>studia</span> <span class='ocrx_word' id='word_1_95' title='bbox 524 1737 785 1802; x_wconf 81' lang='lat' dir='ltr'>certandi,</span> <span class='ocrx_word' id='word_1_96' title='bbox 826 1734 1095 1802; x_wconf 80' lang='lat' dir='ltr'>dictandi,</span> <span class='ocrx_word' id='word_1_97' title='bbox 1131 1733 1282 1786; x_wconf 79' lang='lat' dir='ltr'>lecti-</span> 
     </span>
     <span class='ocr_line' id='line_1_17' title="bbox 265 1813 1283 1887; baseline -0.005 -21"><span class='ocrx_word' id='word_1_98' title='bbox 265 1835 296 1861; x_wconf 72' lang='lat'><strong>·</strong></span> <span class='ocrx_word' id='word_1_99' title='bbox 318 1816 580 1887; x_wconf 79' lang='lat' dir='ltr'>tandique.</span> <span class='ocrx_word' id='word_1_100' title='bbox 611 1815 745 1868; x_wconf 82' lang='lat' dir='ltr'>Vide</span> <span class='ocrx_word' id='word_1_101' title='bbox 780 1833 894 1886; x_wconf 81' lang='lat' dir='ltr'>quae</span> <span class='ocrx_word' id='word_1_102' title='bbox 928 1813 1017 1867; x_wconf 84' lang='lat' dir='ltr'>hic</span> <span class='ocrx_word' id='word_1_103' title='bbox 1055 1813 1283 1878; x_wconf 82' lang='lat' dir='ltr'>Savaro,</span> 
     </span>
     <span class='ocr_line' id='line_1_18' title="bbox 270 1891 1285 1965; baseline 0 -22"><span class='ocrx_word' id='word_1_104' title='bbox 270 1894 555 1965; x_wconf 75' lang='lat' dir='ltr'>«itemque</span> <span class='ocrx_word' id='word_1_105' title='bbox 587 1893 655 1945; x_wconf 89' lang='lat' dir='ltr'>ad</span> <span class='ocrx_word' id='word_1_106' title='bbox 693 1893 954 1947; x_wconf 79' lang='lat' dir='ltr'>latissimoe</span> <span class='ocrx_word' id='word_1_107' title='bbox 986 1891 1285 1944; x_wconf 70' lang='lat' dir='ltr'>dictationis</span> 
     </span>
     <span class='ocr_line' id='line_1_19' title="bbox 269 1971 1283 2046; baseline -0.002 -22"><span class='ocrx_word' id='word_1_108' title='bbox 269 1996 297 2021; x_wconf 78' lang='grc' dir='ltr'>ι</span> <span class='ocrx_word' id='word_1_109' title='bbox 317 1992 598 2046; x_wconf 81' lang='lat' dir='ltr'>campum,</span> <span class='ocrx_word' id='word_1_110' title='bbox 625 1975 724 2040; x_wconf 80' lang='lat' dir='ltr'>IX,</span> <span class='ocrx_word' id='word_1_111' title='bbox 746 1993 796 2044; x_wconf 86' lang='lat'>9.</span> <span class='ocrx_word' id='word_1_112' title='bbox 824 1976 959 2025; x_wconf 88' lang='lat' dir='ltr'>Hinc</span> <span class='ocrx_word' id='word_1_113' title='bbox 984 1971 1129 2044; x_wconf 86' lang='lat' dir='ltr'>apud</span> <span class='ocrx_word' id='word_1_114' title='bbox 1152 1973 1283 2024; x_wconf 84' lang='lat' dir='ltr'>Cas-</span> 
     </span>
     <span class='ocr_line' id='line_1_20' title="bbox 271 2051 1284 2121; baseline 0.001 -22"><span class='ocrx_word' id='word_1_115' title='bbox 271 2073 297 2098; x_wconf 72' lang='lat'><strong>·</strong></span> <span class='ocrx_word' id='word_1_116' title='bbox 320 2051 596 2103; x_wconf 86' lang='lat' dir='ltr'>siodorum</span> <span class='ocrx_word' id='word_1_117' title='bbox 626 2053 748 2105; x_wconf 84' lang='lat' dir='ltr'>Var.</span> <span class='ocrx_word' id='word_1_118' title='bbox 769 2052 917 2118; x_wconf 83' lang='lat' dir='ltr'>vlu,</span> <span class='ocrx_word' id='word_1_119' title='bbox 944 2053 1005 2104; x_wconf 84' lang='lat'>13</span> <span class='ocrx_word' id='word_1_120' title='bbox 1023 2088 1040 2115; x_wconf 88' lang='lat'>,</span> <span class='ocrx_word' id='word_1_121' title='bbox 1067 2069 1130 2103; x_wconf 85' lang='lat' dir='ltr'>cx</span> <span class='ocrx_word' id='word_1_122' title='bbox 1158 2068 1284 2121; x_wconf 86' lang='lat' dir='ltr'>per-</span> 
     </span>
     <span class='ocr_line' id='line_1_21' title="bbox 271 2130 1286 2202; baseline 0.001 -21"><span class='ocrx_word' id='word_1_123' title='bbox 271 2155 299 2180; x_wconf 73' lang='lat'><strong>·</strong></span> <span class='ocrx_word' id='word_1_124' title='bbox 320 2150 457 2184; x_wconf 74' lang='lat' dir='ltr'>sona</span> <span class='ocrx_word' id='word_1_125' title='bbox 486 2131 773 2184; x_wconf 82' lang='lat' dir='ltr'>Athalarici</span> <span class='ocrx_word' id='word_1_126' title='bbox 805 2135 941 2202; x_wconf 74' lang='lat' dir='ltr'>regis</span> <span class='ocrx_word' id='word_1_127' title='bbox 975 2130 1286 2182; x_wconf 81' lang='lat' dir='ltr'>Ambrosius</span> 
     </span>
     <span class='ocr_line' id='line_1_22' title="bbox 269 2209 1289 2278; baseline 0.002 -21"><span class='ocrx_word' id='word_1_128' title='bbox 269 2232 300 2257; x_wconf 68' lang='grc' dir='ltr'>ι</span> <span class='ocrx_word' id='word_1_129' title='bbox 319 2209 688 2264; x_wconf 75' lang='lat' dir='ltr'>dictationibus</span> <span class='ocrx_word' id='word_1_130' title='bbox 717 2212 1010 2276; x_wconf 74' lang='lat' dir='ltr'>adhibetur,</span> <span class='ocrx_word' id='word_1_131' title='bbox 1040 2223 1095 2261; x_wconf 87' lang='lat' dir='ltr'>et</span> <span class='ocrx_word' id='word_1_132' title='bbox 1121 2209 1289 2278; x_wconf 86' lang='lat' dir='ltr'>subji-</span> 
     </span>
     <span class='ocr_line' id='line_1_23' title="bbox 273 2284 1289 2358; baseline 0.002 -20"><span class='ocrx_word' id='word_1_133' title='bbox 273 2311 302 2338; x_wconf 77' lang='grc' dir='ltr'><strong><em>ο</em></strong></span> <span class='ocrx_word' id='word_1_134' title='bbox 323 2291 481 2356; x_wconf 88' lang='lat' dir='ltr'>citur,</span> <span class='ocrx_word' id='word_1_135' title='bbox 497 2290 676 2343; x_wconf 82' lang='lat' dir='ltr'>omnia</span> <span class='ocrx_word' id='word_1_136' title='bbox 693 2292 826 2341; x_wconf 81' lang='lat' dir='ltr'>bona</span> <span class='ocrx_word' id='word_1_137' title='bbox 845 2288 1084 2341; x_wconf 80' lang='lat' dir='ltr'><strong><em>cumulat</em></strong></span> <span class='ocrx_word' id='word_1_138' title='bbox 1101 2284 1289 2358; x_wconf 70' lang='lat' dir='ltr'>linqua</span> 
     </span>
     <span class='ocr_line' id='line_1_24' title="bbox 273 2364 1290 2437; baseline -0.006 -18"><span class='ocrx_word' id='word_1_139' title='bbox 273 2389 304 2414; x_wconf 70' lang='grc' dir='ltr'>ι</span> <span class='ocrx_word' id='word_1_140' title='bbox 324 2368 541 2434; x_wconf 81' lang='lat' dir='ltr'>diserta,</span> <span class='ocrx_word' id='word_1_141' title='bbox 567 2380 620 2419; x_wconf 92' lang='lat' dir='ltr'>et</span> <span class='ocrx_word' id='word_1_142' title='bbox 648 2367 798 2437; x_wconf 79' lang='lat' dir='ltr'>Quod</span> <span class='ocrx_word' id='word_1_143' title='bbox 819 2387 852 2417; x_wconf 90' lang='lat' dir='ltr'>a</span> <span class='ocrx_word' id='word_1_144' title='bbox 877 2366 1020 2419; x_wconf 82' lang='lat' dir='ltr'>nobis</span> <span class='ocrx_word' id='word_1_145' title='bbox 1043 2364 1290 2436; x_wconf 83' lang='lat' dir='ltr'>praecipi·</span> 
     </span>
     <span class='ocr_line' id='line_1_25' title="bbox 278 2446 1292 2520; baseline -0.002 -23"><span class='ocrx_word' id='word_1_146' title='bbox 278 2467 305 2493; x_wconf 77' lang='grc' dir='ltr'>α</span> <span class='ocrx_word' id='word_1_147' title='bbox 327 2457 435 2512; x_wconf 79' lang='lat' dir='ltr'>tur,</span> <span class='ocrx_word' id='word_1_148' title='bbox 453 2448 626 2520; x_wconf 76' lang='lat' dir='ltr'>qratia</span> <span class='ocrx_word' id='word_1_149' title='bbox 648 2446 891 2500; x_wconf 81' lang='lat' dir='ltr'>dictantis</span> <span class='ocrx_word' id='word_1_150' title='bbox 914 2456 1147 2498; x_wconf 83' lang='lat' dir='ltr'>ornatur.</span> <span class='ocrx_word' id='word_1_151' title='bbox 1173 2446 1292 2497; x_wconf 82' lang='lat' dir='ltr'>Ser-</span> 
     </span>
     <span class='ocr_line' id='line_1_26' title="bbox 279 2527 1294 2599; baseline -0.003 -20"><span class='ocrx_word' id='word_1_152' title='bbox 279 2549 306 2574; x_wconf 79' lang='lat'><strong>·</strong></span> <span class='ocrx_word' id='word_1_153' title='bbox 327 2546 418 2579; x_wconf 89' lang='lat' dir='ltr'>mo</span> <span class='ocrx_word' id='word_1_154' title='bbox 433 2541 516 2580; x_wconf 85' lang='lat' dir='ltr'>est</span> <span class='ocrx_word' id='word_1_155' title='bbox 528 2527 596 2580; x_wconf 88' lang='lat' dir='ltr'>de</span> <span class='ocrx_word' id='word_1_156' title='bbox 613 2541 886 2599; x_wconf 80' lang='lat' dir='ltr'>quaesturoe</span> <span class='ocrx_word' id='word_1_157' title='bbox 906 2527 1186 2597; x_wconf 71' lang='lat' dir='ltr'>dignitate,</span> <span class='ocrx_word' id='word_1_158' title='bbox 1205 2527 1294 2576; x_wconf 86' lang='lat' dir='ltr'>cui</span> 
     </span>
     <span class='ocr_line' id='line_1_27' title="bbox 278 2605 1294 2659; baseline 0 -4"><span class='ocrx_word' id='word_1_159' title='bbox 278 2629 306 2654; x_wconf 78' lang='grc' dir='ltr'>ι</span> <span class='ocrx_word' id='word_1_160' title='bbox 325 2605 461 2658; x_wconf 87' lang='lat' dir='ltr'>nihil</span> <span class='ocrx_word' id='word_1_161' title='bbox 502 2605 663 2659; x_wconf 85' lang='lat' dir='ltr'>hodie</span> <span class='ocrx_word' id='word_1_162' title='bbox 701 2606 921 2659; x_wconf 84' lang='lat' dir='ltr'>similius</span> <span class='ocrx_word' id='word_1_163' title='bbox 958 2623 1178 2656; x_wconf 88' lang='lat' dir='ltr'>munere</span> <span class='ocrx_word' id='word_1_164' title='bbox 1208 2622 1294 2655; x_wconf 83' lang='lat' dir='ltr'>se·-</span> 
     </span>
     <span class='ocr_line' id='line_1_28' title="bbox 279 2685 1295 2738; baseline -0.003 -1"><span class='ocrx_word' id='word_1_165' title='bbox 279 2710 307 2733; x_wconf 77' lang='grc'>·</span> <span class='ocrx_word' id='word_1_166' title='bbox 327 2686 676 2738; x_wconf 68' lang='lat' dir='ltr'>cretas-iorum</span> <span class='ocrx_word' id='word_1_167' title='bbox 695 2687 1016 2737; x_wconf 90' lang='lat' dir='ltr'>intimorum.</span> <span class='ocrx_word' id='word_1_168' title='bbox 1033 2687 1168 2737; x_wconf 82' lang='lat' dir='ltr'>Hinc</span> <span class='ocrx_word' id='word_1_169' title='bbox 1185 2685 1295 2734; x_wconf 84' lang='lat' dir='ltr'>nati</span> 
     </span>
     <span class='ocr_line' id='line_1_29' title="bbox 277 2759 1294 2834; baseline 0 -23"><span class='ocrx_word' id='word_1_170' title='bbox 277 2763 392 2815; x_wconf 73' lang='lat' dir='ltr'>«de</span> <span class='ocrx_word' id='word_1_171' title='bbox 426 2775 540 2816; x_wconf 84' lang='lat' dir='ltr'>arte</span> <span class='ocrx_word' id='word_1_172' title='bbox 571 2763 807 2815; x_wconf 80' lang='lat' dir='ltr'>dictandi</span> <span class='ocrx_word' id='word_1_173' title='bbox 832 2761 922 2834; x_wconf 84' lang='lat' dir='ltr'>(h.</span> <span class='ocrx_word' id='word_1_174' title='bbox 963 2781 1009 2814; x_wconf 89' lang='lat' dir='ltr'>e.</span> <span class='ocrx_word' id='word_1_175' title='bbox 1046 2759 1294 2832; x_wconf 80' lang='lat' dir='ltr'>epistolas</span> 
     </span>
     <span class='ocr_line' id='line_1_30' title="bbox 281 2842 1296 2912; baseline -0.005 -17"><span class='ocrx_word' id='word_1_176' title='bbox 281 2866 306 2890; x_wconf 78' lang='grc' dir='ltr'>ι</span> <span class='ocrx_word' id='word_1_177' title='bbox 326 2843 632 2912; x_wconf 79' lang='lat' dir='ltr'>scribendi)</span> <span class='ocrx_word' id='word_1_178' title='bbox 662 2843 844 2895; x_wconf 84' lang='lat' dir='ltr'>libelli.</span> <span class='ocrx_word' id='word_1_179' title='bbox 873 2844 1004 2909; x_wconf 78' lang='lat' dir='ltr'>Quae</span> <span class='ocrx_word' id='word_1_180' title='bbox 1028 2859 1194 2912; x_wconf 90' lang='lat' dir='ltr'>quum</span> <span class='ocrx_word' id='word_1_181' title='bbox 1223 2842 1296 2891; x_wconf 86' lang='lat' dir='ltr'>ita</span> 
     </span>
     <span class='ocr_line' id='line_1_31' title="bbox 277 2920 1298 2992; baseline -0.001 -20"><span class='ocrx_word' id='word_1_182' title='bbox 277 2946 306 2970; x_wconf 74' lang='grc' dir='ltr'>ι</span> <span class='ocrx_word' id='word_1_183' title='bbox 327 2925 462 2988; x_wconf 87' lang='lat' dir='ltr'>sint,</span> <span class='ocrx_word' id='word_1_184' title='bbox 476 2942 587 2973; x_wconf 88' lang='lat' dir='ltr'>non</span> <span class='ocrx_word' id='word_1_185' title='bbox 603 2940 800 2975; x_wconf 78' lang='lat' dir='ltr'>errasse</span> <span class='ocrx_word' id='word_1_186' title='bbox 812 2940 1004 2974; x_wconf 88' lang='lat' dir='ltr'>censeo</span> <span class='ocrx_word' id='word_1_187' title='bbox 1015 2959 1033 2986; x_wconf 91' lang='lat'>,</span> <span class='ocrx_word' id='word_1_188' title='bbox 1045 2922 1134 2992; x_wconf 79' lang='lat' dir='ltr'>qui</span> <span class='ocrx_word' id='word_1_189' title='bbox 1147 2920 1298 2989; x_wconf 71' lang='lat' dir='ltr'>Egin-</span> 
     </span>
     <span class='ocr_line' id='line_1_32' title="bbox 284 2996 1298 3064; baseline -0.002 -14"><span class='ocrx_word' id='word_1_190' title='bbox 284 3024 309 3050; x_wconf 73' lang='grc' dir='ltr'><strong>α</strong></span> <span class='ocrx_word' id='word_1_191' title='bbox 327 3001 486 3054; x_wconf 78' lang='lat' dir='ltr'>hardi</span> <span class='ocrx_word' id='word_1_192' title='bbox 508 3001 577 3053; x_wconf 85' lang='lat' dir='ltr'>de</span> <span class='ocrx_word' id='word_1_193' title='bbox 600 2999 791 3054; x_wconf 77' lang='lat' dir='ltr'>Carolo</span> <span class='ocrx_word' id='word_1_194' title='bbox 816 3001 891 3051; x_wconf 82' lang='lat' dir='ltr'>M.</span> <span class='ocrx_word' id='word_1_195' title='bbox 911 2997 1102 3063; x_wconf 76' lang='lat' dir='ltr'>verba,</span> <span class='ocrx_word' id='word_1_196' title='bbox 1128 3016 1173 3049; x_wconf 87' lang='lat' dir='ltr'>c.</span> <span class='ocrx_word' id='word_1_197' title='bbox 1202 2996 1298 3064; x_wconf 80' lang='lat'>25,</span> 
     </span>
     <span class='ocr_line' id='line_1_33' title="bbox 284 3076 1300 3153; baseline -0.003 -21"><span class='ocrx_word' id='word_1_198' title='bbox 284 3106 309 3132; x_wconf 68' lang='lat' dir='ltr'>a</span> <span class='ocrx_word' id='word_1_199' title='bbox 327 3085 402 3134; x_wconf 82' lang='lat' dir='ltr'>ita</span> <span class='ocrx_word' id='word_1_200' title='bbox 449 3083 891 3153; x_wconf 78' lang='lat' dir='ltr'>interpretantur,</span> <span class='ocrx_word' id='word_1_201' title='bbox 935 3092 994 3131; x_wconf 86' lang='lat' dir='ltr'>ut</span> <span class='ocrx_word' id='word_1_202' title='bbox 1035 3076 1300 3130; x_wconf 73' lang='lat' dir='ltr'>scribendi</span> 
     </span>
     <span class='ocr_line' id='line_1_34' title="bbox 287 3157 1299 3221; baseline -0.006 -7"><span class='ocrx_word' id='word_1_203' title='bbox 287 3185 310 3208; x_wconf 79' lang='grc' dir='ltr'>ι</span> <span class='ocrx_word' id='word_1_204' title='bbox 329 3162 458 3214; x_wconf 81' lang='lat' dir='ltr'>artis</span> <span class='ocrx_word' id='word_1_205' title='bbox 484 3174 538 3214; x_wconf 92' lang='lat' dir='ltr'>et</span> <span class='ocrx_word' id='word_1_206' title='bbox 561 3159 963 3212; x_wconf 78' lang='lat' dir='ltr'>formandorum</span> <span class='ocrx_word' id='word_1_207' title='bbox 986 3158 1136 3221; x_wconf 84' lang='lat' dir='ltr'>stilo,</span> <span class='ocrx_word' id='word_1_208' title='bbox 1161 3157 1299 3208; x_wconf 78' lang='lat' dir='ltr'>caln-</span> 
     </span>
     <span class='ocr_line' id='line_1_35' title="bbox 285 3240 1301 3312; baseline -0.001 -22"><span class='ocrx_word' id='word_1_209' title='bbox 285 3264 312 3289; x_wconf 77' lang='grc' dir='ltr'>ι</span> <span class='ocrx_word' id='word_1_210' title='bbox 332 3261 452 3308; x_wconf 86' lang='lat' dir='ltr'>mo,</span> <span class='ocrx_word' id='word_1_211' title='bbox 477 3259 654 3312; x_wconf 86' lang='lat' dir='ltr'>penna</span> <span class='ocrx_word' id='word_1_212' title='bbox 681 3240 1063 3293; x_wconf 87' lang='lat' dir='ltr'>elementorum</span> <span class='ocrx_word' id='word_1_213' title='bbox 1086 3240 1301 3309; x_wconf 89' lang='lat' dir='ltr'>imperi-</span> 
     </span>
     <span class='ocr_line' id='line_1_36' title="bbox 288 3317 1300 3390; baseline -0.005 -17"><span class='ocrx_word' id='word_1_214' title='bbox 288 3344 311 3367; x_wconf 79' lang='grc' dir='ltr'>ι</span> <span class='ocrx_word' id='word_1_215' title='bbox 333 3335 448 3373; x_wconf 89' lang='lat' dir='ltr'>tum</span> <span class='ocrx_word' id='word_1_216' title='bbox 483 3322 646 3373; x_wconf 82' lang='lat' dir='ltr'>fuisse</span> <span class='ocrx_word' id='word_1_217' title='bbox 679 3319 900 3372; x_wconf 80' lang='lat' dir='ltr'>dixerit:</span> <span class='ocrx_word' id='word_1_218' title='bbox 934 3317 1080 3390; x_wconf 88' lang='lat' dir='ltr'>quod</span> <span class='ocrx_word' id='word_1_219' title='bbox 1112 3336 1211 3368; x_wconf 87' lang='lat' dir='ltr'>nec</span> <span class='ocrx_word' id='word_1_220' title='bbox 1245 3318 1300 3369; x_wconf 81' lang='lat' dir='ltr'>in</span> 
     </span>
     <span class='ocr_line' id='line_1_37' title="bbox 285 3400 1303 3471; baseline -0.004 -19"><span class='ocrx_word' id='word_1_221' title='bbox 285 3426 310 3452; x_wconf 71' lang='grc' dir='ltr'><strong><em>α</em></strong></span> <span class='ocrx_word' id='word_1_222' title='bbox 333 3416 572 3455; x_wconf 87' lang='lat' dir='ltr'>mentem</span> <span class='ocrx_word' id='word_1_223' title='bbox 597 3400 751 3454; x_wconf 79' lang='lat' dir='ltr'>aliter</span> <span class='ocrx_word' id='word_1_224' title='bbox 775 3403 953 3453; x_wconf 79' lang='lat' dir='ltr'>venire</span> <span class='ocrx_word' id='word_1_225' title='bbox 980 3410 1158 3471; x_wconf 85' lang='lat' dir='ltr'>potest</span> <span class='ocrx_word' id='word_1_226' title='bbox 1185 3400 1303 3449; x_wconf 89' lang='lat' dir='ltr'>cui-</span> 
     </span>
     <span class='ocr_line' id='line_1_38' title="bbox 289 3477 1302 3554; baseline -0.006 -21"><span class='ocrx_word' id='word_1_227' title='bbox 289 3504 314 3528; x_wconf 83' lang='lat'><strong>·</strong></span> <span class='ocrx_word' id='word_1_228' title='bbox 336 3500 499 3554; x_wconf 83' lang='lat' dir='ltr'>quam</span> <span class='ocrx_word' id='word_1_229' title='bbox 524 3482 640 3552; x_wconf 84' lang='lat' dir='ltr'>ipsa</span> <span class='ocrx_word' id='word_1_230' title='bbox 663 3478 822 3531; x_wconf 81' lang='lat' dir='ltr'>verba</span> <span class='ocrx_word' id='word_1_231' title='bbox 847 3481 1092 3530; x_wconf 87' lang='lat' dir='ltr'>intuenti.</span> <span class='ocrx_word' id='word_1_232' title='bbox 1114 3477 1302 3529; x_wconf 81' lang='lat' dir='ltr'>Tenta-</span> 
     </span>
     <span class='ocr_line' id='line_1_39' title="bbox 287 3555 1304 3630; baseline 0 -22"><span class='ocrx_word' id='word_1_233' title='bbox 287 3584 314 3608; x_wconf 74' lang='grc' dir='ltr'>ι</span> <span class='ocrx_word' id='word_1_234' title='bbox 335 3563 425 3613; x_wconf 83' lang='lat' dir='ltr'>bat</span> <span class='ocrx_word' id='word_1_235' title='bbox 440 3570 495 3611; x_wconf 85' lang='lat' dir='ltr'>et</span> <span class='ocrx_word' id='word_1_236' title='bbox 509 3558 751 3622; x_wconf 76' lang='lat' dir='ltr'>scribere,</span> <span class='ocrx_word' id='word_1_237' title='bbox 774 3557 976 3630; x_wconf 81' lang='lat' dir='ltr'>inquit,</span> <span class='ocrx_word' id='word_1_238' title='bbox 1002 3555 1304 3627; x_wconf 76' lang='lat' dir='ltr'>tabulasque</span> 
     </span>
     <span class='ocr_line' id='line_1_40' title="bbox 291 3635 1301 3694; baseline -0.002 -2"><span class='ocrx_word' id='word_1_239' title='bbox 291 3663 316 3688; x_wconf 73' lang='grc' dir='ltr'><strong>α</strong></span> <span class='ocrx_word' id='word_1_240' title='bbox 334 3654 386 3694; x_wconf 87' lang='lat' dir='ltr'>et</span> <span class='ocrx_word' id='word_1_241' title='bbox 407 3639 678 3693; x_wconf 64' lang='lat' dir='ltr'>codic-Illos</span> <span class='ocrx_word' id='word_1_242' title='bbox 699 3639 771 3690; x_wconf 83' lang='lat' dir='ltr'>ad</span> <span class='ocrx_word' id='word_1_243' title='bbox 794 3638 890 3690; x_wconf 79' lang='lat' dir='ltr'>hoc</span> <span class='ocrx_word' id='word_1_244' title='bbox 917 3638 972 3688; x_wconf 81' lang='lat' dir='ltr'>in</span> <span class='ocrx_word' id='word_1_245' title='bbox 999 3635 1187 3690; x_wconf 83' lang='lat' dir='ltr'>lectulo</span> <span class='ocrx_word' id='word_1_246' title='bbox 1209 3656 1301 3690; x_wconf 77' lang='lat' dir='ltr'>suo</span> 
     </span>
     <span class='ocr_line' id='line_1_41' title="bbox 293 3716 1301 3788; baseline -0.001 -20"><span class='ocrx_word' id='word_1_247' title='bbox 293 3743 318 3768; x_wconf 77' lang='grc' dir='ltr'>ι</span> <span class='ocrx_word' id='word_1_248' title='bbox 335 3718 671 3772; x_wconf 69' lang='lat' dir='ltr'>cervicalibus</span> <span class='ocrx_word' id='word_1_249' title='bbox 708 3716 1039 3788; x_wconf 82' lang='lat' dir='ltr'>circumferre</span> <span class='ocrx_word' id='word_1_250' title='bbox 1075 3716 1301 3785; x_wconf 82' lang='lat' dir='ltr'>solebat,</span> 
     </span>
     <span class='ocr_line' id='line_1_42' title="bbox 294 3806 1304 3872; baseline -0.001 -24"><span class='ocrx_word' id='word_1_251' title='bbox 294 3823 318 3847; x_wconf 71' lang='grc' dir='ltr'>ι</span> <span class='ocrx_word' id='word_1_252' title='bbox 339 3810 398 3850; x_wconf 85' lang='lat' dir='ltr'>ut</span> <span class='ocrx_word' id='word_1_253' title='bbox 438 3816 602 3872; x_wconf 79' lang='lat' dir='ltr'>quum</span> <span class='ocrx_word' id='word_1_254' title='bbox 646 3816 867 3850; x_wconf 78' lang='lat' dir='ltr'>vacuum</span> <span class='ocrx_word' id='word_1_255' title='bbox 909 3807 1112 3867; x_wconf 79' lang='lat' dir='ltr'>tempus</span> <span class='ocrx_word' id='word_1_256' title='bbox 1146 3806 1304 3861; x_wconf 77' lang='lat' dir='ltr'>esset,</span> 
     </span>
     <span class='ocr_line' id='line_1_43' title="bbox 295 3877 1308 3949; baseline -0.004 -17"><span class='ocrx_word' id='word_1_257' title='bbox 295 3902 321 3926; x_wconf 73' lang='grc' dir='ltr'>ι</span> <span class='ocrx_word' id='word_1_258' title='bbox 341 3898 561 3932; x_wconf 86' lang='lat' dir='ltr'>manum</span> <span class='ocrx_word' id='word_1_259' title='bbox 585 3877 897 3949; x_wconf 71' lang='lat' dir='ltr'>effingendis</span> <span class='ocrx_word' id='word_1_260' title='bbox 920 3878 1105 3930; x_wconf 83' lang='lat' dir='ltr'>litteris</span> <span class='ocrx_word' id='word_1_261' title='bbox 1128 3895 1308 3929; x_wconf 82' lang='lat' dir='ltr'>assue-</span> 
     </span>
     <span class='ocr_line' id='line_1_44' title="bbox 299 3956 1308 4028; baseline -0.003 -19"><span class='ocrx_word' id='word_1_262' title='bbox 299 3980 326 4004; x_wconf 74' lang='grc' dir='ltr'>ι</span> <span class='ocrx_word' id='word_1_263' title='bbox 345 3960 560 4010; x_wconf 79' lang='lat' dir='ltr'>faceret.</span> <span class='ocrx_word' id='word_1_264' title='bbox 590 3956 692 4011; x_wconf 80' lang='lat' dir='ltr'>Sed</span> <span class='ocrx_word' id='word_1_265' title='bbox 713 3975 905 4028; x_wconf 85' lang='lat' dir='ltr'>parum</span> <span class='ocrx_word' id='word_1_266' title='bbox 929 3973 1168 4027; x_wconf 74' lang='lat' dir='ltr'>prospere</span> <span class='ocrx_word' id='word_1_267' title='bbox 1190 3973 1308 4008; x_wconf 84' lang='lat' dir='ltr'>sue·</span> 
     </span>
     <span class='ocr_line' id='line_1_45' title="bbox 301 4036 1308 4108; baseline -0.003 -18"><span class='ocrx_word' id='word_1_268' title='bbox 301 4059 326 4084; x_wconf 73' lang='grc' dir='ltr'><strong><em>ο</em></strong></span> <span class='ocrx_word' id='word_1_269' title='bbox 344 4039 489 4090; x_wconf 78' lang='lat' dir='ltr'>cessit</span> <span class='ocrx_word' id='word_1_270' title='bbox 534 4036 681 4088; x_wconf 82' lang='lat' dir='ltr'>labor</span> <span class='ocrx_word' id='word_1_271' title='bbox 716 4047 1055 4108; x_wconf 58' lang='lat' dir='ltr'>praeposterus</span> <span class='ocrx_word' id='word_1_272' title='bbox 1093 4056 1156 4088; x_wconf 86' lang='lat' dir='ltr'>ac</span> <span class='ocrx_word' id='word_1_273' title='bbox 1200 4053 1308 4088; x_wconf 80' lang='lat' dir='ltr'>sero</span> 
     </span>
     <span class='ocr_line' id='line_1_46' title="bbox 303 4115 1309 4182; baseline 0.003 -18"><span class='ocrx_word' id='word_1_274' title='bbox 303 4139 327 4163; x_wconf 77' lang='grc' dir='ltr'>ι</span> <span class='ocrx_word' id='word_1_275' title='bbox 346 4117 636 4168; x_wconf 77' lang='lat' dir='ltr'>inchoatus.</span> <span class='ocrx_word' id='word_1_276' title='bbox 652 4117 722 4168; x_wconf 77' lang='lat' dir='ltr'>At</span> <span class='ocrx_word' id='word_1_277' title='bbox 736 4115 1044 4168; x_wconf 83' lang='lat' dir='ltr'>incredibile</span> <span class='ocrx_word' id='word_1_278' title='bbox 1060 4128 1140 4168; x_wconf 86' lang='lat' dir='ltr'>est</span> <span class='ocrx_word' id='word_1_279' title='bbox 1150 4155 1167 4182; x_wconf 91' lang='lat'>,</span> <span class='ocrx_word' id='word_1_280' title='bbox 1182 4115 1309 4167; x_wconf 88' lang='lat' dir='ltr'>doc·</span> 
     </span>
    </p>
   </div>
   <div class='ocr_carea' id='block_1_5' title="bbox 301 4193 1309 4269">
    <p class='ocr_par' dir='ltr' id='par_1_5' title="bbox 301 4193 1309 4269">
     <span class='ocr_line' id='line_1_47' title="bbox 301 4193 1309 4269; baseline 0.002 -21"><span class='ocrx_word' id='word_1_281' title='bbox 301 4218 330 4242; x_wconf 74' lang='lat'>⁴·</span> <span class='ocrx_word' id='word_1_282' title='bbox 347 4210 464 4248; x_wconf 75' lang='lat' dir='ltr'>tum</span> <span class='ocrx_word' id='word_1_283' title='bbox 491 4194 628 4250; x_wconf 75' lang='lat' dir='ltr'>adeo</span> <span class='ocrx_word' id='word_1_284' title='bbox 653 4197 951 4269; x_wconf 76' lang='lat' dir='ltr'>principem</span> <span class='ocrx_word' id='word_1_285' title='bbox 976 4196 1196 4269; x_wconf 61' lang='lat' dir='ltr'>pingere</span> <span class='ocrx_word' id='word_1_286' title='bbox 1216 4193 1309 4250; x_wconf 81' lang='lat' dir='ltr'>lit-</span> 
     </span>
    </p>
   </div>
   <div class='ocr_carea' id='block_1_6' title="bbox 1357 858 2456 4266">
    <p class='ocr_par' dir='ltr' id='par_1_6' title="bbox 1357 858 2456 3466">
     <span class='ocr_line' id='line_1_48' title="bbox 1357 858 2371 912; baseline 0.004 -4"><span class='ocrx_word' id='word_1_287' title='bbox 1357 876 1385 901; x_wconf 80' lang='lat'>«</span> <span class='ocrx_word' id='word_1_288' title='bbox 1404 867 1541 909; x_wconf 77' lang='lat' dir='ltr'>teras</span> <span class='ocrx_word' id='word_1_289' title='bbox 1564 858 1834 911; x_wconf 77' lang='lat' dir='ltr'>nescisse?</span> <span class='ocrx_word' id='word_1_290' title='bbox 1860 859 1930 911; x_wconf 78' lang='lat' dir='ltr'>At</span> <span class='ocrx_word' id='word_1_291' title='bbox 1952 877 2062 911; x_wconf 86' lang='lat' dir='ltr'>non</span> <span class='ocrx_word' id='word_1_292' title='bbox 2088 861 2261 912; x_wconf 85' lang='lat' dir='ltr'>minus</span> <span class='ocrx_word' id='word_1_293' title='bbox 2284 861 2371 912; x_wconf 82' lang='lat' dir='ltr'>iu·</span> 
     </span>
     <span class='ocr_line' id='line_1_49' title="bbox 1358 936 2372 1005; baseline 0.008 -21"><span class='ocrx_word' id='word_1_294' title='bbox 1358 958 1383 984; x_wconf 70' lang='lat' dir='ltr'>a</span> <span class='ocrx_word' id='word_1_295' title='bbox 1406 936 1657 991; x_wconf 76' lang='lat' dir='ltr'>credibile</span> <span class='ocrx_word' id='word_1_296' title='bbox 1672 976 1690 1005; x_wconf 86' lang='lat'>,</span> <span class='ocrx_word' id='word_1_297' title='bbox 1727 940 1828 990; x_wconf 84' lang='lat' dir='ltr'>nisi</span> <span class='ocrx_word' id='word_1_298' title='bbox 1870 939 2205 993; x_wconf 77' lang='lat' dir='ltr'>crederemus</span> <span class='ocrx_word' id='word_1_299' title='bbox 2241 940 2372 992; x_wconf 74' lang='lat' dir='ltr'>Ces-</span> 
     </span>
     <span class='ocr_line' id='line_1_50' title="bbox 1361 1015 2373 1091; baseline 0.008 -28"><span class='ocrx_word' id='word_1_300' title='bbox 1361 1039 1384 1063; x_wconf 79' lang='grc' dir='ltr'>ιι</span> <span class='ocrx_word' id='word_1_301' title='bbox 1409 1015 1660 1082; x_wconf 82' lang='lat' dir='ltr'>siodoro,</span> <span class='ocrx_word' id='word_1_302' title='bbox 1690 1031 2005 1089; x_wconf 67' lang='lat' dir='ltr'>quaestorem</span> <span class='ocrx_word' id='word_1_303' title='bbox 2033 1020 2286 1091; x_wconf 87' lang='lat' dir='ltr'>principis</span> <span class='ocrx_word' id='word_1_304' title='bbox 2315 1021 2373 1071; x_wconf 89' lang='lat' dir='ltr'>in</span> 
     </span>
     <span class='ocr_line' id='line_1_51' title="bbox 1362 1096 2373 1170; baseline 0.004 -23"><span class='ocrx_word' id='word_1_305' title='bbox 1362 1117 1386 1142; x_wconf 80' lang='grc' dir='ltr'>ιι</span> <span class='ocrx_word' id='word_1_306' title='bbox 1405 1096 1696 1149; x_wconf 71' lang='lat' dir='ltr'>scribendis</span> <span class='ocrx_word' id='word_1_307' title='bbox 1737 1117 1853 1170; x_wconf 78' lang='lat' dir='ltr'>quae</span> <span class='ocrx_word' id='word_1_308' title='bbox 1889 1100 2143 1152; x_wconf 79' lang='lat' dir='ltr'>formaret</span> <span class='ocrx_word' id='word_1_309' title='bbox 2187 1099 2373 1153; x_wconf 85' lang='lat' dir='ltr'>edictis</span> 
     </span>
     <span class='ocr_line' id='line_1_52' title="bbox 1363 1176 2375 1249; baseline 0.006 -22"><span class='ocrx_word' id='word_1_310' title='bbox 1363 1197 1386 1222; x_wconf 69' lang='grc' dir='ltr'><strong>α</strong></span> <span class='ocrx_word' id='word_1_311' title='bbox 1407 1176 1789 1249; x_wconf 80' lang='lat' dir='ltr'>principalibus</span> <span class='ocrx_word' id='word_1_312' title='bbox 1857 1197 2019 1232; x_wconf 81' lang='lat' dir='ltr'>manu</span> <span class='ocrx_word' id='word_1_313' title='bbox 2087 1198 2187 1233; x_wconf 81' lang='lat' dir='ltr'>sua</span> <span class='ocrx_word' id='word_1_314' title='bbox 2260 1199 2375 1234; x_wconf 75' lang='lat' dir='ltr'>non</span> 
     </span>
     <span class='ocr_line' id='line_1_53' title="bbox 1363 1256 2374 1324; baseline 0.007 -19"><span class='ocrx_word' id='word_1_315' title='bbox 1363 1279 1386 1303; x_wconf 80' lang='grc' dir='ltr'>ιι</span> <span class='ocrx_word' id='word_1_316' title='bbox 1409 1275 1562 1307; x_wconf 88' lang='lat' dir='ltr'>usum</span> <span class='ocrx_word' id='word_1_317' title='bbox 1577 1294 1595 1324; x_wconf 86' lang='lat'><strong>‚</strong></span> <span class='ocrx_word' id='word_1_318' title='bbox 1625 1256 1718 1308; x_wconf 88' lang='lat' dir='ltr'>sed</span> <span class='ocrx_word' id='word_1_319' title='bbox 1742 1256 1986 1310; x_wconf 73' lang='lat' dir='ltr'>dictasse.</span> <span class='ocrx_word' id='word_1_320' title='bbox 2013 1261 2082 1310; x_wconf 82' lang='lat' dir='ltr'>At</span> <span class='ocrx_word' id='word_1_321' title='bbox 2105 1272 2229 1311; x_wconf 85' lang='lat' dir='ltr'>sunt</span> <span class='ocrx_word' id='word_1_322' title='bbox 2252 1260 2374 1313; x_wconf 79' lang='lat' dir='ltr'>loca</span> 
     </span>
     <span class='ocr_line' id='line_1_54' title="bbox 1364 1335 2374 1412; baseline 0.005 -27"><span class='ocrx_word' id='word_1_323' title='bbox 1364 1357 1388 1382; x_wconf 72' lang='lat' dir='ltr'>a·</span> <span class='ocrx_word' id='word_1_324' title='bbox 1408 1349 1687 1387; x_wconf 84' lang='lat' dir='ltr'>auctorum</span> <span class='ocrx_word' id='word_1_325' title='bbox 1715 1335 2031 1389; x_wconf 85' lang='lat' dir='ltr'>idoneorum</span> <span class='ocrx_word' id='word_1_326' title='bbox 2049 1377 2065 1404; x_wconf 92' lang='lat'>,</span> <span class='ocrx_word' id='word_1_327' title='bbox 2092 1338 2184 1392; x_wconf 83' lang='lat' dir='ltr'>ubi</span> <span class='ocrx_word' id='word_1_328' title='bbox 2210 1340 2374 1412; x_wconf 79' lang='lat' dir='ltr'>scrip-</span> 
     </span>
     <span class='ocr_line' id='line_1_55' title="bbox 1364 1415 2376 1492; baseline 0.007 -28"><span class='ocrx_word' id='word_1_329' title='bbox 1364 1437 1389 1463; x_wconf 75' lang='lat'>«</span> <span class='ocrx_word' id='word_1_330' title='bbox 1407 1417 1522 1468; x_wconf 80' lang='lat' dir='ltr'>sisse</span> <span class='ocrx_word' id='word_1_331' title='bbox 1563 1415 1784 1470; x_wconf 79' lang='lat' dir='ltr'>Carolus</span> <span class='ocrx_word' id='word_1_332' title='bbox 1822 1416 2051 1470; x_wconf 78' lang='lat' dir='ltr'>dicitur?</span> <span class='ocrx_word' id='word_1_333' title='bbox 2087 1422 2157 1471; x_wconf 82' lang='lat' dir='ltr'>At</span> <span class='ocrx_word' id='word_1_334' title='bbox 2196 1421 2376 1492; x_wconf 80' lang='lat' dir='ltr'>potuit</span> 
     </span>
     <span class='ocr_line' id='line_1_56' title="bbox 1365 1492 2456 1566; baseline 0.011 -26"><span class='ocrx_word' id='word_1_335' title='bbox 1365 1517 1388 1540; x_wconf 67' lang='grc' dir='ltr'><strong>α</strong></span> <span class='ocrx_word' id='word_1_336' title='bbox 1406 1492 1512 1546; x_wconf 86' lang='lat' dir='ltr'>hoc</span> <span class='ocrx_word' id='word_1_337' title='bbox 1537 1513 1633 1566; x_wconf 91' lang='lat' dir='ltr'>per</span> <span class='ocrx_word' id='word_1_338' title='bbox 1657 1495 1803 1549; x_wconf 84' lang='lat' dir='ltr'>alios.</span> <span class='ocrx_word' id='word_1_339' title='bbox 1830 1496 1933 1549; x_wconf 79' lang='lat' dir='ltr'>Sed</span> <span class='ocrx_word' id='word_1_340' title='bbox 1955 1498 2206 1565; x_wconf 77' lang='lat' dir='ltr'>correxit,</span> <span class='ocrx_word' id='word_1_341' title='bbox 2230 1497 2376 1552; x_wconf 86' lang='lat' dir='ltr'>The·</span> <span class='ocrx_word' id='word_1_342' title='bbox 2448 1515 2456 1528; x_wconf 89' lang='grc'><em>’</em></span> 
     </span>
     <span class='ocr_line' id='line_1_57' title="bbox 1366 1575 2377 1649; baseline 0.008 -28"><span class='ocrx_word' id='word_1_343' title='bbox 1366 1596 1389 1620; x_wconf 72' lang='grc' dir='ltr'>ιι</span> <span class='ocrx_word' id='word_1_344' title='bbox 1407 1591 1546 1643; x_wconf 79' lang='lat' dir='ltr'>gano</span> <span class='ocrx_word' id='word_1_345' title='bbox 1573 1587 1707 1626; x_wconf 87' lang='lat' dir='ltr'>teste</span> <span class='ocrx_word' id='word_1_346' title='bbox 1727 1575 1793 1627; x_wconf 89' lang='lat' dir='ltr'>de</span> <span class='ocrx_word' id='word_1_347' title='bbox 1817 1579 1976 1646; x_wconf 77' lang='lat' dir='ltr'>gestis</span> <span class='ocrx_word' id='word_1_348' title='bbox 1996 1577 2198 1630; x_wconf 73' lang='lat' dir='ltr'>LudoV.</span> <span class='ocrx_word' id='word_1_349' title='bbox 2212 1617 2228 1644; x_wconf 91' lang='lat'>,</span> <span class='ocrx_word' id='word_1_350' title='bbox 2250 1597 2300 1630; x_wconf 90' lang='lat' dir='ltr'>c.</span> <span class='ocrx_word' id='word_1_351' title='bbox 2324 1596 2377 1649; x_wconf 82' lang='lat'>7,</span> 
     </span>
     <span class='ocr_line' id='line_1_58' title="bbox 1367 1652 2379 1730; baseline 0.009 -28"><span class='ocrx_word' id='word_1_352' title='bbox 1367 1677 1390 1701; x_wconf 79' lang='grc' dir='ltr'>ιι</span> <span class='ocrx_word' id='word_1_353' title='bbox 1409 1652 1561 1706; x_wconf 78' lang='lat' dir='ltr'>libros</span> <span class='ocrx_word' id='word_1_354' title='bbox 1578 1657 1778 1707; x_wconf 80' lang='lat' dir='ltr'>sacros?</span> <span class='ocrx_word' id='word_1_355' title='bbox 1792 1658 1871 1708; x_wconf 85' lang='lat' dir='ltr'>lta</span> <span class='ocrx_word' id='word_1_356' title='bbox 1889 1659 2167 1724; x_wconf 85' lang='lat' dir='ltr'>nimirum,</span> <span class='ocrx_word' id='word_1_357' title='bbox 2183 1671 2241 1710; x_wconf 86' lang='lat' dir='ltr'>ut</span> <span class='ocrx_word' id='word_1_358' title='bbox 2263 1660 2379 1730; x_wconf 79' lang='lat' dir='ltr'>ipse</span> 
     </span>
     <span class='ocr_line' id='line_1_59' title="bbox 1369 1731 2380 1807; baseline 0.009 -26"><span class='ocrx_word' id='word_1_359' title='bbox 1369 1755 1392 1778; x_wconf 75' lang='grc' dir='ltr'><strong><em>κ</em></strong></span> <span class='ocrx_word' id='word_1_360' title='bbox 1413 1731 1580 1784; x_wconf 75' lang='lat' dir='ltr'>oculis</span> <span class='ocrx_word' id='word_1_361' title='bbox 1622 1745 1885 1802; x_wconf 84' lang='lat' dir='ltr'>uteretur,</span> <span class='ocrx_word' id='word_1_362' title='bbox 1928 1749 1980 1788; x_wconf 88' lang='lat' dir='ltr'>et</span> <span class='ocrx_word' id='word_1_363' title='bbox 2020 1736 2147 1807; x_wconf 86' lang='lat' dir='ltr'>quid</span> <span class='ocrx_word' id='word_1_364' title='bbox 2185 1739 2380 1807; x_wconf 74' lang='lat' dir='ltr'>corrigi</span> 
     </span>
     <span class='ocr_line' id='line_1_60' title="bbox 1369 1809 2377 1889; baseline 0.01 -31"><span class='ocrx_word' id='word_1_365' title='bbox 1369 1833 1392 1858; x_wconf 69' lang='grc' dir='ltr'><strong>α</strong></span> <span class='ocrx_word' id='word_1_366' title='bbox 1412 1809 1660 1877; x_wconf 84' lang='lat' dir='ltr'>deberet,</span> <span class='ocrx_word' id='word_1_367' title='bbox 1696 1813 2013 1866; x_wconf 82' lang='lat' dir='ltr'>ostenderet.</span> <span class='ocrx_word' id='word_1_368' title='bbox 2052 1816 2127 1867; x_wconf 84' lang='lat' dir='ltr'>Ex</span> <span class='ocrx_word' id='word_1_369' title='bbox 2160 1814 2377 1889; x_wconf 75' lang='lat' dir='ltr'>Synodo</span> 
     </span>
     <span class='ocr_line' id='line_1_61' title="bbox 1369 1889 2380 1963; baseline 0.004 -22"><span class='ocrx_word' id='word_1_370' title='bbox 1369 1912 1391 1936; x_wconf 70' lang='lat' dir='ltr'>a</span> <span class='ocrx_word' id='word_1_371' title='bbox 1413 1889 1481 1941; x_wconf 81' lang='lat' dir='ltr'>ad</span> <span class='ocrx_word' id='word_1_372' title='bbox 1500 1891 1549 1943; x_wconf 90' lang='lat' dir='ltr'>S.</span> <span class='ocrx_word' id='word_1_373' title='bbox 1571 1891 1809 1943; x_wconf 77' lang='lat' dir='ltr'>Macram</span> <span class='ocrx_word' id='word_1_374' title='bbox 1826 1893 2111 1963; x_wconf 83' lang='lat' dir='ltr'>profertur,</span> <span class='ocrx_word' id='word_1_375' title='bbox 2134 1893 2380 1946; x_wconf 77' lang='lat' dir='ltr'>carolum</span> 
     </span>
     <span class='ocr_line' id='line_1_62' title="bbox 1370 1972 2381 2046; baseline 0.011 -29"><span class='ocrx_word' id='word_1_376' title='bbox 1370 1993 1393 2017; x_wconf 78' lang='grc' dir='ltr'>ιι</span> <span class='ocrx_word' id='word_1_377' title='bbox 1412 1983 1683 2023; x_wconf 76' lang='lat' dir='ltr'>annotasse</span> <span class='ocrx_word' id='word_1_378' title='bbox 1696 1972 1935 2043; x_wconf 83' lang='lat' dir='ltr'>quoedam</span> <span class='ocrx_word' id='word_1_379' title='bbox 1953 1973 2007 2024; x_wconf 77' lang='lat' dir='ltr'>in</span> <span class='ocrx_word' id='word_1_380' title='bbox 2026 1973 2233 2040; x_wconf 73' lang='lat' dir='ltr'>tabulis,</span> <span class='ocrx_word' id='word_1_381' title='bbox 2250 1993 2381 2046; x_wconf 76' lang='lat' dir='ltr'>quas</span> 
     </span>
     <span class='ocr_line' id='line_1_63' title="bbox 1371 2048 2379 2125; baseline 0.009 -28"><span class='ocrx_word' id='word_1_382' title='bbox 1371 2071 1395 2096; x_wconf 80' lang='grc' dir='ltr'>ιι</span> <span class='ocrx_word' id='word_1_383' title='bbox 1414 2050 1485 2101; x_wconf 81' lang='lat' dir='ltr'>ad</span> <span class='ocrx_word' id='word_1_384' title='bbox 1505 2050 1757 2120; x_wconf 77' lang='lat' dir='ltr'>capitium</span> <span class='ocrx_word' id='word_1_385' title='bbox 1781 2048 1900 2104; x_wconf 81' lang='lat' dir='ltr'>lecti</span> <span class='ocrx_word' id='word_1_386' title='bbox 1916 2053 2000 2104; x_wconf 80' lang='lat' dir='ltr'>sui</span> <span class='ocrx_word' id='word_1_387' title='bbox 2018 2071 2135 2105; x_wconf 85' lang='lat' dir='ltr'>cum</span> <span class='ocrx_word' id='word_1_388' title='bbox 2154 2055 2379 2125; x_wconf 70' lang='lat' dir='ltr'>yraphio</span> 
     </span>
     <span class='ocr_line' id='line_1_64' title="bbox 1374 2129 2383 2196; baseline 0.006 -19"><span class='ocrx_word' id='word_1_389' title='bbox 1374 2152 1397 2177; x_wconf 67' lang='grc' dir='ltr'><strong>α</strong></span> <span class='ocrx_word' id='word_1_390' title='bbox 1415 2129 1660 2196; x_wconf 74' lang='lat' dir='ltr'>liaberet,</span> <span class='ocrx_word' id='word_1_391' title='bbox 1694 2141 1746 2182; x_wconf 86' lang='lat' dir='ltr'>et</span> <span class='ocrx_word' id='word_1_392' title='bbox 1775 2148 1891 2181; x_wconf 84' lang='lat' dir='ltr'>cum</span> <span class='ocrx_word' id='word_1_393' title='bbox 1920 2131 2227 2184; x_wconf 78' lang='lat' dir='ltr'>consiliariis</span> <span class='ocrx_word' id='word_1_394' title='bbox 2262 2133 2383 2184; x_wconf 78' lang='lat' dir='ltr'>inde</span> 
     </span>
     <span class='ocr_line' id='line_1_65' title="bbox 1374 2209 2386 2281; baseline 0.005 -23"><span class='ocrx_word' id='word_1_395' title='bbox 1374 2232 1399 2258; x_wconf 73' lang='grc' dir='ltr'><strong>α</strong></span> <span class='ocrx_word' id='word_1_396' title='bbox 1420 2219 1688 2275; x_wconf 77' lang='lat' dir='ltr'>tractasse,</span> <span class='ocrx_word' id='word_1_397' title='bbox 1727 2209 1888 2280; x_wconf 86' lang='lat' dir='ltr'>idque</span> <span class='ocrx_word' id='word_1_398' title='bbox 1924 2210 2140 2281; x_wconf 73' lang='lat' dir='ltr'>quidam</span> <span class='ocrx_word' id='word_1_399' title='bbox 2180 2211 2245 2261; x_wconf 84' lang='lat' dir='ltr'>ab</span> <span class='ocrx_word' id='word_1_400' title='bbox 2281 2209 2386 2263; x_wconf 70' lang='lat' dir='ltr'>illic</span> 
     </span>
     <span class='ocr_line' id='line_1_66' title="bbox 1373 2288 2383 2361; baseline 0.004 -25"><span class='ocrx_word' id='word_1_401' title='bbox 1373 2312 1398 2336; x_wconf 70' lang='grc' dir='ltr'><strong>α</strong></span> <span class='ocrx_word' id='word_1_402' title='bbox 1416 2289 1619 2342; x_wconf 74' lang='lat' dir='ltr'>audisse</span> <span class='ocrx_word' id='word_1_403' title='bbox 1649 2290 1859 2354; x_wconf 83' lang='lat' dir='ltr'>dicitur,</span> <span class='ocrx_word' id='word_1_404' title='bbox 1886 2291 1982 2360; x_wconf 81' lang='lat' dir='ltr'>qui</span> <span class='ocrx_word' id='word_1_405' title='bbox 2017 2288 2383 2361; x_wconf 73' lang='lat' dir='ltr'>interfuerunt.</span> 
     </span>
     <span class='ocr_line' id='line_1_67' title="bbox 1375 2367 2384 2441; baseline 0.004 -24"><span class='ocrx_word' id='word_1_406' title='bbox 1375 2391 1399 2416; x_wconf 79' lang='grc' dir='ltr'>ιι</span> <span class='ocrx_word' id='word_1_407' title='bbox 1419 2369 1627 2440; x_wconf 83' lang='lat' dir='ltr'>Nempe</span> <span class='ocrx_word' id='word_1_408' title='bbox 1664 2367 2011 2435; x_wconf 69' lang='lat' dir='ltr'>animadversi</span> <span class='ocrx_word' id='word_1_409' title='bbox 2051 2383 2175 2421; x_wconf 87' lang='lat' dir='ltr'>sunt</span> <span class='ocrx_word' id='word_1_410' title='bbox 2212 2368 2384 2441; x_wconf 74' lang='lat' dir='ltr'>pugil-</span> 
     </span>
     <span class='ocr_line' id='line_1_68' title="bbox 1377 2447 2385 2522; baseline 0.006 -27"><span class='ocrx_word' id='word_1_411' title='bbox 1377 2471 1400 2495; x_wconf 73' lang='lat'><strong>·</strong></span> <span class='ocrx_word' id='word_1_412' title='bbox 1417 2447 1555 2500; x_wconf 81' lang='lat' dir='ltr'>lares</span> <span class='ocrx_word' id='word_1_413' title='bbox 1572 2470 1586 2499; x_wconf 77' lang='lat' dir='ltr'><em>z</em></span> <span class='ocrx_word' id='word_1_414' title='bbox 1628 2448 1757 2518; x_wconf 81' lang='lat' dir='ltr'>quid</span> <span class='ocrx_word' id='word_1_415' title='bbox 1796 2449 1896 2500; x_wconf 79' lang='lat' dir='ltr'>sibi</span> <span class='ocrx_word' id='word_1_416' title='bbox 1931 2449 2156 2516; x_wconf 85' lang='lat' dir='ltr'>vellent,</span> <span class='ocrx_word' id='word_1_417' title='bbox 2194 2451 2385 2522; x_wconf 73' lang='lat' dir='ltr'>aliquis</span> 
     </span>
     <span class='ocr_line' id='line_1_69' title="bbox 1379 2515 2385 2599; baseline 0.006 -25"><span class='ocrx_word' id='word_1_418' title='bbox 1379 2549 1401 2574; x_wconf 70' lang='grc' dir='ltr'><strong>α</strong></span> <span class='ocrx_word' id='word_1_419' title='bbox 1425 2545 1522 2596; x_wconf 88' lang='lat' dir='ltr'>pro</span> <span class='ocrx_word' id='word_1_420' title='bbox 1552 2544 1647 2578; x_wconf 86' lang='lat' dir='ltr'>sua</span> <span class='ocrx_word' id='word_1_421' title='bbox 1681 2525 1747 2578; x_wconf 87' lang='lat' dir='ltr'>de</span> <span class='ocrx_word' id='word_1_422' title='bbox 1784 2515 1977 2579; x_wconf 74' lang='lat' dir='ltr'>carolo</span> <span class='ocrx_word' id='word_1_423' title='bbox 2011 2530 2264 2599; x_wconf 88' lang='lat' dir='ltr'>opinione</span> <span class='ocrx_word' id='word_1_424' title='bbox 2300 2531 2385 2580; x_wconf 89' lang='lat' dir='ltr'>in·</span> 
     </span>
     <span class='ocr_line' id='line_1_70' title="bbox 1377 2604 2390 2676; baseline 0.005 -22"><span class='ocrx_word' id='word_1_425' title='bbox 1377 2628 1404 2653; x_wconf 72' lang='grc' dir='ltr'><strong>α</strong></span> <span class='ocrx_word' id='word_1_426' title='bbox 1422 2618 1743 2676; x_wconf 79' lang='lat' dir='ltr'>terpretatus</span> <span class='ocrx_word' id='word_1_427' title='bbox 1765 2619 1861 2657; x_wconf 89' lang='lat' dir='ltr'>est.</span> <span class='ocrx_word' id='word_1_428' title='bbox 1881 2604 2127 2658; x_wconf 81' lang='lat' dir='ltr'>Ostendit</span> <span class='ocrx_word' id='word_1_429' title='bbox 2146 2606 2390 2659; x_wconf 78' lang='lat' dir='ltr'>doctissi-</span> 
     </span>
     <span class='ocr_line' id='line_1_71' title="bbox 1382 2686 2384 2759; baseline 0.008 -25"><span class='ocrx_word' id='word_1_430' title='bbox 1382 2708 1405 2734; x_wconf 70' lang='grc' dir='ltr'><em>α</em></span> <span class='ocrx_word' id='word_1_431' title='bbox 1425 2705 1542 2738; x_wconf 85' lang='lat' dir='ltr'>mus</span> <span class='ocrx_word' id='word_1_432' title='bbox 1570 2688 1898 2738; x_wconf 83' lang='lat' dir='ltr'>Fontaninus</span> <span class='ocrx_word' id='word_1_433' title='bbox 1923 2687 2129 2739; x_wconf 85' lang='lat' dir='ltr'>Vindio.</span> <span class='ocrx_word' id='word_1_434' title='bbox 2161 2686 2384 2759; x_wconf 76' lang='lat' dir='ltr'>diplom.</span> 
     </span>
     <span class='ocr_line' id='line_1_72' title="bbox 1382 2765 2388 2838; baseline 0.007 -26"><span class='ocrx_word' id='word_1_435' title='bbox 1382 2788 1406 2812; x_wconf 68' lang='grc' dir='ltr'><strong>α</strong></span> <span class='ocrx_word' id='word_1_436' title='bbox 1426 2768 1502 2831; x_wconf 84' lang='lat'>11,</span> <span class='ocrx_word' id='word_1_437' title='bbox 1527 2765 1592 2830; x_wconf 85' lang='lat'>3,</span> <span class='ocrx_word' id='word_1_438' title='bbox 1626 2785 1680 2837; x_wconf 91' lang='lat' dir='ltr'>p.</span> <span class='ocrx_word' id='word_1_439' title='bbox 1714 2782 1843 2836; x_wconf 84' lang='lat'>170,</span> <span class='ocrx_word' id='word_1_440' title='bbox 1872 2765 2047 2818; x_wconf 82' lang='lat' dir='ltr'>Caroli</span> <span class='ocrx_word' id='word_1_441' title='bbox 2076 2779 2388 2838; x_wconf 78' lang='lat' dir='ltr'>tempestate</span> 
     </span>
     <span class='ocr_line' id='line_1_73' title="bbox 1382 2845 2388 2918; baseline 0.005 -23"><span class='ocrx_word' id='word_1_442' title='bbox 1382 2869 1406 2893; x_wconf 72' lang='grc' dir='ltr'>ι</span> <span class='ocrx_word' id='word_1_443' title='bbox 1427 2845 1584 2915; x_wconf 75' lang='lat' dir='ltr'>vulgo</span> <span class='ocrx_word' id='word_1_444' title='bbox 1599 2847 1868 2917; x_wconf 84' lang='lat' dir='ltr'>principes</span> <span class='ocrx_word' id='word_1_445' title='bbox 1884 2847 2088 2898; x_wconf 85' lang='lat' dir='ltr'>viros&#39;et</span> <span class='ocrx_word' id='word_1_446' title='bbox 2105 2849 2388 2918; x_wconf 83' lang='lat' dir='ltr'>episcopos</span> 
     </span>
     <span class='ocr_line' id='line_1_74' title="bbox 1383 2927 2389 2997; baseline 0.008 -26"><span class='ocrx_word' id='word_1_447' title='bbox 1383 2946 1408 2971; x_wconf 76' lang='grc' dir='ltr'>ι</span> <span class='ocrx_word' id='word_1_448' title='bbox 1429 2943 1642 2995; x_wconf 85' lang='lat' dir='ltr'>quoque</span> <span class='ocrx_word' id='word_1_449' title='bbox 1658 2927 1770 2994; x_wconf 82' lang='lat' dir='ltr'>ejus</span> <span class='ocrx_word' id='word_1_450' title='bbox 1786 2928 1911 2977; x_wconf 84' lang='lat' dir='ltr'>artis</span> <span class='ocrx_word' id='word_1_451' title='bbox 1923 2928 2195 2997; x_wconf 84' lang='lat' dir='ltr'>imperitos</span> <span class='ocrx_word' id='word_1_452' title='bbox 2207 2927 2389 2979; x_wconf 84' lang='lat' dir='ltr'>fnisse.</span> 
     </span>
     <span class='ocr_line' id='line_1_75' title="bbox 1385 3003 2392 3076; baseline 0.005 -24"><span class='ocrx_word' id='word_1_453' title='bbox 1385 3027 1408 3051; x_wconf 80' lang='grc' dir='ltr'>ιι</span> <span class='ocrx_word' id='word_1_454' title='bbox 1433 3007 1474 3054; x_wconf 80' lang='grc' dir='ltr'><strong>Α</strong></span> <span class='ocrx_word' id='word_1_455' title='bbox 1513 3003 1706 3075; x_wconf 81' lang='lat' dir='ltr'>quibus</span> <span class='ocrx_word' id='word_1_456' title='bbox 1740 3023 1801 3056; x_wconf 83' lang='lat' dir='ltr'>ea</span> <span class='ocrx_word' id='word_1_457' title='bbox 1836 3023 1918 3056; x_wconf 87' lang='lat' dir='ltr'>res</span> <span class='ocrx_word' id='word_1_458' title='bbox 1950 3007 2112 3056; x_wconf 83' lang='lat' dir='ltr'>initiis</span> <span class='ocrx_word' id='word_1_459' title='bbox 2148 3007 2392 3076; x_wconf 72' lang='lat' dir='ltr'>profecta</span> 
     </span>
     <span class='ocr_line' id='line_1_76' title="bbox 1383 3082 2388 3155; baseline 0.005 -24"><span class='ocrx_word' id='word_1_460' title='bbox 1383 3105 1408 3131; x_wconf 71' lang='grc' dir='ltr'><strong><em>α</em></strong></span> <span class='ocrx_word' id='word_1_461' title='bbox 1429 3085 1523 3148; x_wconf 87' lang='lat' dir='ltr'>sit,</span> <span class='ocrx_word' id='word_1_462' title='bbox 1551 3085 1676 3136; x_wconf 81' lang='lat' dir='ltr'>satis</span> <span class='ocrx_word' id='word_1_463' title='bbox 1700 3082 1787 3135; x_wconf 83' lang='lat' dir='ltr'>hic</span> <span class='ocrx_word' id='word_1_464' title='bbox 1809 3086 1925 3155; x_wconf 86' lang='lat' dir='ltr'>ipse</span> <span class='ocrx_word' id='word_1_465' title='bbox 1946 3083 2095 3136; x_wconf 77' lang='lat' dir='ltr'>Fabii</span> <span class='ocrx_word' id='word_1_466' title='bbox 2118 3083 2388 3154; x_wconf 51' lang='lat' dir='ltr'>loeusdo-</span> 
     </span>
     <span class='ocr_line' id='line_1_77' title="bbox 1386 3162 2393 3235; baseline 0.004 -21"><span class='ocrx_word' id='word_1_467' title='bbox 1386 3185 1409 3209; x_wconf 80' lang='grc' dir='ltr'>ιι</span> <span class='ocrx_word' id='word_1_468' title='bbox 1430 3175 1546 3226; x_wconf 89' lang='lat' dir='ltr'>cet,</span> <span class='ocrx_word' id='word_1_469' title='bbox 1581 3177 1636 3215; x_wconf 86' lang='lat' dir='ltr'>et</span> <span class='ocrx_word' id='word_1_470' title='bbox 1667 3162 1818 3215; x_wconf 86' lang='lat' dir='ltr'>Plinii</span> <span class='ocrx_word' id='word_1_471' title='bbox 1851 3165 2127 3235; x_wconf 85' lang='lat' dir='ltr'>utriusque</span> <span class='ocrx_word' id='word_1_472' title='bbox 2163 3183 2393 3218; x_wconf 82' lang='lat' dir='ltr'>consue-</span> 
     </span>
     <span class='ocr_line' id='line_1_78' title="bbox 1387 3240 2392 3295; baseline 0.006 -6"><span class='ocrx_word' id='word_1_473' title='bbox 1387 3264 1412 3289; x_wconf 75' lang='grc' dir='ltr'>ι</span> <span class='ocrx_word' id='word_1_474' title='bbox 1431 3240 1583 3293; x_wconf 77' lang='lat' dir='ltr'>tudo·</span> <span class='ocrx_word' id='word_1_475' title='bbox 1620 3243 1811 3294; x_wconf 83' lang='lat' dir='ltr'>Junior</span> <span class='ocrx_word' id='word_1_476' title='bbox 1847 3244 1987 3294; x_wconf 88' lang='lat' dir='ltr'>enim</span> <span class='ocrx_word' id='word_1_477' title='bbox 2024 3243 2090 3294; x_wconf 87' lang='lat' dir='ltr'>de</span> <span class='ocrx_word' id='word_1_478' title='bbox 2127 3243 2392 3295; x_wconf 72' lang='lat' dir='ltr'>avunculo</span> 
     </span>
     <span class='ocr_line' id='line_1_79' title="bbox 1383 3319 2392 3388; baseline 0.005 -21"><span class='ocrx_word' id='word_1_479' title='bbox 1383 3342 1410 3367; x_wconf 72' lang='grc' dir='ltr'><strong>α</strong></span> <span class='ocrx_word' id='word_1_480' title='bbox 1429 3337 1528 3371; x_wconf 87' lang='lat' dir='ltr'>suo</span> <span class='ocrx_word' id='word_1_481' title='bbox 1548 3332 1753 3385; x_wconf 85' lang='lat' dir='ltr'>narrat,</span> <span class='ocrx_word' id='word_1_482' title='bbox 1773 3320 1872 3386; x_wconf 83' lang='lat'>111,</span> <span class='ocrx_word' id='word_1_483' title='bbox 1894 3319 1955 3387; x_wconf 83' lang='lat'>5,</span> <span class='ocrx_word' id='word_1_484' title='bbox 1982 3320 2071 3384; x_wconf 76' lang='lat'>153</span> <span class='ocrx_word' id='word_1_485' title='bbox 2094 3319 2162 3372; x_wconf 88' lang='lat' dir='ltr'>de</span> <span class='ocrx_word' id='word_1_486' title='bbox 2184 3340 2267 3387; x_wconf 90' lang='lat' dir='ltr'>se,</span> <span class='ocrx_word' id='word_1_487' title='bbox 2292 3322 2392 3388; x_wconf 82' lang='lat' dir='ltr'>lx,</span> 
     </span>
     <span class='ocr_line' id='line_1_80' title="bbox 1383 3398 2390 3466; baseline 0.002 -15"><span class='ocrx_word' id='word_1_488' title='bbox 1383 3421 1411 3448; x_wconf 75' lang='grc' dir='ltr'>ιι</span> <span class='ocrx_word' id='word_1_489' title='bbox 1430 3398 1526 3463; x_wconf 84' lang='grc'>36,</span> <span class='ocrx_word' id='word_1_490' title='bbox 1549 3416 1577 3451; x_wconf 74' lang='lat' dir='ltr'>a</span> <span class='ocrx_word' id='word_1_491' title='bbox 1595 3399 1841 3466; x_wconf 70' lang='lat' dir='ltr'><strong>;1x‚40‚</strong></span> <span class='ocrx_word' id='word_1_492' title='bbox 1864 3418 1921 3465; x_wconf 79' lang='lat'>2,</span> <span class='ocrx_word' id='word_1_493' title='bbox 1939 3413 2040 3451; x_wconf 88' lang='lat' dir='ltr'>etc.</span> <span class='ocrx_word' id='word_1_494' title='bbox 2063 3423 2085 3446; x_wconf 69' lang='grc' dir='ltr'><strong><em>κ</em></strong></span> <span class='ocrx_word' id='word_1_495' title='bbox 2106 3401 2390 3453; x_wconf 85' lang='lat' dir='ltr'>Gesnerus.</span> 
     </span>
    </p>

    <p class='ocr_par' dir='ltr' id='par_1_7' title="bbox 1382 3477 2395 3622">
     <span class='ocr_line' id='line_1_81' title="bbox 1461 3477 2395 3551; baseline 0 -21"><span class='ocrx_word' id='word_1_496' title='bbox 1461 3495 1506 3530; x_wconf 83' lang='lat'>1.</span> <span class='ocrx_word' id='word_1_497' title='bbox 1538 3478 1793 3530; x_wconf 76' lang='lat' dir='ltr'>Sentium.</span> <span class='ocrx_word' id='word_1_498' title='bbox 1829 3478 1968 3530; x_wconf 84' lang='lat' dir='ltr'>Flor.</span> <span class='ocrx_word' id='word_1_499' title='bbox 1999 3477 2063 3548; x_wconf 75' lang='lat' dir='ltr'>(a</span> <span class='ocrx_word' id='word_1_500' title='bbox 2090 3497 2171 3551; x_wconf 90' lang='lat' dir='ltr'>pr.</span> <span class='ocrx_word' id='word_1_501' title='bbox 2201 3480 2395 3551; x_wconf 77' lang='lat' dir='ltr'>manu)</span> 
     </span>
     <span class='ocr_line' id='line_1_82' title="bbox 1382 3557 1926 3622; baseline 0 -12"><span class='ocrx_word' id='word_1_502' title='bbox 1382 3557 1544 3610; x_wconf 76' lang='lat' dir='ltr'>Cntr.</span> <span class='ocrx_word' id='word_1_503' title='bbox 1558 3594 1575 3622; x_wconf 89' lang='lat'>,</span> <span class='ocrx_word' id='word_1_504' title='bbox 1597 3558 1926 3610; x_wconf 77' lang='lat' dir='ltr'>sententiam.</span> 
     </span>
    </p>

    <p class='ocr_par' dir='ltr' id='par_1_8' title="bbox 1377 3635 2392 3783">
     <span class='ocr_line' id='line_1_83' title="bbox 1456 3635 2392 3689; baseline 0 -2"><span class='ocrx_word' id='word_1_505' title='bbox 1456 3652 1505 3687; x_wconf 76' lang='lat' dir='ltr'>a.</span> <span class='ocrx_word' id='word_1_506' title='bbox 1544 3637 1689 3689; x_wconf 79' lang='lat' dir='ltr'>Nam</span> <span class='ocrx_word' id='word_1_507' title='bbox 1726 3638 1801 3689; x_wconf 81' lang='lat' dir='ltr'>in.</span> <span class='ocrx_word' id='word_1_508' title='bbox 1836 3638 2018 3689; x_wconf 80' lang='lat' dir='ltr'>Turio.</span> <span class='ocrx_word' id='word_1_509' title='bbox 2056 3635 2196 3687; x_wconf 85' lang='lat' dir='ltr'>Flor.</span> <span class='ocrx_word' id='word_1_510' title='bbox 2229 3636 2392 3688; x_wconf 70' lang='lat' dir='ltr'><strong>Gna».</strong></span> 
     </span>
     <span class='ocr_line' id='line_1_84' title="bbox 1377 3715 2392 3783; baseline -0.003 -13"><span class='ocrx_word' id='word_1_511' title='bbox 1377 3720 1635 3770; x_wconf 72' lang='lat' dir='ltr'>omittunt</span> <span class='ocrx_word' id='word_1_512' title='bbox 1659 3718 1713 3769; x_wconf 82' lang='lat' dir='ltr'>in</span> <span class='ocrx_word' id='word_1_513' title='bbox 1731 3756 1748 3783; x_wconf 90' lang='lat'>,</span> <span class='ocrx_word' id='word_1_514' title='bbox 1773 3736 1897 3769; x_wconf 88' lang='lat' dir='ltr'>cum</span> <span class='ocrx_word' id='word_1_515' title='bbox 1918 3722 2073 3770; x_wconf 86' lang='lat' dir='ltr'>Voss.</span> <span class='ocrx_word' id='word_1_516' title='bbox 2101 3734 2148 3781; x_wconf 82' lang='lat'>1,</span> <span class='ocrx_word' id='word_1_517' title='bbox 2168 3716 2233 3782; x_wconf 81' lang='grc'>3,</span> <span class='ocrx_word' id='word_1_518' title='bbox 2255 3715 2392 3768; x_wconf 85' lang='lat' dir='ltr'>Alm.</span> 
     </span>
    </p>

    <p class='ocr_par' dir='ltr' id='par_1_9' title="bbox 1381 3791 2402 4266">
     <span class='ocr_line' id='line_1_85' title="bbox 1457 3791 2399 3869; baseline -0.003 -20"><span class='ocrx_word' id='word_1_519' title='bbox 1457 3798 1509 3849; x_wconf 85' lang='lat'>3.</span> <span class='ocrx_word' id='word_1_520' title='bbox 1541 3794 1838 3866; x_wconf 75' lang='lat' dir='ltr'>Quamlibet</span> <span class='ocrx_word' id='word_1_521' title='bbox 1863 3791 2158 3869; x_wconf 67' lang='lat' dir='ltr'>properato.</span> <span class='ocrx_word' id='word_1_522' title='bbox 2188 3795 2399 3862; x_wconf 83' lang='lat' dir='ltr'>Guelf.,</span> 
     </span>
     <span class='ocr_line' id='line_1_86' title="bbox 1387 3874 2402 3947; baseline -0.002 -21"><span class='ocrx_word' id='word_1_523' title='bbox 1387 3874 1633 3947; x_wconf 73' lang='lat' dir='ltr'>quelibet</span> <span class='ocrx_word' id='word_1_524' title='bbox 1644 3886 1695 3926; x_wconf 88' lang='lat' dir='ltr'>et</span> <span class='ocrx_word' id='word_1_525' title='bbox 1705 3894 1760 3946; x_wconf 87' lang='lat' dir='ltr'>p.</span> <span class='ocrx_word' id='word_1_526' title='bbox 1780 3877 1966 3928; x_wconf 81' lang='lat' dir='ltr'>Inserit</span> <span class='ocrx_word' id='word_1_527' title='bbox 1978 3887 2028 3928; x_wconf 81' lang='lat' dir='ltr'>et</span> <span class='ocrx_word' id='word_1_528' title='bbox 2039 3878 2195 3926; x_wconf 82' lang='lat' dir='ltr'>Voss.</span> <span class='ocrx_word' id='word_1_529' title='bbox 2220 3890 2239 3925; x_wconf 87' lang='grc' dir='ltr'>ι</span> <span class='ocrx_word' id='word_1_530' title='bbox 2263 3891 2402 3944; x_wconf 85' lang='lat' dir='ltr'>quo-</span> 
     </span>
     <span class='ocr_line' id='line_1_87' title="bbox 1390 3955 2402 4026; baseline 0 -20"><span class='ocrx_word' id='word_1_531' title='bbox 1390 3973 1521 4025; x_wconf 86' lang='lat' dir='ltr'>que,</span> <span class='ocrx_word' id='word_1_532' title='bbox 1545 3973 1667 4006; x_wconf 86' lang='lat' dir='ltr'>cum</span> <span class='ocrx_word' id='word_1_533' title='bbox 1688 3956 1830 4007; x_wconf 83' lang='lat' dir='ltr'>Jens.</span> <span class='ocrx_word' id='word_1_534' title='bbox 1846 3956 2000 4006; x_wconf 80' lang='lat' dir='ltr'>Tarv.</span> <span class='ocrx_word' id='word_1_535' title='bbox 2024 3955 2286 4026; x_wconf 77' lang='lat' dir='ltr'>Expunxit</span> <span class='ocrx_word' id='word_1_536' title='bbox 2302 3956 2402 4006; x_wconf 87' lang='lat' dir='ltr'>Re-</span> 
     </span>
     <span class='ocr_line' id='line_1_88' title="bbox 1385 4033 2398 4106; baseline -0.003 -20"><span class='ocrx_word' id='word_1_537' title='bbox 1385 4037 1523 4104; x_wconf 67' lang='lat' dir='ltr'>gius.</span> <span class='ocrx_word' id='word_1_538' title='bbox 1552 4033 1714 4087; x_wconf 80' lang='lat' dir='ltr'>Goth.</span> <span class='ocrx_word' id='word_1_539' title='bbox 1732 4072 1748 4096; x_wconf 85' lang='lat'>,</span> <span class='ocrx_word' id='word_1_540' title='bbox 1777 4043 2103 4106; x_wconf 71' lang='lat' dir='ltr'>perpetrato,</span> <span class='ocrx_word' id='word_1_541' title='bbox 2138 4033 2299 4084; x_wconf 84' lang='lat' dir='ltr'>solus.</span> <span class='ocrx_word' id='word_1_542' title='bbox 2325 4062 2398 4073; x_wconf 90' lang='lat'>-—</span> 
     </span>
     <span class='ocr_line' id='line_1_89' title="bbox 1387 4111 2392 4186; baseline -0.003 -20"><span class='ocrx_word' id='word_1_543' title='bbox 1387 4115 1586 4166; x_wconf 83' lang='lat' dir='ltr'>Omnes</span> <span class='ocrx_word' id='word_1_544' title='bbox 1612 4116 1779 4165; x_wconf 85' lang='lat' dir='ltr'>nostri</span> <span class='ocrx_word' id='word_1_545' title='bbox 1798 4111 2085 4186; x_wconf 80' lang='lat' dir='ltr'>quamlibet</span> <span class='ocrx_word' id='word_1_546' title='bbox 2100 4122 2392 4184; x_wconf 67' lang='lat' dir='ltr'>properate.</span> 
     </span>
     <span class='ocr_line' id='line_1_90' title="bbox 1381 4193 2340 4266; baseline -0.003 -19"><span class='ocrx_word' id='word_1_547' title='bbox 1381 4194 1631 4266; x_wconf 74' lang='lat' dir='ltr'>Plerique</span> <span class='ocrx_word' id='word_1_548' title='bbox 1650 4196 1890 4248; x_wconf 78' lang='lat' dir='ltr'>inserunt</span> <span class='ocrx_word' id='word_1_549' title='bbox 1916 4210 2134 4265; x_wconf 81' lang='lat' dir='ltr'>quoque</span> <span class='ocrx_word' id='word_1_550' title='bbox 2155 4203 2221 4245; x_wconf 75' lang='lat' dir='ltr'>et.</span> <span class='ocrx_word' id='word_1_551' title='bbox 2248 4193 2340 4244; x_wconf 61' lang='lat' dir='ltr'>Eu</span> 
     </span>
    </p>
   </div>
   <div class='ocr_carea' id='block_1_7' title="bbox 3168 96 3181 958">
    <p class='ocr_par' dir='ltr' id='par_1_10' title="bbox 3168 96 3181 958">
     <span class='ocr_line' id='line_1_91' title="bbox 3168 96 3181 958; baseline 0 0"><span class='ocrx_word' id='word_1_552' title='bbox 3168 96 3181 958; x_wconf 95' lang='lat' dir='ltr'> </span> 
     </span>
    </p>
   </div>
   <div class='ocr_carea' id='block_1_8' title="bbox 3170 96 3180 958">
    <p class='ocr_par' dir='ltr' id='par_1_11' title="bbox 3170 96 3180 958">
     <span class='ocr_line' id='line_1_92' title="bbox 3170 96 3180 958; baseline 0 0"><span class='ocrx_word' id='word_1_553' title='bbox 3170 96 3180 958; x_wconf 95' lang='lat' dir='ltr'> </span> 
     </span>
    </p>
   </div>
  </div>
 </body>
</html>
