3200 5159
640 555 1293 625 INSTITUTIONIS
1329 553 1586 621 ORAT.
1627 554 1790 618 LIB.
1829 553 1987 634 XII,
2037 577 2059 618 ι
2082 578 2135 619 ι.

2310 554 2436 643 577

338 682 558 754 tradet
576 697 624 771 ¹,
658 703 778 754 aut
805 680 1217 778 eloquentiae
1247 697 1625 778 componet
1649 697 1867 749 artem
1884 690 1940 767 ²,
1971 699 2093 750 aut
2123 675 2437 778 pulcher-

344 798 543 869 rimis
577 798 731 870 vitae
772 796 1124 897 praeceptis
1158 795 1460 892 dignum
1499 821 1572 865 os
1607 792 1821 865 dabit.
1861 794 2437 893 Frequentabunt
2512 817 2545 870 5

339 939 501 985 vero
546 912 692 1014 ejus
733 912 1026 985 domum
1068 910 1321 1011 optimi
1343 910 1640 1012 juvenes
1675 935 1868 980 more
1890 907 1918 955 3
1946 930 2260 980 veterum
2277 906 2334 998 4,
2374 928 2440 980 et

341 1054 578 1100 veram
615 1027 896 1099 dicendi
940 1027 1123 1099 viam
1158 1024 1347 1097 velut
1394 1051 1470 1096 ex
1517 1023 1794 1095 oraculo
1833 1043 2087 1123 petent.
2132 1025 2280 1095 Hos
2326 1020 2443 1094 ille

342 1142 676 1215 formabit
712 1142 909 1242 quasi
957 1140 1368 1241 eloquentiae
1414 1166 1698 1239 parens,
1734 1160 1801 1212 et
1842 1159 1918 1210 ut
1952 1160 2147 1211 vetus
2184 1140 2446 1238 guber-

344 1263 591 1333 nator⁵
638 1261 864 1332 littora
916 1281 984 1332 et
1035 1280 1310 1358 portus,
1361 1278 1425 1328 et
1472 1283 1624 1355 quae
1667 1275 2158 1354 tempestatum
2210 1256 2446 1354 signa,

342 1375 516 1475 quid
547 1374 870 1448 secundis
904 1372 1215 1464 flatibus»,
1259 1370 1428 1472 quid
1461 1371 1762 1444 adversis
1791 1371 1950 1443 ratis
1978 1389 2212 1469 poscat
2229 1369 2284 1460 ⁶,
2320 1371 2449 1444 do-

346 1493 560 1583 cebit,
585 1519 732 1563 non
759 1490 1220 1563 humanitatis
1245 1489 1474 1561 solum
1507 1489 1875 1560 communi
1903 1488 2164 1560 ductus'
2179 1487 2412 1561 officio
2429 1544 2450 1578 ,

348 1606 471 1678 sed
504 1631 740 1677 amore
770 1605 1081 1704 quodam
1117 1604 1363 1703 operis.
1401 1605 1631 1675 Nemo
1666 1603 1857 1675 enim
1889 1603 2120 1675 minui
2154 1602 2319 1676 velit
2345 1604 2450 1695 id,

349 1722 426 1793 in
456 1748 596 1821 quo
624 1721 971 1792 maximus
994 1720 1151 1792 fuit.
1180 1719 1376 1811 Quid
1404 1745 1609 1819 porro
1645 1739 1744 1791 est
1774 1718 2201 1808 honestius7,
2235 1747 2453 1819 quam

348 1836 599 1910 docere
647 1835 836 1935 quod
880 1837 1142 1935 optime
1189 1834 1402 1909 scias?
1444 1836 1556 1908 Sic
1599 1830 1689 1906 ad
1728 1861 1799 1907 se
1838 1831 2194 1907 Coelium⁸
2227 1834 2456 1908 dedu-

350 1979 564 2031 tilianus
578 1978 690 2031 haec
703 1998 915 2051 quoque
928 1982 1181 2032 memoria
1196 1978 1361 2032 falsus
1443 1978 1711 2032 Formavit
1720 2017 1739 2044 ‚
1753 1979 1930 2030 Turio.
1952 1978 2186 2031 Florem.
2206 1980 2334 2050 Quoe
2355 2000 2456 2052 pro

353 2059 683 2132 aliquantum
710 2061 1078 2112 immutaverit.

1445 2059 1592 2134 quasi
1616 2058 1795 2109 Turio.
1819 2057 1961 2109 Flor.
1987 2056 2164 2109 Guelf.
2187 2059 2302 2129 Qua
2322 2072 2459 2113 etate

435 2158 477 2191 ι.
509 2140 716 2191 Tradet.
746 2139 973 2204 Reddet,
1005 2141 1187 2192 Turio.
1222 2138 1362 2191 Ποῖ.
1442 2139 1755 2212 pes-tatium,
1775 2136 1918 2188 Flor.
1944 2138 2097 2208 Quod
2111 2140 2255 2204 adv„
2274 2140 2456 2193 Turio.

355 2218 530 2272 Guelf.
560 2218 745 2271 Almel.
779 2219 923 2272 Jens.
953 2217 1078 2288 (tac.
1105 2219 1291 2289 Gesn.)
1313 2230 1367 2270 et
1447 2218 1636 2283 flatus,
1655 2216 1834 2268 Turic.
1860 2215 2050 2268 Ratum
2065 2256 2083 2282 ‚
2111 2235 2275 2287 marg.
2302 2217 2456 2269 Basil.

357 2297 669 2368 posteriorr.
705 2309 827 2348 ante
858 2296 978 2348 Ald.
1007 2316 1119 2350 acc.
1146 2295 1273 2348 Bad.
1298 2325 1371 2336 —-

355 2374 582 2427 Poulan.
608 2375 716 2427 RB.
744 2392 805 2445 7,
838 2392 928 2442 10,
949 2374 1031 2428 vel
1065 2394 1082 2427 ι
1102 2394 1118 2427 ι
1138 2415 1156 2439 ,
1180 2375 1368 2429 reddet.

360 2454 495 2507 Vall.
522 2454 612 2506 lib.
638 2453 701 2524 (a
727 2474 832 2507 see.
860 2455 1052 2527 mann)
1080 2457 1185 2508 RB.
1217 2456 1278 2520 8,
1309 2473 1371 2525 9,

365 2534 546 2586 tradet.
572 2534 667 2584 En.
692 2535 924 2585 —Jura.
941 2572 953 2583 .
970 2574 982 2585 .
1010 2533 1190 2586 tradet.
1217 2533 1373 2605 Spal-

357 2611 545 2683 dingio
565 2611 812 2683 placebat
836 2611 968 2663 illud
992 2612 1167 2666 reddet
1185 2626 1373 2664 notum

366 2690 466 2743 sibi
491 2704 618 2742 tunc
642 2710 672 2742 e
694 2689 1110 2764 Guelferbytano
1130 2704 1336 2744 tantum
1358 2712 1370 2741 ε

366 2771 466 2841 qui'
495 2789 602 2821 non
639 2770 879 2823 offensus
915 2785 996 2824 est
1020 2774 1201 2843 itaque
1234 2774 1376 2843 ejus·-

368 2848 489 2900 dem
498 2848 642 2900 verbi
658 2847 726 2900 ad
739 2851 1018 2920 superiora
1034 2861 1374 2903 monumenta

368 2945 535 2979 rev-tem
548 2927 763 2998 posteris
776 2926 1047 2980 relatione.
1059 2928 1197 2980 Sane
1212 2947 1377 3001 «quae-

376 3029 399 3053 ι
416 3003 652 3057 rentibus
668 3028 691 3050 ιι
710 3006 831 3074 jura
856 3027 878 3051 ι
896 3005 1102 3059 tradem
1117 3030 1140 3054 a·
1162 3026 1271 3059 non
1295 3024 1376 3058 sa·

369 3085 436 3136 tis
478 3099 773 3154 congruum
814 3082 1050 3147 videtum
1098 3084 1375 3156 solentque

370 3163 689 3234 scriptores,
731 3179 898 3233 quum
936 3160 1045 3213 duo
1085 3181 1270 3215 sensus
1307 3160 1377 3214 ad

373 3258 538 3292 unum
575 3239 795 3291 verbum
831 3240 1100 3304 referunt,
1141 3240 1380 3312 propiori

373 3318 504 3372 illud
526 3319 691 3390 magia
707 3318 1110 3371 accommodare
1126 3337 1284 3389 quam
1306 3337 1384 3369 re-

377 3399 605 3449 motiori.
639 3399 717 3449 lta
745 3415 959 3467 zeugma
994 3396 1110 3463 hic,
1142 3398 1196 3449 in
1220 3396 1433 3449 verbo

381 3474 739 3545 reddere(vide
754 3480 806 3542 1,
824 3494 904 3543 ιο,
920 3476 1176 3547 47;vl11,
1195 3477 1248 3543 3,
1265 3476 1384 3548 51),

380 3573 491 3607 non
529 3554 660 3607 adeo
697 3554 887 3607 durum
914 3556 1015 3607 sit.
1003 3577 1015 3588 ·
1054 3568 1107 3607 et
1137 3555 1384 3626 equidem

381 3633 751 3687 addicentibus
786 3652 930 3686 nunc
963 3635 1177 3706 optimis
1211 3632 1384 3687 codd.

382 3714 542 3788 plane
563 3728 773 3766 transeo
789 3715 841 3765 in
857 3713 1035 3785 Spald.
1055 3716 1385 3766 sententiam.

456 3811 505 3845 2
531 3791 730 3844 Artem.
756 3789 893 3842 Flor.
906 3804 1070 3857 ,.arte
1093 3790 1288 3856 Cant,
1305 3808 1388 3840 ar*-

386 3883 488 3923 tem
513 3882 804 3945 componet.
823 3869 1085 3936 Florem„
1112 3869 1203 3922 hos
1220 3870 1388 3936 dabit,

386 3969 509 4002 cum
538 3950 675 4002 Alm.

1452 2296 1662 2362 Ratim,
1695 2293 1870 2347 Guelf.
1909 2295 2052 2346 Nam
2086 2294 2259 2361 laum„
2297 2294 2460 2349 Goth.

1454 2377 1582 2442 (tac.
1606 2372 1810 2441 Gesn.).
1836 2374 2072 2442 Amoris,
2096 2376 2259 2428 Cnn.

1524 2452 1573 2504 5.
1611 2452 1941 2504 Gubernator
1961 2451 2158 2506 littora.
2181 2454 2464 2522 Quintilia-

1454 2551 1554 2584 nus
1579 2529 1650 2584 ad
1675 2530 2038 2584 illustrandam
2065 2534 2464 2607 ornandamque

1456 2613 1752 2664 orationem
1779 2614 1914 2683 aptis
1939 2615 2266 2686 amoenisque
2291 2617 2468 2669 simili-

1455 2690 1729 2745 tudinibus
1756 2691 1992 2744 abutitur
2021 2714 2033 2744 ε
2073 2693 2353 2765 aliquoties
2384 2710 2470 2749 ta-

1454 2791 1577 2825 men
1597 2770 1838 2838 easdem,
1858 2773 2033 2844 parvis
2052 2771 2371 2827 distantibus
2391 2776 2469 2827 in-

1455 2850 1713 2915 tervallis,
1748 2853 1986 2920 congerit
2002 2889 2018 2916 ,
2056 2864 2216 2922 atque
2254 2852 2466 2923 longius

1456 2930 1725 3003 producit.
1748 2929 1880 2982 vide
1901 2929 1991 2981 lib.
2014 2932 2086 2995 Π,
2106 2949 2224 3002 cap.
2247 2933 2310 2999 4,
2338 2931 2383 3004 §.
2409 2951 2468 3004 73

1456 3023 1627 3063 totum
1649 3026 1874 3080 prooem.
1896 3010 2010 3061 xil.
2035 3008 2128 3060 En.

1527 3090 1580 3143 6.
1626 3088 1783 3159 Quid.
1805 3126 1817 3138 .
1839 3127 1850 3139 .
1891 3090 2014 3141 ratis
2045 3101 2240 3163 poscat.
2286 3093 2472 3147 “Num

1465 3189 1488 3215 α
1508 3179 1622 3221 rate
1644 3166 1867 3220 vehetur
1889 3166 2253 3237 gubernator?
2268 3193 2289 3217 n
2316 3171 2470 3242 Spal-

1460 3246 1672 3318 dingius
1724 3243 2025 3316 quaerebam
2078 3248 2284 3298 merito.
2334 3250 2474 3302 Nam

1460 3327 1735 3398 poeticum
1751 3323 1911 3396 hujus
1926 3327 2069 3377 vocis
2085 3344 2238 3378 usum
2258 3326 2325 3380 de
2340 3347 2473 3380 nave

1465 3402 1610 3476 apud
1629 3402 1782 3455 bonae
1801 3415 1939 3454 notre
1958 3404 2242 3475 scriptores
2268 3425 2376 3457 non
2396 3408 2475 3459 in-

1464 3485 1686 3537 venias:
1730 3481 1953 3534 alterum
1994 3486 2272 3554 proprium
2308 3483 2475 3538 habes

1468 3582 1627 3634 supra
1633 3550 1727 3627 X
1755 3580 1814 3627 2,
1836 3578 1888 3631 7,
1915 3562 2106 3615 ratibus
2130 3562 2307 3616 adhuc
2329 3567 2480 3618 navi-

1464 3653 1707 3716 qaretur:
1735 3639 1981 3706 addeVI,
1985 3636 2053 3707 3,
2075 3642 2171 3710 96;
2198 3643 2296 3705 ῙῙΙ,
2317 3644 2368 3707 8,
2392 3645 2477 3697 23.

1469 3721 1666 3772 Verissi
1670 3737 1754 3770 ma
1769 3721 1948 3789 itaque
1965 3679 2092 3769 inilti
2113 3682 2327 3789 quidein
2342 3720 2480 3775 vide-

1467 3813 1558 3851 tur
1577 3797 1813 3868 ejusdem
1835 3796 2124 3868 Spaldingii
2146 3799 2478 3854 emendatio·

1471 3876 1654 3949 quid...
1683 3877 1816 3928 ratio
1835 3889 2029 3948 poseat.

1544 3969 1594 4022 7.
1622 3953 1924 4005 Honestius.
1946 3954 2200 4023 Florem„
2225 3956 2478 4013 honestus.

459 4029 509 4081 3.
547 4031 699 4081 More
736 4041 981 4082 veterum.
1010 4027 1144 4080 Vide
1177 4028 1283 4081 Cic.
1325 4026 1391 4080 de
1472 4035 1651 4085 Turio.
1677 4032 1817 4083 Flor.
1851 4050 1966 4085 vero
1998 4052 2095 4108 pro
2126 4037 2326 4105 Cicero,
2360 4060 2483 4093 cum

368 4108 510 4160 sen.
533 4108 595 4171 8,
618 4123 681 4175 9;
707 4106 1137 4173 etNostrumX,
1161 4107 1224 4171 5,
1259 4122 1337 4174 ι9.

462 4186 513 4253 4,
552 4187 811 4241 Veterum.
852 4189 1136 4253 Votorum,
1164 4145 1393 4239 Florent.

392 4264 524 4320 Vere
557 4263 795 4332 dieendi,
827 4267 1004 4320 Turio.
1041 4266 1182 4321 Flor.
1220 4263 1394 4318 Guelf-

600 4352 638 4420 4

1474 4110 1612 4164 ΔΙιιι.
1628 4110 1711 4163 Do
1729 4108 1992 4178 tabellam,
2004 4113 2129 4166 Tur.
2150 4117 2485 4190 Deincepst'n

1479 4190 1867 4240 omittuntTur.
1882 4189 2019 4241 Flor.
2024 4190 2201 4243 Guelf.
2215 4212 2334 4245 cum
2348 4197 2485 4250 Alm.

1555 4267 1605 4320 8.
1637 4266 1878 4321 Coelt'um.
1908 4270 2030 4322 «De
2060 4268 2217 4323 Coetio
2241 4272 2309 4324 ad
2336 4276 2489 4327 Cice·

2175 4359 2242 4430 37
