3200 5159
835 443 957 517 106

1365 471 1372 482 ·
1396 450 1491 533 Μ.
1530 449 1760 516 mnu
1780 446 2355 548 QanmAm

820 593 1100 673 propter
1128 574 1484 673 vulgatam
1514 572 1690 647 falso
1734 573 1821 645 de
1854 599 1971 646 me
2005 573 2413 674 opinionem
2433 631 2454 665 ,
2483 573 2656 672 quia
2674 586 2692 618 ¹
2723 569 2929 647 dam·-

821 714 987 764 nare
1029 715 1233 779 eum,
1278 702 1393 762 et²
1427 688 1726 761 invisum
1769 713 2054 788 quoque
2086 685 2348 762 habere
2386 714 2546 761 sum
2583 687 2925 761 creditus:

817 801 1008 900 quod
1036 800 1287 875 accidit
1315 802 1527 894 mihi,
1563 804 1740 876 dum
1774 824 2177 904 corruptum
2214 811 2287 877 et'
2321 799 2655 876 omnibus
2677 800 2707 847 3
2744 801 2926 876 vitiis

817 918 1116 990 fractum
1156 918 1436 1016 dicendj
1470 945 1694 1019 genus
1731 945 2049 993 revocare
2082 917 2224 991 adl*
2255 916 2629 992 severiora⁵
2656 914 2930 1020 judicia

677 1044 785 1101 τοῦ
816 1032 1181 1106 contendo.
1204 1035 1396 1107 Tum
1421 1033 1707 1106 autem⁶
1730 1033 1919 1107 solus
1939 1033 2052 1106 hic
2069 1046 2096 1095 7
2129 1034 2274 1108 fere
2301 1033 2377 1106 in
2405 1031 2736 1105 manibus
2758 1030 2926 1103 ado—

813 1147 1223 1221 lescentium
1248 1149 1417 1232 fnit:
1450 1147 1708 1249 quem⁸
1726 1175 1876 1222 non
1902 1148 2233 1246 equidem
2259 1148 2553 1224 omnino
2576 1146 2927 1221 9oonabar

816 1284 1165 1355 excutere,
1200 1263 1321 1336 sed
1350 1264 1739 1365 potioribus
1767 1265 2071 1367 praeferri
2101 1278 2160 1311 ¹⁰
2189 1289 2336 1372 non
2363 1263 2680 1337 sinebam
2700 1320 2721 1354 ,
2746 1288 2926 1363 quos

2602 1371 2621 1396 Ι

819 1458 967 1508 actori
1002 1458 1108 1510 sint
1145 1456 1418 1526 imitandi,
1452 1439 1736 1532 loquerer,
1774 1475 1829 1515 et

819 1558 842 1581 α
863 1554 1028 1607 quum
1049 1535 1116 1589 de
1135 1539 1310 1610 poetis
1325 1576 1343 1604 ‚
1367 1549 1420 1592 el
1440 1558 1602 1612 quum
1624 1540 1692 1592 de
1712 1560 1829 1594 ora-

819 1635 842 1659 ·
863 1613 1101 1681 toribus,
1127 1629 1180 1669 et
1204 1634 1369 1687 quum
1396 1615 1463 1669 de
1491 1617 1828 1691 philosophis

817 1713 844 1738 c
862 1696 1113 1746 romanis.
1132 1718 1154 1741 ιο
1176 1695 1545 1763 nadinsffioc,
1559 1695 1703 1768 quod
1713 1701 1826 1770 Jam

813 1770 1005 1825 lecturi
1027 1793 1239 1843 sumus,
1257 1774 1325 1827 de
1347 1775 1549 1832 Seneca
1574 1775 1833 1850 iudicium

816 1855 1079 1923 quantivis
1112 1869 1192 1908 est
1225 1856 1396 1928 pretii.
1433 1854 1831 1911 conferendum

811 1944 990 1985 eutem
1015 1951 1135 1986 cum
1157 1954 1222 1988 eo
1245 1933 1545 1988 Gellianurn
1570 1937 1719 2005 (XII,
1746 1937 1830 2007 a),

813 2011 870 2062 in
909 2030 1016 2083 quo
1060 2027 1112 2066 et
1147 2014 1265 2087 ipso
1303 2026 1584 2066 accusatur
1619 2014 1831 2067 Seneca!

813 2093 1126 2163 protervitas
1170 2095 1226 2146 in
1268 2094 1548 2165 carpendis
1587 2107 1826 2150 veterum

813 2174 1037 2243 scriptis.
1051 2176 1162 2230 Nec
1178 2171 1551 2243 negligendum
1565 2188 1667 2254 est,
1679 2173 1828 2266 quid·

811 2249 943 2320 qnid
967 2250 1040 2302 ibi
1060 2250 1409 2323 exprobratur
1426 2237 1667 2315 Senecae,
1686 2255 1741 2306 in
1760 2255 1825 2307 iis

810 2327 1065 2402 quidem,
1102 2348 1217 2401 quoe
1260 2342 1384 2382 sunt
1425 2328 1672 2402 reliquae,
1708 2333 1822 2402 ejus

808 2427 1035 2481 operum
1053 2408 1291 2481 partibus
1308 2426 1430 2461 non.
1439 2410 1677 2461 inveniri.
1689 2407 1823 2464 Vide

813 2488 970 2542 Fabr.
995 2487 1127 2544 Bibl.
1153 2489 1298 2554 Lat.‚
1323 2487 1406 2539 ed.
1431 2489 1553 2541 Em.
1571 2525 1594 2554 ,
1613 2488 1718 2542 vol.
1742 2492 1824 2558 Π,

812 2587 872 2641 p.
909 2583 1032 2638 107,
1070 2568 1121 2619 8·-
1159 2566 1463 2622 Sallustium
1501 2586 1611 2620 non
1650 2569 1826 2641 ipsum

815 2648 1005 2718 carpit,
1017 2643 1488 2701 antii-reverentius
1507 2660 1715 2714 tractat,
1729 2647 1826 2701 sed

812 2743 1006 2798 pravos
1027 2726 1319 2778 imitatores
1344 2738 1495 2779 notat
1512 2726 1677 2799 Epist.
1705 2745 1724 2779 ι
1741 2726 1822 2794 14.

814 2807 1057 2857 Fortasse
1090 2817 1266 2862 tamen
1293 2804 1489 2856 Noster
1519 2817 1573 2856 et
1602 2804 1825 2858 familia·

813 2903 897 2936 res
927 2882 1164 2955 ejusdem
1190 2901 1458 2936 sermones
1480 2886 1824 2956 respexit.—

812 2961 1146 3034 Eloquenlioe
1185 2959 1380 3013 distuli.
1421 2957 1624 3027 Aldus,
1665 2960 1820 3012 Basil.

813 3043 1052 3095 inserunt
1077 3050 1356 3104 versatum,
1382 3037 1546 3110 Regio
1564 3038 1790 3111 jubente
1805 3077 1823 3107 ,

816 3137 976 3191 quem
993 3118 1132 3171 hene
1149 3119 1368 3170 revincit
1386 3117 1595 3170 Badius.
1622 3118 1736 3170 Nec
1754 3118 1823 3172 ab

814 3202 930 3272 ejus
947 3212 1000 3251 et
1019 3200 1303 3251 Burmanni
1327 3200 1532 3250 ratione
1551 3216 1638 3250 me
1656 3197 1825 3252 abdu-

816 3281 891 3331 cit
913 3277 1187 3331 Gisbertus
1210 3279 1381 3330 Koen.
1417 3278 1471 3329 in
1505 3267 1647 3329 obss.
1676 3278 1822 3333 MSS.

813 3377 1022 3414 mecum
1045 3356 1476 3421 communicatis,
1500 3373 1824 3428 quamquam

817 3437 1184 3491 demonstrans
1218 3438 1304 3488 Jo.
1341 3434 1824 3502 saresberiensem,

819 3519 910 3587 qui
949 3515 1055 3569 hoc
1097 3525 1350 3568 versatum
1399 3516 1573 3586 ipsum
1613 3515 1827 3586 praefert

816 3595 1058 3648 Policrat.
1087 3596 1236 3662 vlu,
1280 3593 1371 3660 13,
1409 3613 1464 3667 p.
1503 3594 1629 3648 600.
1663 3594 1825 3664 Quod

819 3677 959 3729 enim
977 3677 1213 3727 Koenius
1230 3686 1419 3746 negat,
1443 3688 1583 3728 recte
1602 3674 1823 3728 Fabium

819 3756 1057 3827 potuisse
1082 3753 1304 3807 dilatum
1332 3772 1362 3806 a
1390 3772 1448 3808 se
1474 3757 1528 3808 in
1558 3757 1706 3807 omni
1733 3774 1828 3826 ge-

818 3853 948 3886 nere
982 3833 1296 3907 eloquentiae
1332 3833 1585 3887 Senecam
1617 3833 1826 3903 dicere,

819 3915 942 3983 quia
966 3925 1224 3967 restarent
1245 3911 1357 3965 aliae
1385 3912 1545 3984 hujus
1572 3911 1827 3967 doctrinae

814 4005 996 4064 partes
1031 3991 1100 4043 ab
1131 3992 1249 4063 ipso
1283 3990 1607 4063 explicandae
1637 3990 1745 4048 hoc
1774 4005 1829 4044 et

817 4089 967 4143 seqq.
998 4069 1176 4134 libris,
1205 4089 1313 4122 non
1341 4069 1567 4123 attendit
1592 4073 1672 4124 vir
1698 4071 1829 4126 doc-

819 4161 940 4216 tus,
972 4146 1147 4201 solum
1176 4147 1265 4201 hic
1297 4147 1576 4221 significari
1608 4169 1828 4206 censum

1907 1461 2227 1534 scriptorum
2244 1498 2261 1527 ,
2291 1477 2448 1531 quem
2484 1456 2661 1511 adhue
2689 1460 2796 1529 egit
2824 1459 2926 1511 Pa-

1906 1539 2028 1593 bius
2059 1537 2166 1591 hoc
2199 1541 2408 1610 capite,
2441 1539 2496 1590 in
2530 1539 2683 1609 cnjus
2762 1557 2792 1590 e
2818 1539 2925 1591 fine

1908 1618 2204 1670 collocatur
2217 1617 2436 1671 Seneca.
2452 1615 2651 1688 vide§.
2674 1557 2875 1688 {iux

1914 1696 2236 1770 nnopbon...
2258 1700 2398 1749 inter
2420 1615 2775 1770 ΡΙιὶΙοεορῖιοε
2802 1695 2925 1749 red-

1916 1797 1939 1822 ·
1957 1773 2183 1828 dendus.
2204 1799 2231 1824 ιι

1985 1871 2034 1907 ι.
2067 1853 2205 1926 Quia
2219 1877 2241 1916 ;
2268 1854 2344 1906 sic
2369 1854 2548 1918 Tin-ic.
2581 1852 2723 1906 Flor.
2757 1853 2921 1908 CAR.

1906 1952 2033 1986 cum
2070 1932 2232 1985 Goth.
2270 1935 2416 1986 Jens.
2453 1948 2507 1987 et
2539 1931 2658 1987 edd.
2691 1945 2919 2007 posterr.

1908 2025 2033 2068 ante
2064 2012 2220 2077 Basil.
2259 2013 2418 2083 Quat,
2441 2014 2596 2066 Voss.
2633 2031 2678 2065 1.
2714 2012 2922 2085 Reliqui

1907 2110 2029 2162 qua.
2059 2087 2194 2164 Vide
2227 2092 2306 2156 n,
2341 2089 2437 2155 15,
2469 2089 2522 2143 6.
2556 2120 2626 2130 -
2648 2085 2787 2142 Vall.
2824 2088 2918 2141 lib.

1902 2170 2011 2222 BR.
2036 2186 2089 2240 7,
2109 2169 2172 2235 8,
2198 2184 2219 2222 1
2236 2186 2281 2235 ι,
2305 2168 2450 2243 quia.
2471 2170 2655 2223 Ceteri
2673 2187 2800 2241 qua.
2823 2170 2918 2222 En.

1978 2266 2026 2301 2.
2050 2248 2225 2315 Eum,
2249 2261 2317 2301 et.
2341 2247 2516 2301 Guelf.
2546 2250 2742 2300 omittit
2764 2259 2831 2300 et.

1973 2328 2026 2382 3.
2042 2327 2116 2380 Et
2127 2328 2382 2382 omnibus.
2402 2327 2564 2381 Goth.
2588 2328 2714 2400 (tac.
2733 2327 2919 2400 Gesn.)

1902 2423 2070 2474 exo„
2095 2409 2394 2459 cumVoss.
2424 2409 2489 2458 2.'
2536 2451 2549 2466 ,

1975 2483 2026 2552 4.
2041 2483 2301 2537 Revocare
2315 2484 2402 2536 ad.
2417 2486 2626 2550 Turio„
2642 2503 2682 2536 r.
2702 2476 2766 2537 af
2777 2484 2916 2557 (vide

1912 2562 2041 2634 118)
2059 2563 2157 2624 ad;
2178 2582 2208 2615 a
2233 2581 2339 2616 sec.
2362 2583 2525 2617 manu
2549 2582 2588 2615 r.
2612 2563 2914 2637 aliquosad.

1976 2633 2027 2690 5.
2056 2639 2341 2696 Severiora.
2366 2642 2545 2693 Turio.
2576 2640 2715 2696 Flor.
2745 2641 2810 2713 (a
2836 2661 2915 2716 pr.

1904 2736 2068 2769 manu
2104 2718 2367 2791 uterque)
2403 2720 2632 2782 severim·
2672 2741 2796 2774 mox
2832 2721 2920 2775 ille

1903 2814 2109 2862 severa,
2133 2810 2187 2849 et
2211 2798 2286 2849 sic
2310 2799 2471 2850 Cute.
2498 2797 2660 2850 Goth.
2686 2798 2919 2870 (tacente

1901 2874 2103 2946 Gesn..)
2117 2876 2380 2928 -Nostri
2394 2875 2917 2954 dantaliiseveviom,

1903 2952 1992 3005 alii
2013 2971 2200 3005 severa.
2223 2952 2377 3006 Solus
2396 2955 2457 3006 R.
2487 2970 2507 3005 ι
2524 2971 2570 3020 ι,
2590 2955 2808 3008 veriora.
2825 2958 2918 3008 En.

1970 3031 2025 3084 6.
2064 3031 2203 3082 Tum
2239 3043 2436 3084 autem.
2469 3032 2646 3085 Tur-ic.
2685 3034 2916 3088 Florem.

1904 3108 2175 3163 Guelferb.
2201 3111 2363 3184 Cain».
2380 3149 2398 3177 ‚
2424 3131 2578 3174 cum,
2607 3131 2731 3165 cum
2754 3113 2912 3168 Goth.

1904 3191 2060 3243 Voss.
2090 3210 2117 3244 τι
2143 3189 2265 3260 (err.
2286 3190 2489 3264 Burm.)
2508 3193 2654 3245 Jens.
2675 3193 2831 3246 Tarv.
2848 3222 2916 3233 —-

1904 3267 2104 3321 Eadem
2126 3271 2313 3322 nostri.
2338 3271 2432 3321 Eo.

1978 3365 2028 3418 7.
2045 3347 2165 3401 Hic.
2181 3349 2360 3400 Tui-ic.
2378 3347 2431 3419 (a
2445 3368 2525 3422 pr.
2542 3350 2728 3423 manu)
2745 3349 2914 3418 Hor„

1905 3423 2048 3478 huic.
2072 3456 2145 3466 -
2165 3427 2347 3479 Nostri
2370 3445 2553 3480 omnes
2579 3427 2682 3480 hic.
2702 3428 2796 3480 En.

1977 3505 2027 3558 8.
2061 3505 2244 3577 Quem.
2268 3505 2500 3559 Florem.
2526 3509 2588 3574 (a
2611 3525 2693 3578 pr.
2719 3507 2910 3579 manu)

1906 3592 2072 3646 Qut.
2100 3595 2369 3646 omittunt.

1976 3689 2029 3742 9
2067 3672 2317 3726 conabar.
2346 3672 2677 3740 Turieensis‚
2695 3673 2913 3727 Floren-

1905 3752 2077 3817 tinus,
2090 3752 2370 3805 Gothauus
2393 3753 2627 3823 (tacente
2651 3753 2910 3819 Gesnero·

1905 3833 2261 3903 posteriorum
2281 3845 2504 3905 uterque
2537 3851 2568 3885 ιι
2600 3834 2773 3906 prima
2799 3851 2910 3886 ma·

1905 3903 2004 3975 nu)
2029 3901 2192 3955 Ciu».
2206 3903 2488 3970 ‚conabum

1985 4004 2065 4042 ιο.
2087 3990 2348 4063 Proefern'.
2362 3991 2663 4046 Tur-icensis
2673 3991 2910 4064 perferre.

1905 4065 2247 4122 Florentinus
2265 4069 2532 4144 (asprime
2563 4070 2755 4142 manu)
2778 4085 2916 4143 pre-

1903 4145 2065 4222 ferre.
