3200 5159
810 480 956 561 »460
1394 482 1488 546 M.
1529 482 1757 549 FABu
1795 484 2356 566 QUINTlLlANl
2465 459 2478 463 ”

827 603 1352 702 quodammodo
1400 605 1732 679 mandata
1789 608 2087 707 perferet
2112 667 2132 701 ,
2187 632 2256 683 et
2305 638 2430 701 ea,
2487 637 2642 711 quae
2696 610 2823 683 sibi
2868 640 2904 684 a

816 718 1060 820 judice
1089 720 1275 792 credi
1305 720 1774 820 postulaturus
1812 743 1947 815 est,
1987 723 2215 797 aliena
2244 726 2382 798 fide
2420 726 2638 817 dicet;
2681 729 2904 826 etipse

823 833 1254 934 litigantium
1306 836 1670 911 auxiliator
1728 838 1960 938 egebit
2010 841 2265 914 auxilio
2296 855 2342 914 ¹.
2388 841 2605 933 Quod
2645 861 2721 913 ut
2769 842 2904 914 fieri

824 976 1345 1052 nonnunquam
1369 953 1641 1026 minore
1671 953 2124 1029 incommodo
2157 958 2401 1057 possit,
2428 986 2655 1059 quum
2685 958 2905 1031 'domi

824 1105 987 1158 Cntr.
1017 1108 1079 1158 In
1109 1106 1324 1178 vulgata
1349 1110 1485 1162 sicut
1514 1120 1566 1161 et
1594 1122 1839 1181 transpo-

824 1200 959 1238 nunt
995 1187 1163 1240 Stoer.
1188 1186 1414 1241 Chouet.
1438 1187 1586 1241 Leid.
1612 1188 1835 1242 Gibson.

823 1265 998 1318 Burm.
1021 1267 1319 1338 Capperon.
1352 1284 1515 1338 quum
1538 1270 1594 1319 in
1623 1269 1838 1320 minutis

822 1341 969 1397 hisce
991 1344 1217 1416 plurima
1243 1345 1453 1398 turbata
1479 1348 1612 1412 sint,
1639 1359 1839 1398 rectam

820 1425 1079 1475 rationem
1115 1441 1349 1477 servasse
1376 1422 1585 1476 videtur
1607 1424 1838 1496 Campa-

823 1520 923 1560 nus
956 1503 1065 1574 (et,
1090 1501 1262 1575 ursit,
1288 1515 1427 1557 certa
1450 1521 1568 1577 quoe
1595 1504 1653 1554 in
1675 1523 1721 1556 c.
1744 1504 1833 1577 s.).

819 1581 941 1649 Qua
984 1584 1240 1653 scriptura
1288 1583 1514 1636 admissa
1555 1585 1837 1657 participia

820 1663 920 1714 ista
964 1674 1047 1713 sat
1094 1681 1375 1716 numerosa
1394 1702 1413 1731 ,
1459 1678 1516 1716 ut
1548 1676 1834 1737 precepta,

821 1742 1104 1812 composita
1120 1782 1139 1810 ,
1165 1746 1303 1795 sicut
1318 1756 1369 1796 et
1384 1762 1507 1795 mox
1520 1754 1686 1809 certa,
1705 1745 1840 1795 acci-

819 1822 1034 1891 piantur
1075 1840 1174 1893 pro
1203 1821 1506 1875 nominibus
1548 1822 1837 1875 substanti·

819 1902 926 1967 vis,
968 1903 1178 1976 cognita
1204 1915 1411 1970 autem,
1452 1916 1721 1974 tamquam
1745 1922 1838 1955 ve·

820 1998 937 2032 rum
984 1983 1319 2053 participium
1343 2021 1360 2049 ,
1419 1981 1719 2054 applicetur
1761 1981 1838 2034 illi

818 2069 972 2114 certa.
1005 2081 1028 2105 ιι
1044 2062 1179 2112 Fieri
1201 2072 1382 2132 potest
1402 2062 1514 2113 sine
1540 2077 1733 2132 magno
1755 2062 1838 2112 in-

824 2137 1150 2192 «commodo
1174 2177 1191 2204 ,
1240 2151 1302 2191 ut
1357 2137 1529 2191 aliena
1554 2175 1571 2205 ,
1632 2138 1837 2211 sibique

825 2242 848 2266 ιι
870 2217 1081 2272 aliunde
1105 2217 1325 2284 tradita,
1362 2220 1681 2292 pronunciet
1715 2238 1839 2271 ora-

824 2320 846 2344 ιι
867 2310 951 2349 tor
962 2311 1221 2368 quatenus
1234 2316 1351 2369 quae
1367 2315 1396 2348 a
1411 2296 1673 2368 litigatore
1688 2295 1836 2350 domi

823 2395 846 2421 ιι
862 2385 1118 2449 proecepta
1142 2399 1164 2423 ιι
1208 2373 1230 2444 (
1250 2378 1324 2428 sic
1363 2374 1616 2428 dicuntur
1635 2412 1652 2438 ,
1696 2393 1836 2447 quo-

816 2458 958 2507 niam
976 2454 1205 2507 discente
1220 2467 1451 2527 patrono
1467 2455 1710 2528 pmcipit
1728 2454 1835 2507 liti·

817 2532 1001 2603 flator)
1047 2535 1324 2603 naec-epit,
1359 2546 1413 2585 et
1433 2532 1745 2604 composita,
1779 2531 1836 2584 id

826 2635 849 2659 ι
871 2626 979 2676 est,
1007 2609 1253 2664 condicta
1269 2649 1287 2678 ‚
1310 2614 1436 2664 item
1465 2622 1607 2664 certa
1627 2629 1751 2684 quoe
1778 2613 1834 2665 in

823 2715 845 2738 ιι
865 2710 1021 2744 causa
1044 2703 1194 2757 sunt,
1224 2690 1280 2742 id
1305 2704 1411 2758 est,
1436 2701 1644 2762 partem
1666 2709 1835 2745 causoe

823 2793 846 2817 ι
866 2767 1005 2822 nulli
1035 2769 1348 2821 dubitationi
1378 2770 1656 2822 obnoxiam
1683 2769 1833 2840 (vide

824 2872 847 2897 ι
868 2851 941 2915 11,
980 2849 1042 2916 4,
1070 2847 1309 2914 333111,
1332 2847 1407 2914 4,·
1433 2847 1496 2911 83
1530 2847 1629 2912 111,
1654 2846 1715 2913 5,
1740 2846 1831 2921 3),

823 2954 846 2976 ιι
866 2948 1026 3002 quam
1048 2926 1221 2999 probe
1245 2929 1322 2992 ei,
1350 2939 1409 2978 ut
1432 2925 1542 2978 fleri
1562 2926 1727 2992 solet,
1746 2929 1831 2978 in-

823 3031 847 3054 «
867 3007 1094 3061 culcavit
1117 3006 1376 3077 litigator,
1403 3018 1666 3077 quatenus
1690 3005 1830 3074 hec,

825 3111 847 3134 ιι
866 3089 1109 3160 inquam,
1137 3085 1309 3156 judici
1339 3095 1629 3156 exponet.»
1658 3084 1833 3138 Habet

819 3185 944 3219 sane
966 3165 1096 3217 illud
1121 3176 1181 3217 ut
1192 3162 1270 3237 fit
1291 3164 1624 3237 aliquantum
1644 3164 1833 3218 obscu-

815 3248 983 3298 ritatis
999 3283 1017 3312 ,
1061 3247 1197 3298 sitne
1242 3242 1311 3296 ad
1347 3244 1557 3317 cognita
1601 3244 1831 3296 referen-

813 3324 973 3390 dum,
1003 3326 1139 3376 sicut
1173 3322 1347 3374 adhuc
1370 3324 1485 3392 ipse
1512 3324 1829 3393 interpreta-

817 3415 903 3454 tus
919 3419 1034 3452 sum
1047 3439 1064 3467 ,
1083 3419 1149 3452 an
1172 3399 1237 3451 ad
1259 3399 1500 3471 perferet.
1519 3404 1578 3454 In
1595 3400 1697 3452 hac
1712 3403 1827 3472 qui-

816 3480 939 3533 dem
962 3483 1166 3533 ratione
1190 3479 1301 3531 fieri
1331 3479 1490 3549 vulgo
1519 3480 1660 3533 dicet
1687 3484 1830 3534 Nos-

818 3572 923 3626 ter,
948 3573 1006 3612 ut
1026 3572 1162 3613 certa
1179 3562 1231 3610 in
1248 3577 1434 3624 cansa,
1448 3578 1623 3632 neque
1639 3579 1828 3632 mag-na

810 3639 1177 3711 jurisconsulti
1192 3638 1425 3690 sollertia
1442 3639 1675 3691 eruenda
1688 3679 1704 3707 ,
1719 3659 1830 3693 ver-

815 3720 949 3773 bose
983 3731 1211 3771 tractent
1254 3731 1490 3771 oratores
1538 3718 1624 3770 illi·
1646 3738 1675 3771 a
1699 3723 1833 3792 juris

817 3797 982 3851 civilis
1008 3799 1227 3849 scientia
1254 3794 1427 3850 alieni.
1466 3817 1489 3841 ιι
1512 3797 1784 3869 Quidquid
1802 3818 1832 3851 a

823 3901 846 3926 ι
867 3878 1096 3931 docente
1128 3876 1389 3945 litigatore
1419 3879 1704 3930 resciscere
1731 3898 1833 3950 po-

825 3983 848 4006 ·
869 3972 968 4010 test
986 3972 1268 4029 patronus,
1294 3955 1348 4008 id
1362 3956 1574 4028 quidem
1595 3970 1679 4009 sat
1693 3958 1829 4011 bene

826 4059 849 4083 ι
870 4036 1073 4087 orando
1103 4034 1524 4102 commendabit,
1561 4036 1647 4088 vel
1685 4037 1831 4091 nulla

826 4115 997 4183 «juris
1033 4116 1219 4185 peritia
1254 4112 1503 4183 adjutus:
1530 4113 1625 4167 sed
1667 4130 1829 4187 quota

790 4229 795 4235 .
827 4216 850 4240 ι
870 4191 983 4244 hec
1008 4209 1130 4265 pars
1156 4205 1236 4244 est
1270 4193 1326 4244 in
1364 4205 1474 4245 tota
1508 4195 1719 4247 actione
1748 4194 1829 4251 di-

1924 1112 2334 1165 «ncendorum‘r'
2383 1111 2576 1187 [Hauc
2609 1114 2706 1165 viri
2738 1113 2910 1185 optimi
2953 1145 2964 1162 ,

1918 1188 2456 1259 demonstrationem,
2501 1210 2604 1284 qua
2640 1190 2771 1244 mihi
2808 1192 2910 1262 qui·

1918 1265 2039 1318 dem
2058 1270 2274 1321 minime
2290 1273 2579 1342 persuasit,
2601 1289 2833 1342 premere
2847 1283 2912 1322 ta·

1917 1364 2038 1398 men
2057 1347 2207 1400 nefas
2230 1347 2381 1411 duxi3
2405 1350 2527 1415 etsi,
2549 1348 2697 1422 quod
2714 1348 2913 1401 volebat

1917 1422 2086 1491 idem,
2109 1426 2343 1497 recipere
2365 1428 2421 1478 in
2446 1439 2646 1479 textum
2669 1427 2912 1498 Campani

1915 1504 2230 1575 scripturam
2241 1524 2349 1558 non
2358 1507 2602 1559 sustinui.
2612 1506 2751 1558 Nam
2761 1525 2915 1578 quum

1917 1585 2074 1636 toties
2104 1584 2351 1637 similium
2386 1605 2577 1639 vocum
2609 1586 2914 1638 confusione

1916 1676 2198 1733 peccatum
2220 1665 2287 1716 sit
2308 1668 2365 1717 in
2391 1666 2767 1739 antiquissimis
2793 1663 2911 1730 illis,

1917 1740 2044 1794 levis
2070 1761 2196 1796 sane
2229 1763 2374 1796 error
2400 1758 2510 1796 erat
2529 1740 2606 1815 fit
2631 1754 2692 1796 ut
2727 1744 2913 1796 facien—

1918 1821 2047 1872 tium
2073 1840 2136 1874 cx
2150 1821 2242 1874 illo
2259 1823 2418 1887 sicut,
2445 1836 2497 1875 et
2519 1834 2658 1875 certa
2684 1842 2714 1875 e
2731 1833 2912 1884 oeten,-

1917 1898 2300 1970 manifestaque
2328 1899 2488 1973 hujus
2516 1904 2785 1974 scripture
2807 1920 2912 1953 cor-

1916 1988 2124 2028 rectura
2150 1990 2228 2029 est
2246 1978 2381 2031 illud
2402 1979 2550 2051 quod
2567 1981 2620 2031 in
2650 1979 2764 2032 sola
2789 1982 2915 2051 priu-

1918 2056 2023 2126 cipi
2048 2055 2278 2109 editione
2303 2054 2508 2128 legitur.
2529 2058 2726 2111 Sensus
2749 2071 2914 2110 autem

1915 2132 2136 2204 vulgatae
2151 2133 2280 2185 mihi
2290 2135 2504 2205 quidem
2517 2135 2801 2208 impeditus
2815 2153 2914 2187 non

1914 2211 2136 2266 videtur.
2170 2214 2334 2265 «Non
2362 2232 2554 2285 magno
2581 2213 2912 2267 incommodo

1921 2293 2076 2346 «haec
2113 2295 2298 2370 etiam,
2339 2312 2453 2365 quae
2487 2307 2611 2347 sunt
2635 2313 2666 2347 e
2699 2300 2817 2368 jure
2845 2298 2916 2348 ci—

1923 2372 2056 2424 «vili
2088 2372 2346 2444 petenda,
2384 2373 2528 2425 domi
2562 2393 2591 2426 a
2615 2378 2913 2448 jurisperito

1923 2464 2228 2524 apraecepta
2249 2467 2303 2504 et
2329 2456 2625 2545 composita
2658 2454 2811 2526 (vide
2827 2455 2915 2520 JV,

1923 2548 1992 2583 ιιι
2010 2569 2026 2598 ,
2041 2529 2140 2602 54)
2158 2543 2210 2583 et
2224 2550 2348 2583 cum
2361 2533 2586 2598 caeteris,
2611 2551 2730 2603 quae
2744 2536 2796 2586 in
2808 2536 2913 2605 ipss

1921 2633 1944 2657 ιι
1964 2628 2126 2664 causa
2163 2626 2314 2679 sunt,
2347 2613 2400 2663 in
2430 2612 2688 2666 discendo
2714 2616 2915 2684 cognita

1920 2711 1943 2735 ιι
1965 2689 2034 2741 ad
2066 2689 2299 2760 judicem
2341 2691 2587 2762 perferet.
2613 2714 2636 2738 ιι
2677 2691 2874 2744 Burni.
2896 2687 2916 2762 ]

1913 2768 2198 2841 Perfer-ret,
2223 2772 2496 2822 Tur-icens.
2522 2769 2665 2822 Flor.
2690 2770 2913 2843 Perfert,

1910 2847 2090 2901 Ambr.
2121 2865 2148 2900 a
2164 2888 2181 2917 ,
2203 2867 2323 2900 cum
2348 2847 2509 2901 Goth.
2534 2852 2692 2902 Voss.
2718 2868 2778 2916 2,
2802 2847 2916 2908 Ald.

1912 2928 2162 2999 Proefert,
2187 2928 2363 2983 Guelf.
2389 2928 2513 2981 Exc.
2540 2928 2689 2982 sant.
2719 2931 2784 2980 In
2818 2929 2912 2995 his,

1911 3008 2072 3060 Cant».
2093 3010 2389 3061 Pronomen
2416 3008 2667 3059 omittunt
2691 3005 2850 3060 Goth.
2868 3018 2917 3059 et

1911 3087 2032 3140 edd.
2058 3086 2171 3141 rell.
2200 3101 2321 3141 ante
2346 3087 2463 3140 Ald.
2496 3088 2913 3159 Quoesitionibus,

1909 3167 2048 3220 Flor.
2074 3168 2195 3238 Ipsa
2215 3168 2565 3221 sanctionibus
2587 3169 2760 3232 nasci,
2781 3166 2912 3219 Flor.

1912 3247 2002 3318 qui
2019 3257 2071 3298 et
2094 3263 2216 3297 mox
2237 3264 2344 3297 non
2371 3248 2562 3298 omittit
2575 3283 2592 3310 ,
2611 3246 2705 3298 sed
2731 3244 2914 3298 lacuna

1909 3322 2109 3376 relicta.
2144 3325 2410 3396 Respectet
2442 3325 2541 3377 nisi
2571 3323 2788 3378 subselli
2817 3343 2912 3391 m.,

1907 3403 2084 3455 Turic.
2117 3402 2257 3456 Flor.
2291 3402 2410 3474 (hic
2441 3402 2655 3476 quidem
2684 3402 2910 3474 subu-11⁶).

1906 3481 1981 3532 Re
2000 3491 2191 3552 spectet
2212 3482 2347 3533 inter
2365 3501 2403 3534 s.
2425 3501 2495 3532 m.
2508 3521 2528 3548 ,
2552 3482 2719 3535 Cnn’.

1987 3577 2031 3613 t.
2064 3562 2254 3634 Egebit
2277 3560 2493 3613 auxilio.
2523 3560 2722 3614 Similia
2756 3559 2914 3612 habes

1907 3642 2005 3704 vt,
2034 3639 2098 3706 4,
2123 3639 2184 3704 6,
2206 3656 2266 3709 7,
2291 3640 2412 3708 ubi,
2436 3652 2495 3691 ut
2517 3657 2641 3691 mox
2669 3639 2761 3693 hic
2790 3657 2914 3712 quo·

1913 3738 2043 3793 que,
2068 3720 2304 3772 minores.

1986 3818 2033 3851 α.
2063 3798 2238 3868 Quum
2255 3798 2456 3851 domi...
2481 3797 2918 3870 adjudicemper-

1903 3877 2058 3950 feret.
2093 3875 2225 3928 Vide
2261 3891 2443 3929 notam
2475 3877 2510 3944 4
2551 3895 2733 3947 supra.
2776 3873 2914 3943 Quid

1909 3960 1976 4010 sit
2006 3974 2212 4009 causam
2244 3956 2432 4008 discere
2449 3993 2466 4021 ,
2501 3975 2622 4007 mox
2652 3953 2917 4008 enarrabit

1909 4038 2104 4089 Noster
2121 4039 2310 4107 capite
2352 4034 2510 4105 hujus
2547 4033 2666 4087 libri
2703 4047 2909 4086 octavo.

1907 4116 2043 4168 Vide
2077 4113 2252 4178 lib.V,
2275 4133 2393 4186 cap.
2423 4131 2453 4185 7
2470 4152 2488 4181 ,
2514 4110 2559 4186 §.
2588 4128 2648 4184 73
2673 4112 2778 4187 lib.
2796 4113 2914 4176 vu,

1912 4212 2028 4266 cap.
2064 4210 2082 4244 t
2101 4230 2119 4259 ,
2145 4190 2191 4263 §.
2215 4192 2265 4259 4.
2873 4233 2880 4244 .
