3200 5159
836 440 956 520 104
1299 477 1308 486 ·
1390 449 1484 517 M.
1523 455 1752 523 FABII
1791 461 2351 545 QUINTILIANI

823 559 956 634 hoc
978 577 996 608 ¹
1043 590 1250 664 opere
1302 572 1605 649 Platonis
1656 584 1950 659 aemulus
2001 591 2249 663 exstitit
2277 620 2292 664 z
2328 596 2691 694 egregius²
2718 623 2921 690 vero,

820 675 1220 778 multoque,
1251 712 1464 783 quam
1499 692 1571 763 in
1606 696 2028 772 orationibus
2048 701 2101 793 ³,
2138 709 2562 804 praestantior
2594 709 2918 801 wactas,

818 791 1096 865 suffecit
1114 794 1143 840 ⁵
1178 801 1517 896 ponderi⁶
1542 834 1810 900 rerum3
1842 816 2010 887 scias
2035 845 2201 891 eum
2232 823 2515 916 sentire,
2545 853 2703 925 quae
2727 828 2916 900 dicit.

818 1055 926 1137 Qui
952 1072 1041 1122 ubi
1056 1110 1074 1138 ,
1101 1077 1314 1142 Turie.;
1343 1083 1433 1136 sed
1462 1104 1492 1136 a
1520 1105 1627 1139 sec.
1665 1109 1823 1143 manu

813 1156 876 1196 ut
897 1149 1103 1221 ubique.
1128 1155 1290 1209 Goth.
1316 1159 1451 1228 (tac.
1478 1165 1674 1236 Gesn.)
1696 1187 1746 1242 q.
1774 1184 1826 1223 et

812 1225 1005 1298 ubique
1031 1228 1113 1299 (et
1143 1253 1238 1305 pro
1267 1239 1422 1290 etiam
1455 1243 1510 1294 ἰη
1542 1244 1639 1297 hoc
1668 1266 1822 1315 mox,

809 1305 936 1357 item
954 1321 1053 1360 tac.
1071 1312 1228 1366 Gesn.
1242 1353 1260 1382 ,
1279 1330 1328 1370 et
1349 1318 1404 1371 t'n
1425 1319 1549 1389 hoc,
1572 1324 1672 1377 sibi
1692 1345 1819 1380 con·
1864 1357 1881 1370 ο

687 1405 704 1414 ss
810 1384 978 1456 stans)
1001 1407 1122 1440 cum
1149 1397 1299 1447 Voss.
1331 1415 1379 1449 2.
1409 1398 1510 1452 Sed
1540 1404 1737 1472 Caum,
1763 1427 1815 1481 q.

810 1475 871 1515 ut
893 1465 1107 1538 ubique,
1135 1485 1187 1523 et
1211 1475 1285 1526 sic
1304 1476 1522 1547 reliqui,
1540 1483 1593 1533 in
1615 1500 1717 1553 qua
1738 1504 1820 1536 ra-

807 1541 954 1594 tione
989 1564 1174 1615 parum
1213 1565 1360 1621 grate
1397 1556 1715 1613 subauditur
1748 1574 1824 1616 est

806 1621 874 1671 ad
891 1622 1043 1674 idem.
1060 1656 1131 1665 —
1146 1630 1340 1684 Eadem
1357 1641 1553 1702 nostri3
1571 1656 1818 1710 praeterea

806 1699 954 1753 aolus
979 1706 1144 1772 Fran,
1163 1710 1259 1779 qui
1284 1714 1590 1790 ubicunque.
1618 1722 1711 1774 En'.

888 1797 933 1831 ι.
967 1782 1146 1836 Etiam
1185 1788 1240 1838 in
1281 1791 1394 1845 hoc.
1433 1796 1569 1851 Leve
1601 1817 1728 1852 sane
1761 1804 1817 1855 in

805 1855 909 1911 hac
939 1864 1179 1917 oratione
1200 1870 1381 1922 vitium
1400 1912 1416 1940 ,
1441 1879 1591 1944 quasi
1618 1879 1816 1953 ubique

804 1932 1041 1991 Platonis
1060 1945 1282 1998 maxime
1296 1952 1514 2006 aemulus
1529 1957 1596 2007 sit
1609 1958 1813 2013 Cicero.

808 2012 910 2065 Sed
945 2014 1048 2069 hoc
1082 2035 1142 2072 ut
1165 2025 1416 2080 vitaretur
1446 2031 1685 2104 longiore
1718 2056 1816 2090 an—

803 2092 978 2146 fractu
1002 2116 1138 2167 opus
1163 2117 1290 2157 erat.
1313 2106 1516 2183 Nempe
1536 2127 1596 2164 ut
1617 2114 1814 2189 ubique

802 2171 1102 2228 Graecorum
1114 2190 1525 2251 praestantissimi
1537 2195 1814 2268 cujusque,

802 2250 875 2302 ita
901 2254 956 2304 in
979 2253 1085 2306 hoc
1110 2267 1272 2330 opere
1295 2265 1544 2321 Platonis.

879 2347 926 2382 a.
952 2333 1220 2405 Eqreqt'us.
1237 2379 1248 2391 .
1265 2380 1275 2391 .
1301 2344 1505 2400 Brutus.
1536 2350 1686 2415 Hoc,
1717 2354 1813 2405 etsi

803 2403 1052 2477 iniquior,
1075 2413 1290 2471 Tacitus
1320 2427 1561 2492 agnoscit
1582 2428 1717 2480 Dial.
1745 2419 1813 2483 de

802 2482 974 2538 Oratt.
1017 2503 1076 2541 21
1104 2513 1118 2544 z
1164 2514 1186 2538 σι
1209 2496 1424 2552 Brutum
1461 2503 1811 2579 philosophiae

807 2580 831 2606 σι
854 2579 960 2616 suae
992 2568 1367 2643 relinquamus.
1397 2581 1534 2633 Nam
1552 2621 1566 2647 ,
1597 2587 1652 2640 in
1674 2589 1811 2640 Ora-

808 2657 830 2683 «-
855 2641 1085 2698 tionibus
1106 2653 1360 2705 minorem
1386 2677 1499 2711 esse
1522 2660 1662 2714 Fama
1686 2683 1808 2733 sua,

806 2737 830 2761 α
852 2719 1005 2772 etiam
1024 2725 1367 2785 admiratores
1383 2739 1496 2806 ejus
1511 2738 1759 2795 fatentur.
1777 2768 1800 2793 υ

800 2796 931 2850 vide
950 2798 1037 2852 hic
1057 2803 1198 2858 Brut.
1222 2810 1271 2875 Ι,
1291 2827 1378 2881 97;
1400 2814 1464 2865 de
1483 2816 1652 2870 Finib.
1677 2822 1728 2886 1,
1751 2821 1804 2874 3.

869 2877 921 2929 3.
962 2882 1306 2942 Orationibus.
1346 2892 1645 2965 Guelferb.,
1684 2918 1804 2951 ora-

795 2957 1001 3012 toribus.

867 3038 918 3104 4.
937 3039 1135 3094 Brutus.
1153 3045 1249 3096 Hic
1264 3046 1661 3123 philosophiam
1677 3058 1804 3108 stoi-

794 3131 912 3167 cam
941 3131 1171 3173 sectatus
1200 3138 1309 3192 est,
1333 3128 1386 3178 in
1412 3147 1579 3202 eaque
1602 3131 1799 3187 multos

792 3191 956 3247 libros
978 3200 1211 3270 scripsit,
1238 3218 1297 3255 ut
1319 3204 1567 3279 colligere
1591 3210 1714 3265 licet
1738 3232 1800 3265 ex

792 3274 944 3343 epist.
972 3274 1039 3327 ad
1061 3282 1312 3334 Atticum.
1334 3287 1498 3339 Tum«.

862 3351 912 3404 5.
941 3354 1184 3428 Suffecit.
1216 3363 1323 3415 RR.
1357 3382 1446 3434 to,
1473 3384 1562 3437 12,
1583 3367 1795 3442 sufficit.

788 3432 947 3486 Male.
973 3438 1067 3488 En.

856 3514 910 3566 6.
945 3517 1189 3573 Ponden‘.
1220 3522 1397 3576 Turic.
1432 3526 1570 3579 Flor.
1608 3527 1731 3601 (hic
1765 3551 1795 3585 a

782 3609 865 3663 pr.
889 3595 1073 3666 manu)
1092 3601 1348 3669 pondere,
1374 3622 1494 3655 cum
1519 3605 1656 3660 Alm.

858 3686 904 3739 7.
931 3672 1058 3724 Non
1078 3694 1264 3748 parum
1292 3679 1476 3735 multa.
1503 3684 1796 3741 Almelove-

781 3765 910 3801 num
943 3752 1111 3805 multa
1137 3756 1402 3812 volentem
1436 3763 1620 3818 tollere
1648 3783 1793 3822 recte

780 3831 998 3883 revincit
1015 3835 1344 3891 Burmannus
1356 3878 1374 3905 ,
1389 3843 1676 3899 amandans
1692 3847 1797 3901 lec·

775 3920 946 3961 torem
983 3911 1053 3964 ad
1078 3915 1181 3980 Vl,
1217 3935 1243 3967 a
1263 3956 1279 3984 ,
1313 3917 1344 3969 3
1362 3959 1378 3980 ,
1407 3920 1500 3974 ubi
1533 3929 1789 3999 exemplis

664 920 781 989 -124
814 907 1096 1007 Scripsit
1123 939 1554 1018 non-parum
1586 928 1857 1001 multa⁷
1896 933 2250 1009 Cornelius
2276 938 2569 1029 ‘’Celstae,
2603 944 2921 1017 9Sextios

1905 1106 1999 1146 tus.
2037 1119 2060 1143 ι
2081 1100 2261 1152 Duo...
2292 1101 2508 1154 fuerunt
2533 1103 2710 1158 Sextii.
2741 1105 2812 1172 Q.
2834 1107 2915 1156 vi-

1907 1198 1930 1222 «
1952 1174 2144 1230 delicet
2175 1181 2378 1233 Sextius
2410 1196 2578 1253 pater,
2608 1185 2701 1256 qui
2728 1203 2756 1235 a
2788 1183 2913 1236 divo

1908 1278 1931 1301 ιι
1949 1256 2095 1307 sulio
2117 1257 2282 1314 latum
2309 1260 2513 1314 clavum
2542 1264 2642 1316 sibi
2670 1263 2913 1316 oblatum

1906 1353 1928 1376 a·
1950 1338 2238 1399 recusavit,
2275 1349 2323 1388 et
2358 1340 2470 1408 ejus
2504 1340 2675 1404 filius,
2703 1340 2770 1393 de
2800 1360 2910 1414 quo

1905 1434 1928 1457 ι
1950 1412 2004 1462 Β.
2035 1414 2385 1489 Hieronymus
2415 1437 2555 1472 anno
2586 1439 2694 1491 quo
2724 1420 2913 1473 Chris-

1905 1512 1929 1537 ι
1950 1504 2059 1542 tum
2104 1509 2282 1546 natum
2326 1498 2485 1550 tradit
2501 1537 2519 1560 ,
2559 1498 2675 1552 haec
2711 1502 2875 1552 refert
2894 1523 2909 1553 ε

1906 1591 1929 1616 ιι
1947 1570 2153 1625 Sextius
2174 1573 2549 1648 Pflhaqoricus
2565 1578 2912 1651 philosophus

1904 1669 1927 1693 ι
1950 1650 2190 1702 nascitur.
2230 1653 2556 1721 Senior-um,
2595 1669 2786 1726 praeter
2816 1658 2912 1710 Se-

1903 1750 1926 1773 ·
1946 1745 2132 1779 necam
2151 1730 2206 1781 in
2226 1729 2476 1802 Epistolis
2497 1747 2550 1785 et
2572 1734 2716 1786 libris
2739 1734 2808 1787 de
2832 1737 2909 1787 ira

1902 1827 1925 1850 α
1946 1824 2117 1876 saepe,
2143 1821 2195 1859 et
2227 1827 2346 1879 cap.
2386 1810 2478 1864 ult.
2506 1812 2598 1864 lib.
2629 1814 2719 1865 vn
2751 1827 2909 1866 natu-

1902 1905 1925 1930 ·
1948 1885 2131 1938 talium
2148 1890 2518 1958 quaestionum,
2534 1892 2907 1959 meminitQu.,

1901 1985 1924 2010 ι
1945 1983 1991 2015 c.
2017 1980 2063 2031 1,
2082 1964 2171 2017 lib.
2196 1967 2260 2017 X.
2284 1991 2305 2014 υ
2331 1970 2581 2023 Nicolaus
2608 1972 2808 2036 Faber,
2838 1972 2911 2043 ad

1895 2042 2078 2095 Senec.
2101 2059 2236 2114 patr.
2257 2047 2508 2100 Controv.
2524 2088 2542 2114 ,
2566 2050 2601 2102 l.
2629 2053 2701 2114 11,
2724 2054 2908 2119 praefi,

1895 2140 1950 2191 p.
1976 2122 2045 2191 98
2068 2122 2186 2194 (ed.
2212 2128 2373 2179 Paris.
2403 2128 2568 2195 ¹613,
2596 2130 2740 2203 fol.)
2769 2132 2905 2185 Vide

1896 2214 1947 2251 et
1962 2203 2020 2252 F.
2038 2203 2099 2253 A.
2112 2202 2367 2256 Wolfium
2388 2207 2455 2258 ad
2471 2208 2686 2260 Sueton.
2706 2208 2901 2266 Illum.

1893 2278 2123 2332 Gramm.
2153 2284 2242 2348 18,
2263 2298 2315 2336 et
2334 2286 2559 2339 Fabricii
2576 2287 2709 2339 Bibl.
2731 2290 2899 2342 Graxa

1895 2358 1963 2409 ab
1992 2358 2202 2412 Harlete
2230 2375 2438 2414 auctam
2455 2401 2471 2429 ,
2495 2363 2599 2415 vol.
2630 2367 2687 2430 1,
2713 2384 2769 2436 p.
2796 2367 2904 2437 870

1894 2452 2040 2506 seqq.
2053 2434 2145 2488 lue
2156 2437 2361 2518 Sengcae
2372 2442 2423 2491 in
2437 2454 2638 2513 quaestt.
2652 2445 2901 2497 naturali.

1892 2512 2039 2566 locus
2061 2514 2148 2567 hic
2173 2530 2281 2569 est:
2314 2543 2337 2566 ιι
2357 2519 2651 2573 Sextiorum
2675 2541 2815 2576 nova
2847 2538 2902 2577 et

1896 2614 1917 2637 ιι
1938 2595 2143 2645 romani
2160 2595 2382 2649 'roboris
2414 2611 2554 2650 secta
2587 2601 2726 2652 inter
2750 2602 2900 2654 initia

1893 2693 1915 2717 ι
1935 2689 2060 2739 sua,
2077 2692 2235 2745 quum
2257 2693 2450 2747 magno
2479 2679 2683 2749 impetu
2704 2684 2903 2752 corpis·-

1895 2770 1918 2795 κ
1938 2766 2045 2816 set,
2076 2755 2329 2807 exstincta
2355 2769 2450 2808 est.
2473 2781 2495 2806 ιι
2524 2758 2660 2811 Vide
2690 2774 2741 2812 et
2770 2761 2900 2813 Plu-

1888 2831 2054 2881 tarch.
2076 2832 2346 2901 Quomodo
2359 2836 2547 2889 sentias
2567 2846 2614 2888 te
2622 2837 2894 2911 proficere,

1884 2926 1939 2978 p.
1961 2925 2043 2980 77.
2066 2911 2205 2963 Loca
2225 2911 2292 2964 de
2312 2915 2485 2968 Sentio
2504 2913 2731 2985 plut-ima
2750 2919 2896 2990 apud

1884 2985 2135 3039 Senecam
2159 2991 2392 3043 invenies
2415 2995 2468 3043 in
2494 2993 2673 3046 Indice
2692 2997 2776 3048 ed.
2799 3000 2893 3050 Pa-

1882 3067 1969 3117 ris.
2000 3065 2158 3130 1613,
2184 3067 2280 3119 fol.
2305 3070 2506 3122 Horum
2532 3073 2688 3140 igitur
2710 3073 2891 3145 pbilo-

1882 3143 2172 3215 sophorum
2188 3162 2402 3212 sectam,
2412 3148 2718 3223 Pythagorae
2732 3171 2891 3205 aemu-

1880 3220 2011 3286 lam,
2033 3225 2240 3295 scriptis
2260 3228 2548 3295 exprimere
2567 3243 2791 3282 conatus
2811 3245 2889 3284 est

1879 3302 1954 3363 is,
1986 3303 2075 3371 qui
2109 3306 2279 3356 omnis
2310 3306 2422 3358 fere
2454 3303 2708 3360 doctrinae
2738 3328 2887 3361 com·

1877 3384 2161 3435 mentarios
2201 3382 2397 3435 adorna
2406 3387 2476 3437 vit
2514 3385 2717 3440 Celsus.
2756 3387 2884 3441 Vide

1876 3456 2066 3522 lib..11‚
2091 3479 2209 3533 cap.
2240 3462 2331 3529 15,
2351 3466 2403 3532 S.
2434 3481 2516 3517 υ.

1947 3553 1999 3607 9.
2013 3540 2215 3594 Sextios
2224 3564 2243 3601 ,·
2259 3543 2334 3593 sic
2349 3544 2526 3594 Turic.
2542 3541 2682 3595 Flor.
2705 3544 2877 3597 Guelf.

1874 3615 2036 3667 Cnn’.
2069 3635 2190 3669 eum
2218 3619 2349 3672 Cod.
2380 3624 2747 3692 antiquissimo
2776 3626 2879 3677 Da·

1873 3695 2022 3747 nielis
2034 3696 2173 3766 (vide
2182 3701 2270 3765 V1,
2285 3716 2312 3750 2
2327 3738 2344 3766 ,
2367 3717 2384 3751 ι
2404 3701 2453 3772 ι)
2469 3714 2602 3754 teste
2616 3703 2735 3755 Nic.
2749 3705 2791 3756 F
2792 3703 2875 3755 ab.

1873 3769 2021 3842 (vide
2046 3789 2138 3827 not
2170 3780 2402 3847 sapen).
2435 3778 2595 3832 Goth.
2628 3784 2781 3834 νοῦς.
2818 3800 2876 3846 2,

1875 3844 2023 3905 Bem.
2044 3867 2096 3906 ct
2111 3855 2232 3908 edd.
2247 3873 2367 3911 aute
2378 3857 2496 3910 Ald.
2511 3861 2736 3927 Sextius,
2747 3863 2872 3913 Tur.

1871 3947 1901 3982 a
1931 3950 2037 3983 sec.
2068 3952 2138 3984 m.
2161 3936 2236 3986 Ex
2255 3936 2392 3988 Alm.
2429 3938 2653 3991 affertur
2673 3940 2870 3993 Sextus.

774 3985 1130 4044 Ciceronianis
1172 3993 1412 4051 defendit
1459 4020 1614 4055 usum
1660 4024 1789 4060 nos-
1868 4010 2646 4087 Ald.Rad.,Sceptios.EVoss.
2670 4021 2878 4092 t,Scep-

776 4076 932 4118 tum.

1867 4091 1982 4141 tior.
2022 4091 2064 4141 E
2104 4093 2257 4145 Voss».
2301 4095 2334 4148 3
2357 4131 2373 4161 ,
2406 4097 2627 4150 scectios.
2671 4098 2876 4168 Reliqui

791 4162 800 4170 ’
845 4146 893 4198 Β.
920 4147 1185 4205 cornelius
1208 4143 1403 4226 Celsus,
1422 4158 1621 4216 Sextios
1641 4182 1782 4221 secu·
1861 4170 2122 4242 Scepticos
2137 4209 2156 4237 ‚
2180 4190 2316 4244 -quae
2350 4173 2559 4230 videtur
2602 4175 2877 4232 Philandri
