3200 5159
2279 501 2396 568 153

667 500 1313 572 INSTITUTIONIS
1349 502 1602 568 ORAT.
1645 503 1805 568 LIB.
1845 505 1934 583 X,
1974 506 2032 586 4.

299 628 458 703 illos
478 657 778 703 numero
801 655 1128 703 versuum
1148 643 1164 673 ¹
1197 627 1636 718 metiebatur,
1658 610 1872 727 idque
1898 627 2143 700 vitium
2160 683 2178 715 ‚
2206 626 2402 727 quod

299 746 649 846 frequenti
677 745 1157 819 admonitione
1176 758 1201 788 ²
1229 743 1479 843 corrigi
1514 770 1661 817 non
1696 764 2012 844 potuerat
2030 743 2084 834 3,
2114 743 2399 817 mutatis

294 862 649 934 codicibus
681 889 826 936 esse
862 860 1236 934 sublatum.
1281 859 1506 931 Debet
1535 885 1776 932 vacare
1811 860 2027 932 etiam
2060 859 2289 949 locuS,
2319 857 2395 929 in
2437 868 2506 924 3³

295 998 842 1076 quo-notentur,
885 1001 1041 1075 quae
1075 973 1537 1047 scribentibus
1565 974 1792 1047 solent
1823 994 2008 1046 extra
2041 972 2360 1045 ordinem
2380 1030 2399 1062 ‚

295 1091 371 1163 id
406 1092 575 1183 est4,
606 1119 687 1165 ex
713 1091 865 1163 aliis
884 1146 902 1180 ,
928 1116 1144 1191 quam
1175 1087 1341 1187 qui⁵
1371 1088 1639 1161 suntin
1666 1085 2034 1160 manibus⁶
2059 1087 2263 1177 loci7,
2293 1113 2405 1158 oc-

295 1233 602 1281 currere:
628 1204 1069 1308 irrumpent⁸
1096 1205 1285 1279 enim
1307 1204 1555 1304 optimi
1577 1231 2101 1304 nonnunquam
2125 1228 2400 1294 sensus»,

289 1349 475 1422 quos
499 1350 728 1424 neque
753 1324 1056 1434 inserere
1082 1341 1378 1421 oportet,
1402 1346 1633 1420 neque
1658 1320 1938 1433 differre
1961 1340 2197 1393 tutum
2212 1335 2244 1382 9
2269 1340 2398 1408 est;

293 1437 463 1536 quia
482 1437 830 1509 interim¹⁰
850 1436 1249 1527 elabuntur,
1271 1434 1558 1509 interim
1580 1435 1937 1509 memoriae
1961 1436 2095 1508 sui¹
2112 1450 2127 1481 ¹
2160 1434 2398 1508 inten-

293 1572 434 1642 108,
470 1553 562 1625 ab
591 1553 725 1626 alia
754 1552 1152 1627 inventione
1187 1552 1582 1641 declinant3
1612 1551 1911 1653 ideoque
1940 1551 2207 1651 optime
2236 1571 2401 1624 sunt

292 1666 371 1740 in
412 1667 749 1767 deposito.
823 1724 830 1731 .

391 1785 565 1856 CAP.
597 1785 720 1856 IV.
757 1783 1086 1884 Sequitur
1116 1786 1532 1871 εηιεηιίαΐίο,
1566 1811 1723 1883 pars
1758 1783 2151 1856 studiorum
2181 1782 2392 1880 longe
2471 1811 2496 1847 1

289 1898 706 1975 utilissima:
761 1926 993 2000 neque
1034 1900 1228 1972 enim
1270 1899 1418 1972 sine
1466 1926 1674 1971 causa
1717 1899 2065 1971 creditum
2115 1917 2216 1970 est
2273 1897 2395 1969 sti-

286 2014 524 2087 lum¹²
567 2043 715 2089 non
770 2016 1009 2088 minus
1052 2041 1293 2115 agere,
1338 2040 1562 2114 quum
1616 2013 1850 2087 delet:
1898 2012 2108 2112 hujus
2153 2032 2389 2086 autem

287 2228 591 2281 studiosum
613 2242 828 2299 arguam
852 2231 953 2281 uisi
976 2230 1113 2282 forte
1135 2230 1301 2300 impa-
1379 2238 1442 2316 ct·
1457 2225 1579 2355 οιὲειί).
1612 2239 1734 2282 ante
1763 2224 1916 2278 Basil.
1941 2254 2013 2264 —
2034 2221 2234 2277 Eadem
2259 2241 2390 2276 noa-

1377 2316 1464 2356 tn.
1569 2343 1581 2355 .

282 2322 434 2361 ratus
455 2310 547 2379 qui
567 2307 633 2360 ad
652 2307 909 2361 orandum
929 2307 1175 2374 accedat,
1189 2326 1301 2360 ver-

284 2386 455 2441 bosus
483 2387 573 2454 fit,
603 2387 764 2461 idque
795 2388 957 2440 fuerit
984 2400 1298 2458 exspectan-

283 2466 418 2520 dum
443 2487 473 2519 a
497 2466 696 2521 desidia
721 2486 875 2534 raro,
903 2480 995 2519 aut
1023 2485 1296 2538 nunquam

284 2546 565 2600 studentis.
603 2548 671 2599 Et
700 2545 813 2599 hoec
849 2547 1072 2599 fortasse
1106 2548 1298 2599 rectior

282 2631 440 2681 ratio.
456 2627 542 2680 Ad
555 2626 784 2681 habuisse
796 2626 934 2679 male
946 2625 1185 2679 retuleris
1202 2625 1297 2677 ad-

283 2708 542 2760 verbium.
588 2737 662 2748 —
702 2703 1003 2779 Proelonqos
1043 2705 1292 2757 habuisse.

282 2789 561 2839 Tur-icens.
592 2786 731 2839 Flor.
769 2784 893 2857 (hie
924 2804 955 2837 a
988 2804 1068 2856 pr.
1104 2785 1295 2858 manu)

275 2887 336 2941 p.
358 2865 526 2932 alius,
545 2885 666 2917 cum
691 2863 936 2918 Alm.1110
957 2883 986 2915 a
1006 2882 1111 2916 sec.
1131 2882 1293 2915 manu

279 2955 402 3018 post
424 2944 608 3018 longos
629 2943 778 2996 alios.

362 3040 407 3075 ι.
446 3022 643 3097 Quia...
679 3040 930 3074 versuum.
957 3023 1133 3075 ,Tur-ic.
1171 3019 1292 3091 (hic

283 3119 314 3153 a
337 3116 443 3154 sec.
467 3119 629 3153 manu
657 3100 911 3171 numeris)
939 3099 1077 3152 Flor.
1109 3098 1231 3171 (hic
1262 3119 1292 3152 a

279 3198 364 3250 pr.
390 3179 583 3251 manu)
604 3180 697 3251 qui
722 3178 830 3231 illis
858 3196 1097 3231 numeros
1121 3198 1291 3232 usum,

280 3258 481 3323 Cannu,
502 3260 648 3330 quod
668 3259 699 3310 i.
728 3259 1025 3310 numen’s‘v.

355 3353 405 3388 2.
434 3336 825 3390 Admonitione.
863 3337 1059 3401 Cum,
1085 3353 1291 3387 ammo·

280 3417 502 3468 uitione.

349 3496 405 3548 3.
435 3496 703 3548 Potuerat.
733 3495 873 3547 Flor.
904 3493 966 3565 (a
993 3514 1073 3566 pr.
1099 3495 1292 3568 mauu)

275 3586 576 3647 potuerunt.
601 3603 666 3616 —
688 3576 867 3627 Nostri
885 3572 1154 3647 potueras,
1176 3594 1286 3629 exc.

277 3656 397 3705 Put.
424 3657 592 3720 Prat„
617 3655 706 3725 qui
726 3663 945 3724 poterat.
971 3653 1063 3705 En.

349 3732 404 3798 4.
432 3732 501 3783 td
522 3743 622 3799 est,
647 3751 725 3783 ex.
746 3734 953 3799 Turic.‚
982 3733 1118 3785 idem
1148 3743 1234 3796 et,-
1257 3752 1289 3786 a

282 3829 385 3863 sec.
412 3830 579 3865 manu
602 3811 723 3863 item
748 3824 825 3877 et,
852 3826 904 3864 et
929 3813 1003 3864 aie
1026 3813 1186 3864 Cant.

353 3890 403 3941 5.
434 3889 609 3960 Quam
632 3890 740 3963 qut’.
766 3889 927 3944 Goth.
953 3889 1079 3962 (tac.
1105 3891 1292 3965 Gesn.)

285 3986 604 4041 quanquam.

351 4049 404 4102 6.
429 4050 498 4101 In
524 4049 778 4103 manibus.
804 4048 978 4103 Guelf.
998 4052 1144 4104 Jena.
1164 4048 1288 4123 (tac.

285 4126 468 4199 Genu.)
491 4128 832 4195 immanibus,
858 4146 980 4180 cum
1002 4129 1157 4181 Tarv.

357 4223 404 4282 7.
433 4207 574 4260 toci.
596 4208 789 4275 Caua,
809 4206 964 4275 Iocis,
988 4226 1110 4262 cum
1128 4207 1288 4263 Goth.

1450 2384 1501 2436 8.
1540 2381 1877 2454 [rrumpenu
1920 2382 1994 2432 sic
2030 2379 2209 2432 Turic.
2246 2378 2387 2432 Flor.

1375 2458 1497 2530 (bic
1532 2478 1563 2512 a
1595 2479 1675 2531 pr.
1708 2477 1871 2512 manu
1886 2460 1923 2531 ).
1956 2456 2166 2530 Reliqui
2194 2459 2390 2511 irrum-

1414 2550 1528 2591 unt.

1371 2559 1412 2612 p
1447 2635 1498 2688 9.
1523 2619 1736 2670 Tutum.
1761 2615 1968 2682 Guelf.‚
1994 2625 2220 2668 tantum.

1454 2713 1535 2749 ιο.
1567 2698 1790 2749 Interim
1824 2694 2124 2764 elabuntur,
2164 2696 2389 2749 interim.

1373 2778 1551 2829 Tur-ic.
1576 2776 1716 2828 Flor.
1743 2774 1860 2846 (hic
1880 2795 1910 2828 a
1930 2793 2012 2848 pr.
2034 2776 2219 2848 manu)
2238 2778 2391 2829 omit·

1374 2869 1496 2909 tunt
1523 2875 1646 2908 cum
1669 2855 1807 2908 Alm.

1439 2952 1471 2987 -1
1489 2953 1530 2987 r.
1552 2936 1664 2989 Sui.
1680 2936 1857 2987 Turic.
1879 2934 2020 2988 Flor.
2040 2935 2228 3001 cin,
2250 2954 2385 3003 πω,

1373 3032 1496 3065 cum
1515 3013 1729 3085 reliquis
1742 3051 1760 3078 ‚
1776 3014 2008 3085 exceptis
2026 3013 2203 3067 Guelf.
2223 3013 2385 3068 Goth.

1372 3093 1525 3146 Voss.
1551 3112 1598 3159 ι,
1616 3110 1645 3144 2
1659 3131 1676 3158 ‚
1692 3093 1754 3159 3,
1777 3094 1920 3145 Jens.
1945 3105 2000 3144 et
2017 3092 2140 3146 edd.
2160 3107 2386 3165 posterr.

1374 3186 1496 3225 ante
1547 3171 1703 3225 Basil.
1754 3185 1867 3226 tum
1917 3171 2117 3244 Gryph.
2168 3170 2191 3242 (
2212 3172 2389 3245 1544)

1372 3250 1552 3322 Steph.
1598 3249 1793 3301 Rollin.
1832 3250 1993 3302 Gean.
2034 3246 2297 3318 (refertur
2337 3264 2390 3303 et

1372 3328 1531 3392 Alm.;
1558 3329 1677 3381 vide
1698 3328 1746 3400 §.
1771 3327 1897 3401 26),
1918 3330 2009 3400 qui
2033 3346 2216 3381 omnes
2240 3343 2392 3381 tuen-

1373 3423 1460 3462 tur
1499 3407 1903 3463 eruditisaimam
1945 3408 2277 3480 scripturam.
2313 3439 2386 3450 —

1370 3489 1555 3541 Nostri
1569 3506 1755 3542 omnes
1769 3488 1865 3541 sui.
1882 3488 1981 3541 Hic
1996 3486 2248 3540 deficiunt
2265 3490 2382 3541 Put.

1370 3571 1508 3621 Prat.
1536 3570 1630 3620 En.
2065 3630 2080 3647 .

1448 3664 1466 3700 1
1479 3665 1528 3699 2.
1547 3645 1802 3701 Stilum...
1820 3646 1969 3700 delet.
1983 3647 2161 3715 Quum
2188 3668 2210 3693 α
2229 3645 2386 3698 luxu-

1363 3747 1399 3773 ··
1418 3729 1548 3779 riem
1570 3727 1714 3802 illurn
1730 3766 1747 3794 .,
1774 3745 1889 3798 quai
1911 3728 1968 3779 in
1993 3743 2196 3778 suma
2221 3724 2382 3777 uber-

1377 3828 1400 3852 ·
1423 3817 1530 3857 tate
1552 3808 1718 3870 inest,
1747 3804 2066 3878 depascitur.
2088 3828 2112 3852 a
2140 3802 2285 3873 (Cic.
2315 3802 2384 3857 de

1370 3885 1465 3937 Or.
1491 3885 1567 3949 11,
1593 3882 1705 3956 23.)
1727 3884 1919 3934 Fateor
1941 3896 2143 3949 autem,
2169 3900 2268 3954 pro
2292 3881 2384 3934 illo

1374 3959 1521 4032 quod
1540 3960 1704 4013 modo
1729 3974 1809 4014 eat
1833 3960 2085 4013 creditum
2114 3960 2271 4013 malle
2298 3978 2384 4013 me

1375 4048 1642 4100 traditum.
1677 4047 1811 4101 Vide
1843 4050 1900 4115 1,
1940 4064 2031 4113 10,
2065 4063 2145 4118 17.
2179 4045 2385 4113 Quam-

1375 4146 1534 4198 quam
1579 4140 1804 4200 utraque
1856 4130 2115 4200 scriptura
2165 4125 2378 4200 aliquod

1369 4205 1571 4261 dictum
1584 4246 1602 4274 ‚
1621 4207 1703 4263 vel
1722 4220 2045 4279 preceptum
2066 4225 2098 4260 a
2116 4205 2379 4263 veteribus
