3200 5159
670 450 1322 519 INSTITUTlONlS
1359 449 1615 515 ORAT.
1655 451 1817 516 LIB.
1857 453 2015 531 XII,
2056 477 2119 540 9.

2318 453 2442 521 505

350 574 523 646 suris
544 573 784 672 datur.)
805 631 824 664 ‚
854 596 1005 648 tum
1029 601 1244 647 causae
1275 574 1733 662 contrarium,
1759 575 1924 672 quia
1943 591 1960 621 ¹
1993 573 2200 675 plane
2219 576 2447 648 adver·

351 688 549 781 sarii,
582 691 761 762 fiunt
780 711 846 763 et
865 690 1170 780 inimici,
1202 712 1268 762 et
1290 688 2000 789 quantulumcunque
2021 689 2157 761 eis²
2188 690 2441 761 virium

355 824 486 890 est,
538 804 960 877 contumelia
993 826 1307 902 augetur.
1346 806 1568 902 Super
1600 804 1841 875 omnia
1882 804 2057 903 perit
2104 803 2253 894 illa,
2293 831 2445 901 quae
2491 835 2549 869 ια

354 916 747 1015 plurimum
792 919 1086 992 oratori3
1125 940 1192 992 et
1223 919 1647 991 auctoritatis
1696 939 1762 991 et
1796 918 1959 990 fidei
2002 920 2238 1009 affert,
2287 946 2447 992 mo-

355 1033 608 1124 destia,
654 1035 711 1107 si
751 1063 793 1108 a
828 1037 975 1108 viro
1015 1037 1202 1109 bono
1250 1037 1325 1107 in
1366 1036 1682 1109 rabulam
1727 1036 2257 1136 latratoremque
2300 1063 2453 1109 con·

355 1149 681 1241 vertitur,
730 1151 1157 1250 compositus
1195 1177 1337 1222 non
1379 1151 1469 1222 ad
1506 1151 1832 1223 animum
1864 1150 2117 1251 judicis
2146 1208 2165 1239 ‚
2203 1151 2322 1222 sed
2364 1151 2453 1222 ad

357 1264 794 1337 stomachum
830 1266 1211 1363 litigatoris.
1246 1268 1675 1362 Frequenter
1708 1265 1915 1337 etiam
1945 1265 2206 1364 species
2239 1265 2452 1336 liber·
2497 1278 2558 1329 13

352 1377 550 1449 tatis-'⁵
580 1379 915 1452 deducere
940 1381 1028 1452 ad
1054 1381 1514 1453 temeritatem
1545 1382 1753 1472 solet,
1784 1408 1930 1453 non
1960 1381 2179 1453 causis
2206 1381 2449 1472 modu,

357 1496 478 1566 sed
514 1497 677 1595 ipsis
707 1524 1021 1595 quoque,
1059 1499 1182 1595 qui
1219 1497 1574 1587 dixerunt,
1607 1498 2107 1597 periculosam:
2147 1524 2273 1570 nec
2308 1499 2452 1569 im-

356 1611 602 1683 merito
643 1611 979 1683 Pericles⁵
1027 1607 1289 1685 solebat
1330 1634 1600 1718 optare,
1638 1639 1727 1683 ne
1766 1611 1956 1709 quod
1988 1609 2121 1684 sihi
2160 1610 2452 1683 verbum

360 1726 431 1796 in
488 1748 798 1800 mentem
846 1729 1152 1819 veniret,
1205 1756 1347 1828 quo
1394 1730 1694 1829 populus
1754 1729 2270 1801 offenderetur:
2333 1728 2455 1800 sed

361 1841 548 1939 quod
601 1842 717 1915 ille
765 1842 849 1915 de
897 1842 1198 1945 populo,
1244 1845 1316 1916 id
1365 1870 1493 1942 ego
1542 1844 1628 1917 de
1669 1845 1997 1918 omnibus
2039 1841 2291 1934 sentio,
2337 1834 2456 1941 qui

366 1959 810 2031 tantumdem
842 1981 1133 2059 possunt
1165 1986 1452 2033 nocere:
1490 1986 1656 2031 nam
1689 1986 1841 2056 quae
1870 1959 2106 2048 fortia,
2139 1958 2311 2030 dum
2347 1956 2459 2028 di-

366 2095 651 2164 cuntur,
684 2075 1134 2165 videbantur,
1169 2077 1412 2168 stulta,
1450 2104 1678 2177 quum
1705 2074 2030 2147 laeserunt
2051 2131 2070 2165 ,
2104 2094 2454 2146 vocantur.

365 2191 571 2261 Nunc
611 2190 820 2290 quia⁶
851 2193 1162 2265 varium7
1209 2195 1350 2267 fere
1388 2192 1822 2294 propositum
1874 2190 2236 2291 agentium
2285 2189 2459 2280 fuit,
2506 2209 2566 2276 14

443 2359 486 2392 ι.
518 2340 654 2410 Quia
678 2342 899 2414 plane...
930 2343 1154 2396 inimici.
1186 2343 1373 2396 Insoli-

365 2431 449 2469 tus
469 2421 612 2470 vocis
628 2418 792 2490 plane
808 2422 1030 2492 positus.
1054 2424 1191 2474 Nam
1210 2442 1373 2495 quum

365 2510 695 2569 exspectares
729 2500 801 2550 ita
834 2498 1033 2552 dictum
1075 2525 1096 2547 ιι
1120 2503 1242 2573 quia
1281 2501 1372 2553 ad-

372 2598 395 2621 ·
415 2578 628 2628 versarii
642 2577 775 2629 fiunt
787 2577 946 2649 plane
963 2581 1208 2646 inimici„-
1230 2598 1373 2632 nunc

361 2654 526 2726 plane
544 2653 613 2707 ad
636 2667 800 2707 totam
826 2657 1116 2708 orationem
1141 2669 1373 2727 spectat,

365 2754 465 2806 pro
486 2754 550 2787 eo
572 2734 716 2807 quod
734 2736 944 2807 plenius
963 2738 1036 2789 ita
1055 2737 1235 2789 efferri
1255 2756 1374 2809 pos-

367 2816 435 2866 sis
465 2836 487 2859 αι
509 2816 630 2885 quia
659 2812 711 2864 id
736 2812 896 2885 plane
923 2814 1167 2880 efficitur,
1192 2828 1253 2867 ut
1280 2815 1375 2868 ad-

373 2893 631 2944 -versarii
662 2891 790 2944 fiant
826 2906 877 2945 et
916 2894 1127 2946 inimici.
1150 2917 1173 2941 a·
1211 2894 1370 2946 Recte

367 2983 543 3023 autem
570 2970 833 3023 distinctio
863 2971 931 3023 ab
961 2971 1233 3025 Obrechto
1267 2975 1376 3044 pri-

366 3068 511 3102 mum
531 3052 734 3104 invecta
754 3064 861 3116 est,
881 3070 948 3103 ne
959 3054 1180 3122 jungas:
1209 3050 1375 3123 ·(iui)

373 3152 395 3174 κ
416 3129 547 3180 fiunt
562 3127 719 3200 plane
734 3128 1019 3182 adversarii
1039 3143 1091 3181 et
1110 3131 1324 3182 inimici.
1346 3154 1369 3177 ι

442 3226 489 3261 2.
530 3208 655 3268 Et‘s,·
697 3209 771 3261 sic
808 3209 986 3261 Turio.
1025 3208 1168 3262 Flor.
1211 3210 1370 3260 Cure.

360 3288 467 3355 Iis,
492 3286 664 3339 Guelf.
693 3286 854 3339 Goth.
879 3289 1022 3341 Jens.
1044 3285 1169 3359 (tac.
1190 3288 1376 3356 Gesn.)

371 3378 422 3419 et
446 3363 567 3417 edd.
596 3379 716 3417 ante
740 3365 891 3417 Basil.
916 3368 1005 3438 qui
1027 3367 1107 3419 his
1115 3407 1134 3435 ‚
1155 3386 1276 3418 cum
1297 3385 1376 3418 re·

367 3443 540 3516 liquis.
568 3444 621 3497 V
618 3437 769 3494 itiam
792 3442 1031 3515 sphalma
1050 3444 1204 3496 Tarv.
1228 3442 1377 3514 quod

370 3525 695 3596 repetierunt
729 3525 1051 3594 posteriores
1090 3536 1211 3575 ante
1249 3521 1373 3575 Bad.

369 3622 491 3656 eum
516 3605 634 3674 ipso
659 3601 777 3653 Ald.
804 3602 1017 3655 Jurt‘um
1031 3641 1051 3668 ,
1076 3603 1238 3654 Cant.

442 3684 492 3735 3.
524 3682 732 3735 Orator-i
757 3692 811 3733 et
833 3681 1170 3734 auctoritatis.
1201 3679 1377 3733 Guelf.

370 3772 422 3813 et
441 3762 647 3813 omittit.
669 3760 979 3833 Iasi-abula,
1001 3760 1181 3811 Tur-ic.
1205 3757 1380 3828 Infra-

371 3839 544 3892 bulam
561 3879 580 3907 ,
623 3839 762 3892 Flor.
811 3839 878 3890 In
923 3838 1154 3891 tabulam
1169 3876 1189 3903 ,
1235 3841 1378 3892 Jens.

371 3923 528 3973 Tarv.
542 3920 689 3992 quod
704 3911 944 3992 sphalma
963 3937 1127 3991 quum
1142 3918 1382 3985 verbose,

374 4015 436 4053 ut
451 4001 611 4066 solet,
631 4015 684 4053 et
701 4012 960 4053 memorat
979 4015 1031 4052 et
1052 4001 1266 4071 corrigit
1284 3997 1384 4051 ho-

375 4100 463 4134 mo
488 4081 666 4133 fatuus
690 4098 817 4132 sane
841 4093 893 4132 et
915 4078 1180 4149 gloriosus
1206 4079 1383 4130 Meru-

378 4159 447 4228 la,
460 4157 680 4212 mendax
695 4161 880 4211 iterum
900 4157 1045 4211 audit
1059 4159 1377 4211 Burmanno.

1454 2344 1731 2396 Latronem
1773 2340 1867 2413 qui
1881 2379 1899 2407 ,
1936 2339 2114 2391 Turic-
2159 2338 2462 2390 Latronem-

1452 2441 1583 2495 que,
1605 2418 1744 2472 Flor.

1524 2501 1575 2567 4.
1609 2499 1891 2552 Libertatis.
1924 2497 2154 2549 Florent.
2173 2535 2191 2564 ,
2222 2496 2461 2549 liberatis.

1452 2582 1499 2632 T
1500 2582 1633 2632 urie.
1658 2579 1829 2645 Flor.,
1858 2579 1978 2650 ipsis
2003 2595 2209 2649 quoque
2234 2575 2465 2628 dixerint

1453 2657 1847 2730 opericulosam.
1874 2658 2034 2708 Canu.
2052 2694 2069 2722 ‚
2092 2654 2460 2726 periculosum.

1451 2736 1554 2802 ld.‚
1576 2737 1633 2788 in
1656 2745 1842 2788 mente.
1860 2735 1987 2786 Tur.
2004 2732 2169 2800 Flor.,
2185 2751 2278 2806 eqo
2297 2733 2469 2791 omni-

1456 2818 1567 2870 bus.
1589 2816 1775 2882 Curru,
1791 2833 1835 2866 e.
1852 2826 1904 2867 et
1917 2832 1964 2866 o.
1983 2813 2124 2865 Flor.
2143 2814 2237 2884 qui
2256 2814 2462 2869 omittit.

1526 2896 1575 2948 5.
1600 2893 1840 2947 Pericles.
1863 2893 1999 2945 Plut.
2016 2895 2073 2944 in
2088 2894 2236 2957 Vita,
2254 2911 2309 2964 p.
2331 2892 2462 2959 284:

1447 2971 1544 3023 ’Διὶ
1567 2972 1680 3041 πρὸς
1706 2970 1760 3024 mi
1789 2972 1926 3036 βἰἷμα.
1948 2970 2157 3038 βαδίζον
2183 2968 2349 3034 ηὔχοντο
2374 2969 2468 3025 τοῖς

1454 3052 1581 3106 θοοῖς
1597 3047 1722 3118 μηδὲ
1745 3050 1869 3120 ‘iffa-²
1881 3046 2027 3114 μηδὲν
2052 3048 2257 3100 inmoti&
2283 3045 2470 3105 εἴκοντος

1455 3129 1611 3181 αὑτοῦ
1655 3127 1776 3198 ορός
1829 3125 1911 3180 ‘nir
1960 3122 2258 3197 οροειιιμὸνην
2308 3125 2469 3195 χροίαν

1456 3207 1764 3279 ἀνάρμοστοι-ον.
1793 3210 2130 3279 Quamquam
2154 3209 2209 3258 in
2231 3205 2314 3258 his
2339 3205 2469 3258 nihil

1455 3290 1672 3363 proprie
1697 3288 1763 3341 de
1794 3287 2091 3361 offensione
2105 3309 2122 3348 ,·
2149 3300 2207 3339 ut
2228 3286 2471 3342 videatur

1458 3382 1549 3423 aut
1576 3366 1894 3421 Plutarchus
1927 3366 2120 3433 latius,
2154 3378 2244 3417 aut
2260 3367 2472 3418 ‚Noster

1457 3448 1732 3518 angustius
1755 3444 2007 3499 extulisse
2028 3443 2242 3496 Periclis
2266 3455 2475 3496 senten·

1457 3527 1603 3578 tiam.
1625 3554 1697 3564 —-
1720 3523 1804 3577 Sic
1828 3524 2015 3595 incipit
2040 3525 2268 3575 rusticus
2294 3534 2474 3574 orator

1459 3603 1601 3677 apud
1619 3605 1691 3656 La
1706 3603 1977 3669 Fonteiae,
1988 3602 2080 3654 lib.
2093 3602 2183 3667 xl,
2193 3600 2299 3652 fab.
2316 3618 2364 3670 7.
2377 3602 2470 3652 En.

1528 3684 1580 3736 6.
1594 3685 1755 3736 Nunc
1769 3683 1890 3754 quia
1908 3682 2128 3736 varium.
2146 3683 2289 3734 Jens.
2301 3720 2319 3748 ‚
2335 3700 2477 3734 nuno

1461 3765 1555 3836 qui
1592 3763 1814 3814 varium.
1844 3762 2081 3826 Tarvis.‚
2121 3759 2261 3811 hunc
2296 3760 2389 3830 qui
2425 3780 2470 3812 v.

1461 3839 1603 3891 Flor.
1623 3878 1641 3906 ,
1669 3856 1799 3891 vere.
1835 3838 2109 3891 Guelferb.
2126 3877 2142 3906 ,
2173 3837 2473 3910 facilitatis.

1462 3919 1659 3984 Goth„
1681 3920 1834 3971 modo
1863 3919 2073 3970 tradere.

1536 4016 1586 4070 7.
1611 3996 2061 4069 Varium...fuit,
2077 4005 2183 4047 et...
2201 3994 2472 4047 laboravit.

1462 4074 1806 4129 Memorabile
1831 4075 1989 4147 hujus
2014 4075 2234 4146 perfecti
2259 4071 2474 4141 ἀορίστου
2507 4071 2510 4074 ’

1461 4153 1605 4227 apud
1649 4173 1820 4225 prosae
1861 4156 2173 4226 scriptorem
2212 4151 2233 4220 (
2246 4171 2366 4205 nam
2408 4152 2475 4205 de
