3200 5159
690 478 1347 548 INSTITUTIONIS
1388 479 1644 545 ORAT.
1689 480 1852 544 LIB.
1890 481 1979 560 X,
2024 479 2086 546 6.

327 623 466 675 tur.
507 603 642 677 Sed
686 631 776 677 ne
826 603 915 678 ad
956 603 1138 676 hane
1179 603 1467 701 quidem
1512 602 1653 673 vim
1699 601 2053 702 cogitandi
2100 604 2444 703 perveniri

330 738 555 815 potest
581 739 707 790 aut
721 717 953 792 subito
969 776 988 809 ,
1014 739 1138 791 aut
1155 718 1320 790 cito:
1344 744 1512 789 nam
1540 715 1855 817 primum
1877 718 2197 791 facienda
2217 718 2442 790 multo

327 831 529 904 stilo¹
569 833 796 905 forma
829 854 962 923 est,
998 860 1153 931 quae
1192 859 1320 905 nos
1360 832 1572 905 etiam
1609 831 2027 930 cogitantes²
2069 854 2399 931 sequatur
2420 863 2436 921 ;

329 967 487 1018 tum
543 949 1007 1021 assumendus
1061 975 1230 1020 usus
1284 946 1624 1048 paulatim
1646 1004 1665 1036 ,
1715 969 1793 1019 ut
1848 949 2077 1046 pauca'
2123 949 2437 1047 primum

330 1062 888 1163 complectamur
914 1064 1155 1136 animo
1175 1120 1195 1152 ‚
1225 1090 1381 1161 quae
1407 1061 1600 1133 reddi
1633 1062 1926 1134 fideliter
1947 1063 2250 1162 possint3
2280 1090 2444 1134 mox

328 1204 458 1276 per
499 1177 933 1252 incrementa
976 1202 1118 1252 tam
1162 1179 1437 1252 modica
1456 1177 1509 1267 3,
1552 1199 1633 1250 ut
1675 1178 1949 1250 onerari
1987 1205 2058 1250 se
2093 1177 2293 1250 labor
2326 1177 2440 1248 ille

331 1319 482 1365 non
515 1295 799 1384 sentiat,
830 1295 1154 1394 augenda
1185 1295 1282 1366 vis
1298 1293 1354 1385 4,
1387 1314 1459 1367 et
1495 1292 1977 1365 exercitatione
2017 1293 2243 1365 multa
2276 1319 2445 1365 con·

327 1410 623 1484 tinenda
664 1412 837 1500 est⁵‚
871 1438 1027 1511 quae
1074 1411 1365 1512 quidem
1411 1409 1715 1491 maxima
1749 1436 1830 1482 ex
1866 1429 2065 1508 parte
2099 1409 2444 1481 memoria

330 1548 638 1600 constat:
666 1517 962 1628 ideoque
988 1528 1225 1627 aliqua
1250 1524 1428 1598 mihi
1454 1526 1523 1597 in
1553 1525 1760 1597 illum
1787 1525 2023 1597 locum
2051 1525 2442 1598 differenda

332 1665 523 1717 sunt.
549 1646 654 1717 Eo
686 1666 918 1718 tamen
957 1643 1269 1746 pervenit
1287 1642 1342 1734 ⁶,
1377 1664 1453 1715 ut
1485 1642 1578 1733 ie,
1611 1643 1725 1715 cui
1760 1669 1902 1714 non
1933 1643 2317 1742 refragetur
2345 1644 2442 1716 in-

2320 479 2443 570 173

400 1840 462 1874 t.
487 1820 665 1874 Multo
681 1822 817 1874 stilo.
847 1825 1022 1876 Turio.
1048 1825 1344 1896 posterius,
1415 1820 1603 1892 foma
1624 1833 1931 1891 comparata
1948 1821 2046 1873 fuit
2061 1820 2288 1892 plurima
2311 1822 2442 1873 scri-

331 1900 501 1953 Cnn.
543 1918 665 1952 cum
687 1900 692 1904 ’
712 1900 872 1954 Goth.
917 1915 972 1954 et
1015 1900 1151 1954 Van.
1199 1903 1347 1972 prius
1426 1899 1625 1954 hendo.
1674 1900 1778 1954 Sed
1815 1900 1902 1952 illa
1952 1923 1975 1946 ι
1995 1901 2245 1972 inscripta
2288 1918 2440 1951 com·-

334 1982 552 2032 omittit.
571 2010 645 2020 —
665 1982 796 2032 Item
815 1980 949 2034 Van.
972 1982 1063 2034 lib.
1090 1982 1200 2034 RR.
1223 1999 1273 2052 7,
1294 1981 1347 2046 8,
1433 2002 1457 2027 ι
1477 1979 1745 2051 plectendi
1782 1982 1859 2032 vis
1876 2003 1901 2027 ιι
1948 1978 2075 2050 quid
2119 1996 2439 2049 magnopere

333 2076 404 2128 9,
442 2076 459 2110 ι
478 2076 496 2111 ι
516 2098 533 2125 ,
571 2076 649 2111 12.
677 2061 771 2112 En.

413 2156 463 2191 2.
514 2139 695 2191 Etiam
737 2142 1034 2214 cogitantes.
1073 2140 1240 2205 Jens„
1273 2139 1352 2192 in-

337 2219 653 2292 eoqitant'e5‚
679 2239 799 2270 eum
829 2217 951 2272 edd.
977 2233 1202 2290 posterr.
1225 2232 1348 2272 ante

335 2298 460 2353 ΔΜ.
479 2338 496 2363 ,
517 2301 607 2372 qui
632 2318 727 2351 nee
753 2301 1051 2373 coyt‘tantes.
1069 2328 1143 2338 --
1164 2300 1347 2351 Nostri

334 2378 496 2429 etiam
535 2377 849 2453 cogitantes,
877 2397 988 2430 exc.
1028 2379 1134 2430 ΒΗ.
1163 2394 1222 2448 7,
1255 2394 1309 2429 11
1329 2415 1347 2446 ,

337 2458 434 2528 qui
465 2457 819 2529 incogitantes.
844 2460 934 2510 En.

409 2535 463 2588 3.
489 2535 619 2586 Tam
646 2535 851 2587 modica
955 2533 1114 2586 labor.
1138 2536 1346 2601 Tur-ic„

338 2624 445 2665 tam
470 2614 583 2665 odit
597 2614 897 2666 autonetan'
916 2610 978 2675 1.,·
1002 2631 1030 2665 a
1056 2630 1160 2666 see.
1187 2632 1346 2667 manu

337 2704 377 2745 t.
408 2694 546 2747 edita
571 2704 631 2745 ut
647 2713 734 2746 on.
757 2692 977 2764 Reliqua
1003 2710 1111 2743 non
1137 2691 1347 2746 addun-

337 2786 427 2824 tur
440 2792 470 2825 a
485 2773 808 2826 conferente.
822 2772 964 2825 Flor.
980 2769 1040 2841 (a
1057 2791 1139 2843 pr.
1161 2774 1345 2841 mauu)

338 2862 445 2903 tam
470 2851 580 2904 odit
600 2864 695 2904 aut
717 2850 927 2902 onerari
946 2849 1110 2901 labor.
1127 2881 1193 2888 —
1213 2852 1349 2905 Nos-

336 2932 406 2982 tri
429 2944 697 3019 receptam
722 2948 752 2980 a
770 2928 954 3000 Spald.
979 2928 1101 2987 lect.
1125 2928 1341 2983 habent.

337 3011 670 3061 Burmannus
706 3006 988 3077 legendum
1023 3021 1205 3060 censet
1221 3006 1344 3059 ila·

337 3089 458 3141 bore
481 3084 576 3138 5110
608 3105 716 3139 non
737 3076 927 3139 sentiat
940 3108 960 3148 ,-
984 3086 1181 3139 scilicet
1206 3087 1348 3160 coqt‘·

339 3167 502 3231 tatio,
534 3166 617 3219 vel
645 3168 720 3219 υἷε
740 3166 1006 3240 eoqt‘tandi
1031 3189 1047 3219 .-
1082 3185 1202 3219 nam
1234 3166 1347 3219 hoee

332 3246 409 3312 τᾷ
449 3246 763 3297 continenda
814 3264 933 3296 mox
974 3248 1217 3316 sequenti
1260 3265 1372 3307 re-,

337 3329 478 3399 quiri
503 3324 631 3377 dicit
656 3324 795 3377 idem
821 3326 997 3376 Rurm.
1018 3326 1113 3376 En.

412 3407 463 3472 4.
499 3404 617 3466 Vt«,-
648 3406 722 3457 sie
744 3405 873 3456 Tur.
903 3403 1044 3455 Flor.
1073 3403 1195 3474 (hic
1217 3422 1245 3455 a
1263 3422 1345 3476 pr.

337 3485 556 3553 mauu.)
591 3483 797 3556 Reliqui
841 3501 954 3536 usu.
989 3513 1055 3521 —
1092 3483 1347 3556 Auqenda

335 3566 415 3618 vis
440 3580 626 3636 ...quoe
647 3602 699 3633 υ.
728 3564 975 3616 memoria
1012 3572 1227 3615 constat.
1266 3563 1347 3615 Si-

331 3644 618 3714 gnificatur
635 3641 710 3694 vis
728 3643 887 3693 animi
900 3640 1111 3712 longam
1130 3659 1346 3713 quoque

337 3725 637 3775 orationem
653 3722 766 3773 sine
787 3722 1070 3790 scriptione
1084 3719 1347 3792 complec-

338 3804 524 3861 tentia
550 3819 718 3871 eaque
739 3798 980 3871 augenda
1000 3812 1077 3851 est
1099 3799 1121 3869 (
1130 3813 1188 3850 ut
1210 3798 1350 3851 vitu·

334 3881 447 3934 lum
465 3883 605 3933 ferre
624 3878 977 3933 assuescendo
995 3898 1116 3933 mox
1136 3893 1344 3931 taurum

334 3963 504 4025 ferat,
529 3958 650 4011 vide
674 3961 722 4012 1.
747 3976 808 4028 9,
835 3957 890 4027 5)
910 3969 962 4010 et
983 3958 1347 4011 exercitatione

334 4039 654 4091 continenda
676 4036 825 4109 (vide
848 4035 915 4088 de
939 4036 1031 4088 nali
1049 4034 1208 4107 hujus
1228 4055 1347 4087 ver-

335 4115 394 4168 bi
437 4135 538 4169 usu
569 4115 712 4167 dicta
745 4115 813 4168 ad
849 4117 1005 4166 inser.
1037 4116 1205 4166 nostri
1228 4113 1348 4165 libri

339 4210 394 4253 et
415 4198 593 4248 Burin.
617 4195 684 4247 ud
705 4197 912 4248 Petron.
938 4195 1046 4268 11),
1061 4208 1352 4267 postqum

1429 2073 1536 2124 est,
1560 2060 1658 2112 nisi
1679 2061 2167 2130 memoriai'ltaque
2192 2058 2246 2109 in
2282 2056 2439 2110 illum

1429 2136 1600 2191 Iocum
1627 2136 1752 2208 (lib.
1784 2137 1890 2203 ΧΙ,
1923 2155 2040 2208 cap.
2074 2137 2157 2208 2.)
2181 2135 2438 2189 differen-

1428 2216 1530 2270 dus
1555 2236 1617 2270 ex
1643 2211 1829 2287 rnag'ua
1850 2230 2001 2288 parte
2026 2218 2139 2288 ejus
2165 2228 2434 2267 tractatus.

1428 2294 1565 2348 Vide
1594 2298 1707 2366 ejus
1737 2314 1855 2367 cap.
1894 2295 1940 2364 §.
1968 2294 2029 2361 41
2049 2333 2065 2361 ,
2103 2294 2196 2346 ubi
2225 2293 2438 2345 Milonis

1427 2375 1745 2427 Crotonintae
1765 2374 2106 2427 similitudine
2128 2376 2286 2426 etiam
2307 2374 2439 2427 Ges·

1425 2472 1585 2506 uerus
1610 2455 1777 2506 utitur
1802 2454 1856 2504 in
1884 2466 2031 2505 nota.

1500 2533 1550 2586 5.
1591 2532 1929 2584 Continentia
1949 2542 2035 2584 est.
2060 2531 2168 2584 RR.
2201 2530 2232 2582 3
2249 2568 2266 2597 ,
2294 2530 2347 2597 5,
2375 2530 2442 2583 ti·

1425 2613 1615 2664 menda
1637 2624 1728 2664 est.
1749 2611 1891 2664 Mtile
1910 2651 1927 2678 ,
1947 2625 2002 2663 ut
2034 2624 2197 2683 patet.
2222 2612 2317 2664 En.

1498 2692 1551 2745 6.
1572 2694 1654 2744 Εο
1680 2703 1852 2744 tamen
1872 2693 2140 2765 pervenit,
2162 2701 2225 2743 ut
2323 2701 2437 2743 tan·

1426 2781 1538 2823 tum
1565 2781 1929 2842 consequatur,
1948 2782 2021 2845 nt.
2039 2771 2152 2822 Nisi
2166 2769 2438 2840 negligen-

1424 2851 1615 2900 tiorem
1638 2850 1796 2900 toties
1825 2849 2026 2920 experti
2044 2866 2279 2901 essemus
2298 2849 2440 2900 Nos·

1424 2941 1563 2980 trum
1589 2930 1642 2979 in
1662 2925 1936 2980 vocabulis
1960 2927 2144 2980 iisdem
2166 2930 2437 2998 geminen·

1425 3006 1507 3059 dis
1530 3005 1681 3076 (vide
1704 3009 1781 3072 Χ,
1805 3006 1838 3059 5
1855 3043 1872 3071 ,
1897 3007 1995 3077 7),
2022 3008 2187 3079 magis
2211 3008 2439 3069 fortasse

1427 3086 1823 3141 offenderemur
1845 3084 2044 3157 duplici
2067 3085 2172 3138 hoc
2194 3099 2271 3152 ut,
2289 3085 2435 3157 quod

1427 3165 1580 3231 stilo,
1632 3177 1693 3216 ut
1747 3167 1821 3216 ait
1874 3164 1989 3231 ille,
2043 3164 2435 3237 deposcendum

1428 3245 1591 3297 fuisse
1622 3243 1901 3297 videbitur.
1942 3244 2121 3311 Quare
2149 3248 2287 3299 enim
2326 3263 2434 3298 non

1426 3327 1498 3378 ite
1521 3322 1784 3376 ordinavit
1810 3325 2132 3389 orationem,
2155 3336 2216 3377 ut
2242 3324 2436 3376 defun·

1427 3418 1641 3475 geretur
1667 3423 1776 3456 uno
1804 3413 1867 3455 ut
1894 3422 2014 3455 eum
2040 3421 2139 3456 suo
2174 3406 2433 3474 conjunc·

1427 3484 1570 3538 tivo?
1614 3484 1800 3537 Aliena
1843 3498 2017 3536 tamen
2064 3483 2223 3536 fuerit
2263 3484 2435 3557 κρίσις,

1426 3581 1542 3635 qum
1558 3565 1703 3635 prius
1720 3572 1804 3630 ut,
1820 3564 2052 3636 itemque
2065 3560 2178 3615 haec
2194 3601 2210 3629 ‚
2228 3573 2435 3615 tantum

1423 3652 1789 3713 consequatur,
1815 3641 2163 3712 expungenda
2184 3641 2404 3694 suadeat
2417 3681 2435 3710 ‚

1425 3733 1484 3774 ut
1506 3718 1624 3773 talis
1643 3733 1903 3773 structura
1922 3722 2212 3791 contingat.
2233 3722 2439 3774 Consti·

1426 3800 1504 3852 tui
1531 3813 1706 3851 autem
1737 3798 1923 3855 debet,
1951 3798 2091 3871 quod
2122 3802 2188 3851 sit
2221 3798 2434 3869 subjec-

1424 3890 1538 3929 tum
1566 3879 1619 3928 in
1649 3876 1810 3928 verbo
1835 3877 2087 3949 pervenit.
2115 3878 2275 3931 Recte
2299 3878 2433 3931 Ges-

1425 3975 1583 4009 ner-us
1627 3955 1847 4007 similem
1891 3956 2169 4008 formulam
2209 3956 2432 4009 demon-

1428 4048 1559 4087 strat
1571 4036 1639 4099 X,
1653 4052 1703 4105 7,
1725 4053 1804 4103 ¹9·
1824 4035 1881 4085 ln
1898 4034 2083 4087 harum
2103 4035 2435 4089 locutionum

1425 4126 1616 4167 neutra
1640 4112 1991 4185 impersonale
2014 4113 2231 4167 verbum
2256 4134 2451 4186 perve-

1425 4196 1540 4247 nire
1576 4213 1864 4265 agnosces,
1890 4195 1973 4248 vel
2004 4195 2291 4249 subaudies
2323 4215 2436 4261 res,
