3200 5159
795 451 915 521 136

1352 454 1446 517 M.
1486 451 1715 518 FABII
1750 452 2308 535 QUINTILIANI

682 613 747 649 10
786 598 888 650 est
912 575 1032 648 rei.
1052 576 1211 649 Cito
1229 591 1248 622 ¹
1268 577 1633 650 scribendo
1657 605 1802 650 non
1830 578 1938 665 fit,
1961 599 2039 649 ut
2059 578 2278 650 hene²
2298 576 2667 664 scribatur;
2690 576 2873 648 bene

784 690 1151 763 scribendo
1197 691 1310 781 fit,
1345 713 1422 763 ut
1454 692 1584 764 cito
1612 720 1625 763 :
1660 691 1778 763 sed
1814 712 1966 763 tum
2002 691 2308 763 maxime
2330 713 2363 781 ‚·
2386 717 2611 790 quum
2642 691 2874 762 facul-

780 803 933 876 tas3
970 805 1085 876 illa
1128 804 1532 904 contigerit,
1575 806 1973 878 resistamus
1991 803 2048 893 4,
2095 826 2170 877 ut
2215 803 2769 903 provideamus⁵‚
2806 827 2877 876 et

781 918 1242 991 ferocientes⁶
1295 946 1513 1017 equos
1561 920 1776 991 frenis
1822 919 2298 1016 ⁷quib1'1sdam
2349 917 2874 1008 Scoerceamu55

781 1033 974 1133 qnod
1013 1061 1159 1107 non
1209 1054 1356 1106 tam
1408 1061 1682 1106 moram
1729 1033 1969 1125 faciet,
2011 1060 2224 1132 quam
2279 1049 2541 1107 novos9
2574 1033 2876 1132 impetus

855 1235 901 1291 ι’.
926 1239 1041 1293 Cito
1060 1238 1382 1293 scribendo...
1404 1252 1463 1292 ut
1480 1240 1599 1291 cito.
1630 1262 1651 1286 ι
1667 1239 1786 1290 Pol·

783 1341 806 1365 ιι
825 1319 898 1371 lio
925 1320 1065 1391 apud
1096 1319 1221 1372 Ptin.
1248 1320 1476 1372 Secund.
1499 1322 1597 1382 vl,
1630 1321 1784 1390 epist.

781 1420 805 1445 ιι
829 1416 924 1468 29:
949 1398 1229 1450 Commode
1247 1397 1671 1470 agendofactum
1685 1409 1784 1461 est,

781 1499 805 1524 α
827 1489 886 1528 ut
907 1493 1039 1547 soepe
1061 1495 1263 1549 agerem
1280 1501 1296 1529 .-
1322 1494 1454 1548 soepe
1473 1476 1706 1549 agendo,
1728 1486 1789 1526 ut

783 1571 807 1603 α
826 1557 1001 1608 minus
1023 1556 1306 1608 commode.
1330 1580 1352 1604 ιι
1383 1557 1654 1608 Pri-nocue.

853 1654 900 1688 2.
940 1637 1080 1687 Bene
1109 1637 1396 1698 scribenti-‚-
1436 1638 1575 1689 bene.
1607 1639 1785 1689 Turio.

775 1715 919 1768 Flor.
959 1714 1083 1782 (hie
1118 1735 1148 1767 a
1184 1736 1264 1788 pr.
1304 1715 1500 1786 manu)
1537 1717 1789 1768 omittunt

776 1812 871 1854 scr.
895 1794 1034 1846 bene.
1056 1795 1216 1846 Error
1233 1807 1390 1848 estex
1404 1794 1790 1848 homoeoteleu-

776 1886 852 1924 to.
879 1874 1005 1925 Mox
1030 1874 1206 1925 Turic.
1237 1872 1304 1945 (a
1331 1893 1411 1946 pr.
1443 1874 1640 1945 manu)
1664 1873 1789 1926 scri-

778 1951 930 2004 bentii
938 1989 950 2001 .

850 2032 899 2083 3.
938 2031 1200 2084 Facultas.
1231 2030 1350 2083 Ald.
1387 2031 1513 2097 Bacl.
1546 2030 1789 2102 (errante

778 2112 979 2180 Burin.)
988 2111 1244 2182 facilitas.
1261 2142 1334 2151 —
1350 2113 1431 2164 Sic
1449 2130 1663 2183 quoque
1681 2114 1739 2164 R.
1758 2128 1789 2182 7

779 2190 940 2243 solus.
968 2191 1151 2243 Caeteri
1164 2191 1421 2264 facultas.
1447 2192 1540 2242 En.

850 2269 901 2336 4.
918 2270 1242 2321 Resistamus.
1258 2270 1435 2320 Turic-
1449 2306 1465 2332 ,
1487 2267 1789 2319 restitamus.

776 2349 917 2400 Flor.
944 2355 994 2411 (τι
1019 2366 1097 2417 pr.
1126 2349 1309 2417 manu)
1336 2349 1677 2399 restituamus.
1709 2347 1791 2397 An

778 2427 878 2477 fuit
901 2427 1215 2478 restitemus?
1232 2428 1502 2496 Frequens
1517 2426 1762 2475 confusio
1776 2462 1793 2488 ‚

778 2503 900 2557 vide
935 2501 1203 2555 Drakenb.
1245 2503 1313 2554 ad
1348 2504 1456 2555 Liv.
1491 2499 1571 2564 X,
1609 2519 1704 2571 19,
1741 2502 1791 2553 5.

782 2581 887 2634 Sed
906 2583 1079 2653 ipsum
1096 2595 1337 2634 nostrum
1353 2581 1634 2652 aliquoties
1650 2579 1794 2652 apud

782 2662 965 2730 Quint.
992 2660 1094 2713 hac
1119 2674 1412 2732 potestate,
1434 2659 1578 2711 velut
1601 2660 1706 2726 lx,
1732 2661 1795 2728 3,

787 2742 887 2805 55;
914 2757 962 2794 et
985 2761 1109 2794 mox
1133 2742 1176 2812 §.
1209 2759 1287 2809 ¹9·

861 2821 910 2874 5.
942 2821 1013 2872 Ut
1029 2821 1411 2892 provideamus.
1438 2817 1578 2870 Flor.
1602 2820 1762 2871 Cute.
1779 2857 1796 2886 ‚

787 2908 842 2951 et
858 2915 945 2968 p.‚
974 2916 1095 2948 cum
1120 2896 1412 2949 Almnobr.
1448 2900 1573 2962 (err.
1598 2899 1798 2971 Burm.)

788 2997 953 3048 marg.
975 2978 1129 3030 Basil.
1151 2975 1333 3047 Steph.
1355 2977 1456 3030 Sed
1474 2977 1613 3030 Flor.
1637 2997 1667 3029 a
1691 2996 1795 3030 sec.

789 3076 952 3108 manu
980 3067 1041 3108 ut
1065 3056 1458 3128 prohibeamus,
1490 3076 1613 3109 cum
1635 3056 1795 3110 Goth.

788 3139 944 3188 Voss.
979 3154 1041 3200 2,
1070 3150 1123 3187 et
1149 3135 1270 3187 edd.
1302 3150 1425 3188 ante
1452 3135 1654 3209 Gryph.
1685 3154 1796 3189 exc.

789 3215 911 3266 Ald.
945 3217 1036 3285 qui
1063 3234 1123 3266 ac
1145 3213 1541 3288 prohibeamus,
1568 3214 1713 3286 quod
1738 3235 1801 3268 ex

790 3291 932 3344 Van.
952 3311 1165 3364 quoque
1186 3293 1343 3345 refert
1364 3292 1581 3358 Badius,
1599 3307 1654 3345 et
1672 3293 1797 3346 Bad.

793 3374 883 3442 qui
908 3373 1270 3444 prohibeamus
1284 3413 1301 3439 ‚
1325 3375 1514 3425 omissa
1540 3375 1801 3443 coujunc-

792 3453 953 3502 tione.
1008 3451 1381 3503 provideamus
1432 3465 1482 3503 et
1533 3453 1683 3504 Bern.
1731 3451 1799 3504 de

793 3531 1171 3598 conjunctione
1205 3530 1276 3582 nil
1309 3528 1565 3602 proditur.
1597 3560 1670 3570 —
1696 3533 1799 3584 Ea-

794 3607 914 3660 dem
939 3610 1122 3660 nostri.
1147 3611 1239 3660 En.

864 3688 913 3740 6.
931 3689 1004 3740 Et
1008 3687 1319 3759 ferocientes
1333 3706 1504 3761 equos.
1522 3690 1798 3742 TuricenS.

790 3767 1055 3832 Florent.‚
1094 3767 1358 3840 efferentc‘s
1393 3786 1470 3833 e.,
1507 3787 1627 3820 cum
1661 3768 1796 3820 Alm.

791 3847 1064 3901 Guelferb.
1090 3850 1248 3901 Cum
1274 3850 1425 3900 Bern.
1454 3861 1507 3899 et
1530 3848 1649 3900 edd.
1677 3863 1799 3901 ante

790 3927 990 4000 Gryph.
1005 3965 1021 3992 ,
1052 3930 1150 3979 nisi
1174 3926 1319 3998 qnod
1342 3940 1531 3998 praeter
1553 3930 1798 4000 antiquos

789 4004 909 4058 illos
930 4004 1228 4077 efferentes,
1246 4003 1313 4056 ad
1331 4024 1465 4075 quos
1487 4004 1622 4057 redit
1641 4006 1795 4057 Ba‘sil.

790 4083 894 4136 Sed
923 4083 1042 4136 Ald.
1061 4122 1078 4150 ‚
1109 4098 1159 4138 et
1181 4085 1426 4157 ferentes.
1463 4085 1624 4138 Goth.
1662 4088 1793 4152 (err.

789 4160 972 4234 Gom.)
985 4161 1235 4235 ferentes,
1256 4183 1380 4216 cum
1401 4167 1557 4218 Voss,
1583 4181 1641 4232 2,
1661 4163 1793 4219 Van.

1868 1257 1930 1291 ex
1952 1257 2177 1308 quorum
2198 1238 2365 1291 altero
2387 1236 2579 1288 Badius
2594 1247 2644 1288 et
2658 1254 2874 1307 quoque

1827 1369 1846 1388 ,
1865 1320 2036 1390 ponit.
2071 1320 2324 1371 Nostrum
2355 1320 2447 1387 qui
2472 1317 2733 1386 conjecit,
2767 1334 2876 1368 non

1868 1399 2071 1468 recepit
2094 1397 2301 1449 Badius.
2324 1399 2503 1449 Turic.
2530 1415 2559 1447 a
2584 1415 2690 1448 sec.
2717 1414 2875 1447 manu

1866 1476 2199 1548 efferentibus
2220 1474 2381 1547 equis.
2414 1476 2535 1526 Post
2559 1491 2714 1546 equos
2736 1472 2875 1524 Flor.

1763 1605 1771 1612 .
1867 1575 1897 1608 a
1914 1575 2020 1609 see.
2038 1574 2198 1608 manu
2212 1555 2533 1628 quaginserit
2551 1572 2675 1605 cnm
2686 1551 2873 1605 Vidov.

1867 1635 2022 1688 Basil.

1941 1732 1991 1784 7.
2040 1713 2367 1784 Quibusdam.
2393 1712 2726 1775 Turicensis,
2758 1709 2879 1760 Flo-

1869 1796 2107 1846 rentinus
2136 1792 2257 1864 (hic
2284 1812 2313 1844 a
2338 1794 2504 1863 prima
2533 1793 2728 1859 manu)
2763 1789 2880 1863 qui-

1869 1875 1982 1941 bus,
2018 1893 2141 1926 cum
2162 1891 2330 1942 marg.
2355 1871 2508 1924 Basil.
2547 1870 2650 1924 sed
2686 1871 2881 1921 omittit

1868 1972 2055 2006 vocem
2076 1952 2372 2004 Vidovoeus.

1944 2034 1993 2084 8.
2029 2034 2374 2084 coerceamus.
2396 2030 2571 2082 Turic.
2605 2029 2671 2097 (a
2702 2030 2878 2100 ,prima

1871 2110 2067 2180 manu)
2095 2127 2452 2168 coerceamur;
2486 2110 2612 2160 item
2633 2108 2820 2179 frenos
2849 2126 2881 2159 a

1873 2188 2107 2243 secunda
2126 2207 2303 2240 manu.
2327 2189 2374 2240 N
2380 2206 2450 2239 on
2472 2200 2552 2240 est
2568 2199 2880 2256 persanatus

1873 2269 2055 2336 locus,
2088 2272 2143 2320 in
2176 2285 2316 2341 quo,
2357 2286 2519 2338 quum
2562 2266 2707 2317 Badii
2749 2264 2882 2317 illud

1863 2347 2177 2418 ferocientes
2192 2347 2526 2416 quantumvis
2550 2347 2616 2396 sit
2638 2347 2883 2414 ingenio-

1874 2444 2021 2488 sum,
2045 2438 2097 2475 et
2124 2424 2308 2477 melius
2338 2437 2481 2476 certe
2508 2426 2721 2475 invento
2751 2425 2883 2475 Bur·

1876 2506 2159 2557 manniano
2176 2542 2192 2568 ‚
2226 2503 2470 2575 placente
2488 2501 2772 2568 ·Gesner0,
2800 2502 2883 2574 ef—

1863 2583 2093 2655 ferentes
2126 2602 2177 2634 se
2213 2582 2423 2653 (neque
2460 2583 2597 2632 enim
2635 2580 2702 2631 de
2741 2583 2884 2652 equis

1874 2665 2090 2734 proprie
2103 2661 2210 2713 hoc
2226 2681 2307 2713 me
2318 2660 2489 2731 legere
2502 2663 2731 2726 memini,
2742 2660 2885 2712 aliud

1876 2755 2052 2794 autem
2087 2756 2166 2794 est
2198 2742 2389 2813 efferre
2424 2743 2535 2793 sine
2574 2744 2882 2812 reciproco,

1875 2819 1995 2871 vide
2017 2819 2283 2872 Drakenb.
2310 2820 2380 2871 ad
2401 2821 2510 2871 Liv.
2539 2822 2629 2883 lv,
2654 2818 2722 2872 33
2739 2858 2756 2884 ,
2788 2836 2850 2874 10
2865 2857 2882 2886 ,

1880 2898 1971 2951 sed
1995 2898 2100 2951 hoc
2126 2898 2395 2969 indigebat
2418 2897 2597 2951 addito
2620 2899 2883 2971 objecto);

1880 2978 2053 3031 subita
2072 2977 2158 3029 illa
2180 2997 2277 3030 nec
2297 2979 2406 3031 ullo
2427 2978 2660 3030 remedio
2681 2979 2883 3030 mollita

1879 3074 2133 3129 equorum
2161 3059 2362 3109 mentio
2395 3073 2503 3108 non
2538 3070 2616 3109 est
2646 3056 2879 3110 ferenda.

1882 3137 2096 3206 ingenio
2120 3155 2248 3189 sane
2271 3150 2441 3204 caret,
2464 3136 2554 3188 sed
2582 3139 2758 3189 sensui
2781 3139 2884 3189 for-

1882 3228 2019 3269 tasse
2051 3216 2279 3268 sufficiat
2314 3231 2437 3269 ante
2455 3216 2773 3289 ferocientes
2801 3220 2883 3270 in—

1881 3308 2078 3347 sertum
2120 3294 2276 3347 velut.
2320 3297 2455 3346 Tum
2500 3313 2597 3365 pro
2641 3306 2701 3346 ut
2734 3314 2883 3367 prov.

1881 3373 2056 3425 malim
2086 3387 2136 3426 et
2158 3392 2214 3445 p.
2245 3373 2469 3424 Multum
2500 3386 2676 3425 tamen
2706 3373 2884 3441 abest,

1881 3466 1940 3504 ut
1966 3452 2230 3523 duplicem
2256 3452 2399 3505 issam
2427 3454 2777 3506 mutationem
2803 3455 2884 3505 oroi}

1879 3532 2152 3604 efferentes
2200 3532 2404 3601 κριτικός
2452 3531 2565 3583 fueri
2623 3551 2883 3585 censeam.

1879 3611 2119 3662 Furentes
2142 3612 2447 3682 reponentis
2470 3612 2757 3662 Burmanni
2776 3631 2887 3664 eru·

1878 3689 2071 3741 ditioni
2091 3689 2530 3742 condonabimuS.
2555 3691 2720 3760 Regio
2744 3692 2886 3745 desi-

1879 3768 2082 3822 deranti
2105 3770 2307 3840 aliquot
2325 3768 2414 3822 hic
2432 3769 2591 3822 verba
2612 3770 2687 3823 nil
2710 3785 2887 3823 tamen

1878 3850 1980 3900 nisi
2005 3846 2405 3899 adscribendam
2431 3866 2545 3900 esse
2569 3850 2881 3920 particulam

1880 3944 1941 3978 ac
1978 3925 2161 3996 liquet.
2206 3926 2475 3981 inserebat
2508 3925 2597 3977 ille
2637 3928 2885 3998 profecto

1879 4018 1999 4057 ante
2023 4023 2356 4057 coerceamus.

1947 4104 2000 4155 9.
2046 4085 2237 4138 Nouos.
2271 4086 2483 4159 Τηνία,
2519 4104 2710 4152 novus,
2750 4086 2881 4140 miro

1879 4166 2096 4217 errantis
2119 4177 2348 4237 torpore.
