3200 5159
642 471 1306 543 INSTITUTIONIS
1343 471 1600 539 ORAT.
1643 473 1801 539 LIB.
1842 474 1963 554 Xl,
2006 496 2066 540 2.

2285 475 2408 564 287

307 619 385 670 ut
411 596 687 669 athletae
716 594 1146 697 ponderibus
1176 595 1530 695 plumbeis
1552 609 1568 639 ¹
1609 597 2073 670 assuefaciunt
2110 623 2364 671 manus
2386 657 2407 691 ,

309 713 568 814 quibus
596 713 828 785 vacuis
853 734 920 784 et
955 711 1163 784 nudis
1200 712 1271 783 in
1306 712 1686 785 certamine
1713 713 2057 789 utendum
2089 734 2228 788 est:
2262 741 2409 787 non

306 829 626 902 omittam
677 827 921 917 etiam,
953 827 1145 926 quod
1191 826 1614 925 quotidianis
1656 829 2140 927 experimentis
2170 829 2416 929 depre-

308 941 676 1033 henditur,
708 940 1006 1013 minime
1056 938 1337 1013 fidelem
1391 968 1536 1014 esse
1588 943 1798 1041 paulo
1842 944 2256 1045 tardi-oribus.
2307 946 2412 1017 in·

307 1059 527 1158 geniis
574 1078 927 1135 recentem
970 1057 1412 1131 memoriam.
1447 1060 1716 1130 Mirum
1752 1059 1941 1132 dictu
1979 1082 2109 1149 est,
2157 1087 2286 1134 nec
2334 1061 2406 1134 in
2445 1082 2515 1151 43

304 1187 684 1273 promptu²
732 1171 940 1262 ratio,
987 1192 1332 1271 quantum
1382 1200 1520 1246 nox
1564 1174 1964 1274 interposita
2008 1177 2255 1250 afferat
2283 1176 2412 1248 fir-

308 1289 559 1361 mitatis
579 1344 599 1379 ‚
630 1288 768 1361 sive
805 1288 1171 1387 requiescit
1184 1287 1227 1334 3'
1254 1290 1447 1361 labor
1474 1291 1593 1363 ille
1613 1347 1633 1380 ,
1668 1291 1870 1393 cujus
1900 1292 2033 1364 sibi
2078 1292 2226 1392 ipsa
2254 1292 2436 1365 fati--

304 1403 492 1503 gatio
517 1404 872 1494 obstabat,
907 1403 1047 1478 sive
1078 1405 1538 1503 concoquitur
1551 1406 1609 1496 4,
1644 1433 1766 1480 seu
1797 1428 2217 1498 maturatur,
2251 1434 2408 1507 quae

305 1519 705 1592 firmissima
729 1519 879 1619 ejus
904 1546 1064 1619 pars
1097 1540 1220 1609 est,
1248 1521 1661 1611 recordati03
1695 1548 1850 1621 quae
1879 1521 2155 1595 statim-⁴
2174 1522 2412 1595 referri

306 1662 450 1708 nou
494 1655 844 1734 poterant,
880 1656 1344 1708 contexuntur
1379 1657 1649 1735 postera
1681 1638 1793 1709 die
1810 1636 1866 1728 ⁶,
1902 1637 2410 1736 confirmatque

311 1749 727 1822 memoriam
747 1749 937 1822 idem
958 1749 1133 1823 illud
1164 1752 1474 1851 tempus,
1501 1752 1694 1850 quod
1727 1778 1870 1825 esse
1895 1752 1968 1824 in
2004 1770 2212 1824 ‘causa
2236 1750 2413 1824 solet

306 1863 701 1938 oblivionis.
724 1864 955 1937 Etiam
985 1863 1107 1938 illa
1123 1865 1459 1963 praevelox
1488 1867 1631 1939 fere
1649 1866 1779 1939 cito
1811 1865 2069 1956 effluit,
2100 1886 2200 1957 et,
2224 1865 2413 1938 velut
2447 1879 2518 1949 44

306 1980 628 2080 praesenti
655 1980 891 2052 officio
927 1980 1169 2052 functa
1206 1980 1384 2052 nihil
1416 1981 1488 2053 in
1520 2002 1876 2081 posterum
1914 1981 2197 2070 debeat,
2237 2002 2414 2053 tam-

309 2123 531 2195 quam
571 2095 859 2168 dimissa
890 2095 1243 2169 discedit⁷:
1283 2123 1413 2168 nec
1439 2118 1540 2169 est
1571 2098 1871 2186 mirum,
1908 2097 2128 2195 magis
2152 2097 2411 2169 haerere

306 2212 589 2301 animo,
623 2239 778 2311 quae
808 2212 1071 2285 diutius
1109 2213 1314 2285 affixa
1340 2213 1498 2287 sint.
1531 2216 1633 2286 Ex
1661 2213 1790 2286 hac
1823 2214 2269 2311 ingeniorum
2296 2213 2412 2284 di-

302 2326 614 2400 versitate
648 2349 814 2401 nata
843 2328 1189 2401 dubitatio
1223 2349 1359 2418 est,
1386 2327 1520 2401 αιί8
1551 2329 1837 2402 verbum
1864 2333 1948 2402 sit
1979 2330 2409 2402 ediscendum

388 2537 432 2572 t.
459 2518 722 2574 Plumbeis
743 2521 1109 2594 assuefaciunt.
1137 2524 1313 2574 Turic.

308 2598 450 2651 Plor.
473 2598 590 2669 (hic
611 2620 641 2653 a
665 2621 745 2672 pr.
774 2600 959 2673 manu)
977 2600 1202 2671 publicis
1223 2600 1320 2652 ad-

308 2684 643 2756 suefacta-ent.
666 2685 743 2736 Ex
757 2684 894 2736 Alm.
918 2684 1129 2736 nonnisi
1149 2682 1321 2754 publi-

308 2764 400 2816 cis.
430 2766 533 2816 Ista
566 2781 671 2836 quo
702 2763 826 2815 sit...
861 2774 1101 2816 exercent
1127 2763 1321 2813 omittit

316 2842 477 2895 Cin.

388 2939 436 2973 2.
476 2921 734 2993 Promptu
772 2923 923 2973 ratio.
960 2921 1136 2972 Turic.
1180 2919 1320 2971 Flor.

311 2998 438 3071 (hic
461 3019 491 3053 a
510 3001 679 3072 prima
700 2998 880 3070 manu)
898 3010 1113 3072 propter
1132 3001 1320 3051 umtio.

314 3080 453 3133 Alrn.
473 3093 594 3151 post
613 3078 988 3151 compendium
1007 3079 1156 3130 vocis
1171 3095 1325 3150 prop·

316 3170 395 3212 ter
408 3159 570 3213 babet
589 3182 600 3212 ι
624 3178 766 3212 cura.
788 3157 955 3211 Modo
970 3161 1144 3210 Turic.
1162 3157 1325 3225 Plora,

273 3249 281 3257 '
314 3238 535 3290 dictum.
908 3300 913 3307 Ι

387 3318 438 3370 3.
454 3315 771 3390 Requiescit5
787 3317 861 3368 sic
877 3313 1061 3369 Ambr.
1084 3333 1111 3367 α
1129 3352 1145 3378 .,
1162 3312 1323 3366 Goth.

314 3397 461 3449 Jens.
486 3393 611 3465 (tac.
637 3393 820 3463 Gesn.)
853 3395 1016 3449 Cim».
1051 3412 1172 3445 cum
1201 3391 1322 3445 edd.

314 3486 439 3527 ante
462 3474 617 3526 nasu.
644 3473 863 3545 nequies
879 3492 1028 3538 cum,
1050 3473 1323 3525 Turiccns.

318 3550 457 3605 Flor.
478 3571 602 3607 cum
623 3551 757 3604 Alm.
784 3551 990 3623 Reliqui
1008 3550 1241 3622 quiescit.
1256 3578 1327 3590 —

318 3633 500 3686 Nostri
535 3631 829 3704 requiescit,
865 3649 978 3693 exc.
1012 3631 1073 3682 R.
1107 3648 1198 3698 ιο,
1236 3632 1327 3703 qui

322 3711 415 3766 dat
443 3714 536 3785 qai
560 3714 670 3764 scit.
701 3713 796 3763 En.

397 3790 447 3858 4.
472 3792 591 3844 Sive
612 3789 965 3862 concoquitur,
988 3806 1073 3840 seu
1094 3797 1329 3840 motura-

324 3880 424 3936 tur,
456 3864 919 3943 quoefinnissirpm
954 3870 1029 3919 sic
1052 3867 1326 3919 Turicens.

1397 2522 1850 2598 quodfimimo
1860 2546 1881 2586 ,·
1902 2536 1952 2576 et
1971 2525 2135 2590 δραι,
2153 2542 2217 2575 ac
2235 2525 2409 2596 coqui-

1399 2614 1499 2664 tur,
1547 2622 1670 2655 cum
1708 2601 1830 2656 edd.
1856 2616 2081 2674 postet-r.
2120 2614 2243 2654 ante
2284 2601 2404 2655 Ald.

1399 2679 1540 2752 (vide
1554 2682 1698 2747 Vssl,
1727 2682 1787 2749 4,
1819 2680 1903 2754 16)
1930 2682 2059 2733 item
2081 2678 2274 2748 Goth,
2301 2680 2411 2734 sive

1401 2763 1761 2833 concoquitur.

1474 2840 1522 2893 5.
1545 2840 1674 2910 Quoe
1690 2839 1925 2892 statim...
1943 2849 2146 2911 postero
2169 2837 2268 2890 die.
2285 2839 2438 2891 Haec.

1402 2915 1826 2990 epiphonematis
1858 2916 1981 2968 loco
2019 2917 2412 2987 subjunguntur

1401 3015 1497 3067 per
1524 2995 1834 3069 asyndeton.
1866 2996 2064 3067 Referri
2093 2997 2413 3068 interpretor

1404 3074 1704 3146 singulatim
1721 3077 1887 3146 repeti
1898 3111 1915 3140 ‚
1935 3076 2141 3127 contexi
2153 3077 2412 3127 continuo

1407 3157 1659 3208 orationis
1683 3154 1896 3206 flumine
1921 3152 2218 3207 decurrere.

1476 3232 1527 3287 6.
1550 3235 1764 3286 Postera
1782 3234 1878 3285 die.
1900 3233 2062 3285 Cant.
2079 3273 2096 3300 ‚
2116 3244 2316 3307 postero
2334 3234 2411 3301 d.‚

1407 3331 1527 3365 cum
1555 3312 1676 3364 Ald.
1703 3311 1825 3364 Bad.
1859 3310 2014 3363 Basil.
2038 3311 2242 3385 Gryph.
2263 3314 2409 3366 Gibs.

1406 3390 1534 3445 Obr.
1551 3390 1689 3442 nou.
1702 3390 1834 3443 Vide
1844 3390 1914 3440 Vl
1927 3427 1943 3455 ‚
1964 3390 2017 3455 3,
2037 3407 2124 3459 90.
2145 3392 2273 3443 Mox
2290 3409 2414 3443 con·

1390 3466 1625 3542 fimavit
1650 3485 1794 3541 quoe,
1818 3470 1994 3519 Turio.
2030 3467 2207 3520 Guelf.
2247 3468 2422 3522 Modo·

1405 3558 1738 3614 contextum,
1777 3548 1968 3611 Caum
1991 3549 2145 3600 ·item
2187 3548 2408 3620 referre,

1406 3645 1529 3679 cum
1550 3630 1708 3679 Rusc.

1479 3725 1529 3778 7.
1554 3705 1796 3759 Discedit.
1825 3707 2090 3759 omittunt
2116 3706 2224 3758 RB.
2253 3707 2320 3774 3,
2345 3705 2414 3772 5,

1414 3803 1496 3839 ιο.
1526 3787 1619 3838 En.

1480 3865 1530 3917 8.
1550 3866 1670 3930 Est,
1697 3862 1768 3915 ad
1786 3863 1987 3916 verbum
2001 3883 2021 3924 ,·
2047 3864 2122 3915 sic
2135 3865 2411 3918 'run-icens.

324 3949 465 4002 Flor.
482 3950 582 4001 nini
602 3946 748 4020 quod
772 3967 835 3999 ex
848 3946 954 3998 hoc
973 3965 1083 3999 non
1106 3947 1332 4000 refertur
1410 3944 1590 3998 Ambr.
1623 3962 1652 3997 a
1668 3983 1686 4011 ‚
1726 3945 1888 3996 Cim.
1932 3960 2054 3994 cum
2089 3941 2252 3994 Goth.
2277 3942 2414 3995 Van.

323 4046 454 4102 «ματ.
502 4028 709 4100 Reliqui
755 4046 793 4080 s.
836 4037 1137 4079 maturatur
1177 4036 1334 4098 atque
1410 4027 1564 4078 Voss,
1589 4042 1638 4091 1,
1657 4025 1689 4077 3
1709 4022 1762 4095 (e
1775 4028 1929 4076 Voss.
1953 4040 1983 4074 α
2006 4023 2227 4075 affertur
2244 4042 2316 4074 on
2333 4023 2423 4076 acl-

324 4107 668 4180 concoquitur
710 4122 797 4159 seu
822 4104 1162 4180 firmissima,
1217 4124 1329 4158 exc.

1413 4104 1692 4176 ver-bium),
1718 4105 1937 4158 Gesner.
1971 4103 2085 4175 Bip.
2117 4103 2212 4155 Est
2240 4122 2311 4154 an
2337 4123 2415 4169 v.,

326 4188 489 4245 Cur.
533 4188 623 4260 qui
660 4189 715 4241 in
753 4188 994 4242 exn-emin
1040 4186 1187 4241 hisce
1230 4187 1335 4240 sive
1414 4182 1589 4238 Guelf.
1615 4200 1738 4236 cum
1760 4183 1904 4237 Jens.
1927 4183 2082 4235 'ran-v.
2109 4180 2317 4254 Reliqui
2346 4190 2422 4248 ert
