3200 5159
863 485 985 566 146
1420 481 1513 544 M.
1554 480 1782 544 FABII
1821 478 2383 563 QUINTILIANI

852 637 1070 718 quam
1098 607 1518 682 altissimum
1553 606 1912 678 silentium
1942 605 2409 678 scribentibus
2447 606 2753 680 maxime
2789 634 2955 680 con-

851 727 1085 800 venire
1110 752 1324 804 nemo
1346 723 1794 796 dubitaverit:
1816 749 1961 795 non
1976 743 2213 794 tamen
2238 723 2564 822 protinus
2586 723 2954 813 audiendi,

854 845 974 942 qui
1003 843 1296 917 credunt
1319 842 1679 943 aptissima
1698 856 1714 886 ¹
1757 841 1830 914 in
1863 840 1996 913 hoc
2020 867 2315 913 nemora
2340 838 2684 940 silvasque
2702 899 2723 932 ‚
2764 841 2954 940 quod

854 960 976 1034 illa
1003 959 1152 1033 caeli
1172 974 1196 1005 ²
1220 958 1500 1032 libertas
1519 955 1876 1049 ,locorum
1896 955 1924 1002 ³
1956 956 2349 1046 amoenitas,
2379 957 2763 1031 sublimem
2797 959 2955 1029 ani-

751 1096 819 1149 23
855 1101 1093 1163 mum,
1133 1095 1203 1146 et
1242 1072 1630 1145 beatiorem
1671 1070 1999 1171 spiritum
2038 1070 2351 1170 parent4.
2388 1072 2568 1143 Mihi
2614 1093 2801 1144 certe
2837 1073 2957 1173 ju-

853 1191 1128 1263 cundus
1150 1188 1175 1233 ⁵
1207 1188 1322 1260 hic
1357 1187 1619 1286 magis,
1647 1213 1865 1285 quam
1900 1186 2299 1260 studiorum
2324 1186 2662 1278 hortator,
2685 1186 2957 1260 videtur

854 1333 995 1378 esse
1033 1329 1371 1390 secessus3
1411 1328 1722 1400 namque
1755 1300 1911 1389 illa,
1946 1327 2102 1401 quae
2142 1299 2339 1402 ipsa⁶
2377 1301 2794 1392 delectant7,
2827 1331 2956 1375 ne-

853 1447 1035 1493 cesse
1066 1439 1166 1492 est
1192 1415 1516 1490 avocent⁰
1536 1418 1627 1488 ab
1656 1416 2045 1491 intentione
2072 1418 2303 1518 operis
2327 1418 2652 1491 destinati
2678 1448 2696 1507 ;
2726 1445 2956 1516 neque

849 1669 993 1721 Libri
1016 1670 1157 1720 enim
1181 1685 1366 1718 omnes
1387 1676 1574 1739 atque,
1602 1665 1754 1717 multi
1780 1679 1860 1718 ta·
1941 1680 2125 1721 tuente
2139 1669 2346 1734 Burm.,
2364 1670 2454 1739 qui
2471 1669 2627 1740 ponit
2644 1666 2764 1720 loea
2780 1666 2956 1723 ovidii

849 1764 973 1798 men
999 1757 1122 1816 post
1146 1746 1426 1795 maximam
1446 1744 1858 1797 distinctionem.
1942 1747 2051 1797 Art.
2074 1749 2122 1811 1,
2151 1747 2279 1816 237;
2304 1745 2552 1812 Remed.‚
2578 1743 2699 1798 805.
2723 1775 2797 1785 —
2820 1747 2956 1799 Nos-

847 1853 918 1865 --
963 1825 1145 1876 Nostri
1193 1841 1408 1893 quoque
1455 1842 1641 1876 omnes
1684 1835 1857 1895 atque.
1940 1827 2009 1877 tri
2038 1823 2244 1891 codd„
2271 1837 2495 1896 pareat,
2529 1843 2643 1876 exc.
2672 1825 2733 1878 R.
2764 1843 2832 1896 9,
2854 1827 2953 1897 qui

848 1902 1046 1968 Andr.‚
1064 1903 1378 1975 pariterque.
1405 1904 1495 1953 fin.
1936 1913 2148 1974 parant.
2174 1906 2265 1955 En.

925 2001 968 2034 1.
992 1981 1331 2053 Aptissima...
1355 1998 1567 2034 nemora
1584 1981 1858 2053 silvasque.

845 2063 1078 2128 Locum,
1105 2063 1159 2112 in
1188 2062 1300 2132 ipsa
1328 2058 1518 2110 harum
1551 2057 1859 2110 deliciarum

845 2140 1257 2213 reprehensione
1274 2177 1290 2205 ‚
1327 2137 1544 2190 mirifice
1581 2150 1860 2207 comptum

843 2219 1205 2293 nitidumque,
1218 2221 1303 2270 vix
1321 2218 1464 2288 legas
1486 2219 1599 2268 sine
1620 2214 1861 2267 recorda-

844 2304 991 2353 tione
1034 2317 1218 2352 eorum
1261 2291 1376 2368 quae
1414 2297 1608 2348 Plinius
1624 2332 1642 2361 ‚
1678 2296 1860 2347 Nostri

842 2378 1158 2451 discipulus,
1172 2379 1227 2428 in
1240 2376 1500 2427 diversam
1515 2375 1827 2426 sententiam
1842 2392 1857 2432 3

757 2507 770 2520 ,
844 2472 898 2512 et
920 2457 1162 2511 adhibuit
1185 2455 1477 2517 Gesnerus;
1501 2456 1690 2525 Epistt.
1715 2455 1765 2518 1,
1789 2454 1856 2514 6;

844 2540 950 2605 lx,
980 2538 1081 2603 36,
1108 2536 1173 2598 6;
1207 2535 1302 2588 sed
1334 2547 1388 2586 et
1419 2533 1669 2598 alterius,
1700 2550 1859 2603 quem

845 2637 944 2687 ego
962 2618 1206 2668 Tacitum
1225 2632 1340 2666 esse
1361 2612 1715 2668 adbuc.teneo
1728 2650 1745 2677 ‚
1767 2613 1858 2682 qui

843 2701 898 2750 in
919 2695 1056 2749 Dial.
1077 2696 1144 2746 de
1163 2696 1363 2759 Oratt.‚
1384 2713 1432 2745 c.
1453 2711 1488 2763 9
1504 2706 1665 2756 extr„
1690 2705 1744 2743 et
1767 2709 1823 2743 ια
1838 2729 1856 2758 ,

843 2776 1206 2828 suavissimam
1218 2771 1380 2824 habet
1396 2770 1645 2824 studendi
1654 2772 1707 2821 in
1720 2772 1856 2841 agris

842 2852 1376 2907 commendationem.
1404 2850 1481 2902 Eo
1510 2853 1771 2922 respexit,
1794 2864 1856 2902 ut

845 2937 1106 2986 monitum
1130 2945 1238 2997 est,
1260 2931 1455 2984 Plinius
1477 2932 1619 3003 ipse,
1639 2930 1739 2996 IX,
1767 2947 1857 2996 ιο,

849 3031 897 3064 2.
918 3015 989 3065 Ut
1011 3011 1119 3064 illic
1144 3029 1354 3062 nemora
1375 3021 1426 3064 et
1448 3008 1556 3063 luci
1566 3049 1584 3076 ,
1602 3012 1679 3061 ita
1699 3023 1751 3062 et
1770 3008 1858 3061 hie

847 3109 955 3143 uno
997 3092 1197 3141 variato
1240 3088 1523 3141 vocabulo.
1565 3087 1857 3140 Beatiorem

845 3184 1024 3223 autem
1047 3168 1282 3240 spiritum
1300 3205 1319 3233 ,
1348 3186 1446 3240 pro
1472 3187 1580 3239 quo
1607 3165 1857 3221 letiorem

845 3266 1106 3318 reponere
1121 3265 1281 3297 ausus
1297 3258 1375 3298 est
1390 3246 1692 3299 Obrecbtus
1704 3283 1722 3311 ‚
1737 3265 1858 3298 rec-

845 3330 1042 3381 tissime
1071 3326 1309 3379 defendit
1337 3327 1696 3393 Burmannus,
1725 3326 1857 3378 alle-

842 3426 974 3478 gans
997 3406 1175 3458 locum
1200 3407 1408 3468 Nostri,
1429 3407 1504 3472 X,
1531 3422 1576 3472 1,
1606 3423 1722 3476 ¹09·
1742 3406 1854 3459 Nec

842 3487 988 3540 aliud
1011 3486 1149 3537 dives
1174 3504 1305 3538 vena
1329 3486 1550 3537 Horatii.

917 3585 964 3619 2.
996 3566 1122 3619 Caelt’
1158 3563 1373 3618 libertas.
1410 3563 1550 3616 Flor.
1585 3563 1655 3636 (a
1686 3567 1858 3638 prima

842 3647 1035 3716 manu)
1057 3645 1217 3698 cicilis
1242 3645 1483 3697 liberatis.

916 3726 966 3778 3.
999 3725 1288 3784 Locorum,-
1316 3726 1391 3776 sic
1418 3724 1594 3775 Turic.
1621 3722 1851 3777 Floreat.

841 3806 1050 3877 Reliqui
1075 3803 1426 3874 locorumque.
1489 3818 1497 3826 ·

916 3885 967 3950 4.
996 3886 1205 3936 Parent.
1227 3881 1387 3935 Goth.
1403 3920 1420 3948 ,
1439 3892 1660 3953 pamm,-
1684 3882 1778 3935 sed
1802 3896 1855 3935 et

2014 1981 2063 2034 5.
2102 1983 2245 2033 Certe
2272 1980 2552 2053 jucundus.
2590 1980 2732 2033 Flor.
2772 1982 2955 2035 inserit

1905 2113 1909 2120 ,
1941 2058 2043 2108 vim
2070 2058 2283 2111 demoni
2292 2081 2310 2121 ‚·
2332 2058 2465 2110 Alm.
2481 2097 2498 2126 ,
2519 2058 2798 2112 videmoni.
2821 2060 2951 2113 Vide

1939 2136 1988 2205 5.
2035 2136 2113 2188 16.
2154 2138 2295 2189 Bene
2332 2157 2541 2189 mecum
2575 2140 2776 2213 agitur,
2812 2139 2956 2210 quod

1939 2215 2072 2268 nihil
2101 2216 2363 2287 ejusmodi
2390 2217 2557 2272 habet
2581 2220 2760 2272 Turic.
2788 2239 2951 2273 meus.

1939 2295 2043 2348 Sed
2063 2296 2145 2348 vel
2174 2316 2318 2349 nunc
2345 2300 2616 2368 aegerrimo
2644 2303 2824 2353 animo
2854 2301 2954 2353 bo-

1938 2393 2063 2428 nam
2087 2381 2297 2447 copiam
2321 2375 2410 2429 bie
2433 2379 2600 2447 ejnro.

2012 2455 2063 2508 6.
2095 2454 2220 2525 Qnoe
2244 2455 2389 2526 ἰρεας
2414 2457 2490 2508 sic
2514 2456 2689 2509 Turie.
2716 2457 2949 2512 Florem.

1938 2535 2115 2587 Guelf.
2140 2537 2347 2588 Omittit
2368 2534 2479 2607 ipsa
2498 2535 2663 2588 caup.
2686 2537 2899 2609 Reliqui
2918 2540 2951 2592 ἱ.

1937 2633 1989 2686 q.
2028 2613 2301 2666 Blanditur
2332 2632 2458 2667 sane
2492 2615 2625 2668 alter
2657 2615 2827 2684 ordo,
2862 2617 2953 2670 sed

1936 2706 2120 2745 noster
2162 2710 2327 2763 quum
2375 2691 2645 2744 difficilior
2683 2692 2951 2762 videatur,

1936 2772 2179 2825 deserere
2213 2791 2335 2825 eum
2366 2791 2477 2826 non
2505 2792 2625 2826 sum
2656 2792 2837 2829 ausus.
2870 2778 2954 2829 ln·

1938 2864 2226 2925 terpretor:
2251 2875 2275 2899 ι
2294 2852 2406 2905 haec
2426 2859 2592 2924 qu'urn
2610 2872 2709 2926 per
2726 2873 2813 2921 se,
2835 2856 2953 2908 nul-

1942 2954 1967 2978 ·
1987 2931 2050 2983 lis
2074 2931 2366 2984 litterarum
2389 2930 2693 2998 lenociniis,
2713 2932 2953 3006 volupta-

1943 3032 1968 3057 α
1990 3023 2094 3063 tem
2131 3012 2346 3063 faciant.
2367 3035 2391 3059 n
2433 3010 2663 3082 Vulgata
2696 3013 2946 3084 Jejunior.

1936 3118 2011 3129 -
2030 3089 2231 3142 Eadem
2252 3091 2437 3142 nostri.
2468 3091 2559 3141 En.

2011 3185 2062 3238 7.
2086 3167 2378 3221 Delectant.
2408 3169 2554 3222 Jens.
2587 3168 2724 3239 (tac.
2757 3171 2949 3242 Gesn.)

1937 3249 2091 3300 Tarv.
2108 3286 2126 3315 ,
2153 3248 2441 3314 delectent,
2472 3268 2597 3301 cum
2622 3248 2745 3302 Ald.
2772 3253 2942 3305 Male:

1938 3340 1997 3381 ut
2016 3341 2070 3380 et
2087 3327 2342 3384 advocent
2355 3328 2497 3401 (vide
2516 3342 2702 3382 notam
2722 3350 2946 3403 sequen·

1937 3407 2079 3478 tem)
2112 3426 2235 3460 cum
2267 3408 2385 3462 edd.
2421 3422 2645 3479 posterr.
2674 3424 2803 3464 ante
2831 3411 2942 3465 ΑΜ.

1934 3486 2039 3540 Sed
2061 3489 2215 3538 Voss.
2243 3504 2263 3539 ι
2296 3485 2360 3557 (a
2387 3506 2549 3540 manu
2571 3489 2777 3560 prima)
2804 3510 2947 3544 amo-

1935 3577 2073 3618 vent.
2104 3595 2175 3605 —
2202 3568 2387 3619 Nostri
2415 3586 2599 3621 omnes
2626 3569 2801 3624 codd.
2818 3610 2838 3640 ,
2866 3574 2945 3626 de·

1935 3643 2148 3698 lectam.
2174 3645 2268 3697 En.

2010 3725 2060 3777 8.
2086 3723 2339 3781 Avoeent.
2355 3728 2635 3786 Vomanus
2652 3728 2709 3780 in
2730 3728 2939 3782 Anthol.

1930 3806 2109 3856 Burm.
2140 3805 2242 3869 111,
2273 3804 2335 3856 51
2360 3826 2373 3856 z
2405 3827 2429 3854 ι
2452 3805 2703 3861 Oblectet
2728 3806 2940 3873 hortus,

1940 3907 1963 3931 α
1984 3898 2205 3950 avocat,
2251 3887 2461 3957 pascit.
2504 3899 2687 3950 tenet;
2714 3911 2737 3936 ι
2789 3908 2937 3962 quan

842 3962 1006 4015 modo
1044 3962 1173 4035 quid
1211 3974 1305 4031 pro
1345 3961 1487 4034 quod
1518 3960 1649 4029 (ubi
1687 3963 1851 4014 Cane.
1926 3966 2249 4036 scripturam
2270 3966 2343 4019 ibi
2367 3968 2697 4020 Burmannus
2722 3966 2935 4026 e,Codd.

843 4044 967 4118 qui)
990 4063 1110 4095 cum
1135 4043 1545 4111 interrogatione
1567 4043 1622 4093 in
1646 4041 1851 4094 clausu·

842 4121 911 4174 la.
930 4121 1168 4174 Sebelius
1183 4120 1252 4172 ad
1266 4120 1399 4173 Dial.
1418 4118 1485 4171 de
1499 4120 1692 4186 Oratt.,
1703 4139 1751 4172 c.
1771 4139 1788 4173 ι
1802 4140 1851 4187 2,

841 4202 1060 4273 conjicit
1110 4198 1325 4271 pariant
1341 4238 1361 4266 ,
1413 4211 1657 4252 nostrum
1707 4213 1851 4254 recte

1930 4048 2173 4115 reposuit
2197 4059 2250 4097 et
2272 4063 2458 4100 nostro
2484 4065 2701 4119 quoque
2724 4047 2847 4101 loco
2870 4049 2940 4101 fir-

1930 4126 2119 4186 mavit3‘
2141 4142 2268 4177 nam
2287 4127 2508 4182 advocat
2522 4126 2632 4181 illic
2652 4129 2813 4181 etiam
2831 4127 2937 4182 vul·

1929 4216 2112 4274 gutum
2136 4216 2266 4258 erat.
