3200 5159
830 496 917 564 80

1396 494 1492 560 M.
1532 491 1762 557 FABII
1802 490 2365 574 QUINTILIANI

831 625 981 706 tiuS,
1016 638 1084 691 et
1105 617 1193 690 ad
1221 618 1595 690 notandos¹
1620 615 1994 689 hominum
2030 644 2258 691 mores
2285 619 2716 718 praecipuus:
2740 618 2937 691 mul-

829 752 983 805 tum
1004 751 1071 805 et
1090 757 1263 806 verae
1284 732 1516 831 gloriae
1534 746 1587 820 ²,
1614 731 1935 830 quamvis
1966 758 2106 804 uno
2136 731 2337 824 libre,
2356 736 2625 808 Persius
2650 734 2935 806 meruit:

831 1041 953 1096 dcm
976 1045 1178 1096 Horatii
1203 1043 1538 1097 admiratore.
1559 1041 1848 1095 -Eadem

832 1127 1017 1178 nostri.
1041 1128 1139 1179 Εὐ.

912 1221 956 1256 1.
977 1202 1063 1256 Aa
1081 1202 1336 1257 notandos
1360 1201 1638 1254 hominum
1662 1220 1846 1256 mores.

830 1283 1013 1336 Turic.
1028 1321 1045 1348 ,
1068 1301 1173 1334 non
1194 1281 1341 1333 labor
1360 1284 1466 1352 ejus
1488 1299 1696 1345 amore,
1723 1299 1847 1333 cum

832 1361 970 1416 Alm.
987 1360 1091 1414 Sed
1101 1362 1239 1413 Flor.
1251 1359 1394 1432 (vide
1406 1360 1472 1413 ad
1486 1358 1531 1432 ς.
1545 1361 1636 1432 89)
1651 1359 1847 1426 Guelf.,

831 1442 936 1494 nisi
968 1440 1116 1493 tabor
1143 1443 1252 1514 ejus
1283 1459 1490 1506 amore,
1525 1460 1650 1493 cum
1682 1439 1845 1493 Goth.

833 1525 987 1574 Voss.
1014 1538 1031 1572 t
1048 1559 1066 1587 ,
1085 1539 1112 1572 2
1126 1560 1143 1587 ,
1159 1523 1191 1575 3
1204 1559 1220 1587 ,
1238 1535 1290 1572 et
1312 1519 1431 1571 edd.
1452 1533 1573 1573 ante
1590 1519 1710 1572 Ald.
1734 1536 1846 1573 exc.

834 1601 1000 1653 Cur.
1038 1603 1129 1671 qui
1163 1600 1442 1652 manifesto
1484 1611 1722 1650 nostram
1757 1597 1849 1649 dat

838 1680 1167 1749 scripturam.
1200 1678 1321 1728 Haec
1349 1679 1525 1745 igitur,
1552 1694 1711 1747 quam
1742 1695 1854 1729 me·

838 1758 943 1807 rito
964 1754 1191 1827 praetulit
1211 1757 1430 1824 Regius,
1447 1752 1538 1806 ubi
1556 1756 1821 1805 inventam
1835 1791 1853 1819 ,

839 1851 1160 1905 quamquam
1187 1830 1390 1902 aliquot
1413 1831 1733 1904 exemplaria
1755 1850 1855 1903 ap-

838 1910 1075 1983 pellans,
1100 1930 1210 1964 non
1240 1922 1493 1976 testatus,
1521 1910 1679 1962 nobis
1712 1928 1855 1962 nunc

840 1989 910 2042 ab
936 1989 1167 2042 editione
1190 1991 1431 2062 principe
1454 1988 1568 2041 sola
1592 2007 1858 2041 commen-

841 2068 998 2122 datur
1026 2070 1119 2142 (in
1154 2088 1260 2142 qua
1293 2068 1379 2121 hic
1404 2067 1622 2140 quidem
1656 2067 1857 2140 aliquid

840 2150 1087 2202 consulto
1113 2163 1373 2202 mutatum
1397 2167 1508 2201 non
1526 2148 1718 2215 credo,
1738 2148 1858 2201 vide

840 2231 938 2295 vt,
965 2231 1025 2296 3,
1052 2230 1145 2299 473
1173 2243 1224 2281 et
1251 2229 1350 2294 lx,
1376 2229 1437 2296 4,
1466 2229 1591 2291 113,
1616 2227 1710 2281 ubi
1732 2247 1858 2300 pro-

840 2309 984 2360 fecto
1021 2309 1220 2382 aliquid
1258 2309 1681 2378 interpretationi
1714 2306 1859 2359 dedit

841 2388 1004 2439 Cur.
1021 2391 1072 2455 );
1105 2389 1207 2439 nisi
1244 2388 1383 2442 forte
1420 2386 1575 2439 fidele
1614 2400 1694 2438 est
1726 2385 1858 2438 illud

841 2465 1064 2518 Gibsoni
1104 2467 1159 2518 in
1200 2467 1508 2517 Britannicis
1549 2466 1657 2516 suis
1696 2465 1859 2517 silen-

843 2546 996 2595 tium.
1034 2567 1056 2590 ιι
1076 2545 1209 2598 Sunt
1237 2559 1448 2610 tamen,
1473 2546 1565 2617 qui
1598 2544 1776 2614 legant
1808 2555 1862 2595 et

851 2644 873 2668 ιι
895 2623 951 2673 in
963 2621 1224 2676 scribendo
1240 2622 1389 2675 labor
1399 2624 1526 2696 ejus,
1543 2639 1721 2673 amore
1732 2639 1860 2693 prceb

850 2723 874 2746 α
891 2702 1109 2771 cipuus3
1132 2702 1227 2754 sed
1251 2720 1358 2753 non
1387 2700 1659 2774 procedit,
1686 2700 1753 2753 de
1779 2700 1859 2774 ly-

851 2800 874 2824 ιι
895 2781 1006 2830 rico
1027 2782 1196 2846 enim,
1215 2782 1268 2832 in
1292 2798 1399 2850 quo
1419 2779 1486 2832 de
1506 2798 1686 2832 amore
1708 2779 1860 2832 labor

852 2880 876 2906 ιι
894 2861 993 2924 sit,
1035 2860 1197 2931 paulo
1241 2874 1364 2931 post
1401 2859 1558 2913 dicet.
1581 2885 1603 2908 ιι
1644 2859 1854 2912 Badius,

844 2941 970 2993 Non
994 2941 1133 2994 male
1156 2941 1274 3004 ille;
1301 2942 1391 3012 qui
1415 2943 1470 2992 in
1496 2940 1794 3007 scribendo,
1818 2942 1853 2992 i.

846 3039 893 3072 e.
908 3058 925 3085 ,
945 3018 1295 3073 describendo
1307 3058 1325 3086 ,
1340 3037 1519 3071 amore
1532 3019 1771 3088 junxisse
1786 3020 1860 3070 vi·

848 3098 1016 3151 detur.
1049 3102 1316 3151 Postrema
1343 3100 1456 3169 ejus
1487 3116 1673 3169 parum
1704 3097 1861 3149 intel-

846 3179 972 3250 ligo.
1007 3178 1150 3248 Quid
1187 3182 1326 3231 enim
1360 3177 1427 3231 de
1460 3180 1653 3230 amoris
1685 3175 1861 3230 labore

847 3260 904 3312 in
935 3260 1264 3331 paucissimis
1296 3262 1440 3324 istis,
1470 3277 1585 3329 quae
1620 3274 1742 3308 mox
1777 3275 1860 3310 se·

850 3353 1107 3410 quuntur,
1131 3337 1198 3389 de
1221 3338 1380 3410 lyrico
1404 3335 1632 3408 genere?
1653 3334 1861 3407 Reliqui

849 3419 904 3468 in
924 3416 1149 3468 vocibus
1173 3416 1328 3468 nisi...
1359 3432 1536 3465 amore
1563 3426 1862 3484 agnoscunt

850 3515 968 3549 earn
983 3498 1296 3548 sententiam
1307 3534 1323 3562 ,
1340 3513 1456 3566 quae
1471 3512 1531 3545 su
1539 3511 1631 3563 pra
1652 3492 1862 3563 legitur,

852 3577 947 3638 vi,
972 3575 1035 3636 3,
1059 3575 1120 3639 3,
1139 3573 1234 3625 ubi
1257 3586 1497 3624 nostrum
1520 3570 1699 3623 locum
1724 3571 1865 3624 desi·

848 3650 1048 3722 gualiat
1098 3655 1424 3704 Burmannus
1442 3687 1461 3714 ,
1512 3669 1598 3702 me
1646 3648 1864 3720 quidem

852 3731 1044 3783 frustra
1066 3742 1348 3803 quaerente.
1373 3731 1585 3781 Poterat
1605 3747 1665 3781 ea
1686 3732 1866 3781 rectia·

853 3812 984 3862 sime
1004 3811 1135 3881 poni
1161 3827 1189 3860 a
1213 3810 1396 3877 Quint.
1424 3821 1612 3879 agente
1635 3807 1702 3860 de
1721 3807 1866 3861 (Χοο-

853 3908 986 3940 rone
1008 3907 1134 3949 suo,
1158 3887 1225 3940 de
1248 3888 1468 3939 Horatio
1494 3906 1829 3958 nequaquam
1847 3910 1893 3956 ς·

854 3967 975 4019 vide
999 3969 1291 4039 proximam
1311 3980 1489 4019 notam
1510 3980 1565 4018 et
1581 3965 1865 4036 malignam

856 4064 982 4098 mox
1001 4046 1240 4117 ejusdem
1257 4042 1495 4109 laudem3
1517 4047 1643 4097 item
1663 4046 1715 4111 1,
1731 4045 1762 4098 8
1774 4084 1791 4112 ,
1810 4045 1862 4097 6.

857 4126 1021 4194 Quod
1045 4130 1135 4197 qui
1158 4138 1389 4197 spectet,
1415 4138 1564 4177 eruat
1585 4126 1814 4178 fortasse
1836 4144 1867 4178 e

855 4205 1034 4259 Turic.
1068 4206 1328 4276 scriptura
1361 4225 1384 4249 ιι
1403 4222 1515 4257 non
1547 4206 1688 4256 enim
1714 4202 1869 4257 labor

724 856 795 929 9⁵
832 868 994 921 sunt
1020 848 1187 920 clari
1221 848 1567 948 hodieque
1582 846 1640 938 ³,
1671 867 1740 920 et
1767 846 1889 946 qui
1922 847 2098 920 olim
2133 849 2717 922 nominabuntur.
2757 850 2943 922 Alte·

1934 1066 1957 1089 ιι
1979 1048 2093 1116 ejus
2117 1063 2327 1112 amore,
2346 1069 2368 1093 ιι
2398 1047 2432 1097 i.
2459 1064 2540 1110 e.,
2562 1059 2680 1098 tuto
2704 1063 2945 1118 pronun-

1929 1126 2070 1176 ciare
2084 1143 2299 1196 possum
2312 1164 2328 1192 ,
2347 1142 2454 1178 non
2470 1126 2613 1177 enim
2623 1163 2642 1190 ,
2659 1139 2761 1177 etc.
2778 1123 2944 1177 Nihili

1930 1213 2109 1257 tamen
2132 1202 2236 1255 hoc
2259 1203 2513 1255 collatum
2536 1202 2603 1253 ad
2628 1215 2819 1254 nostrie
2843 1201 2949 1254 lec-

1928 1283 2088 1335 tionis
2116 1283 2528 1355 proprietatem,
2560 1296 2613 1334 et
2635 1282 2909 1334 veritatem
2925 1320 2946 1348 ,

1929 1377 1981 1414 et
2002 1363 2316 1432 elegantiam
2330 1401 2347 1429 ,
2367 1381 2482 1433 qum
2501 1363 2658 1415 unice
2678 1360 2835 1432 digna
2862 1376 2947 1414 est

1927 1440 2279 1509 Quintiliano,
2296 1460 2396 1492 nec
2414 1443 2589 1511 potuit
2602 1440 2846 1512 profecto
2868 1442 2943 1492 sic

1931 1532 2125 1590 sponte
2159 1521 2323 1578 nasci.
2358 1518 2646 1587 Quomodo
2685 1537 2745 1570 ea
2783 1517 2949 1570 lateat

1931 1599 1986 1649 in
2002 1597 2103 1649 illis
2116 1599 2418 1650 Turicensis
2431 1595 2682 1649 ductibus
2692 1633 2710 1661 ,
2728 1595 2951 1647 difficile

1932 1674 2109 1741 dictu,
2135 1693 2455 1747 quamquam
2481 1692 2581 1727 nec
2604 1673 2831 1746 despero
2854 1690 2950 1744 pe-

1933 1757 2092 1806 ritum
2108 1756 2349 1807 criticum
2361 1768 2414 1806 et
2423 1752 2825 1825 diplomaticum
2842 1750 2947 1804 hoc

1935 1832 2453 1898 demonstraturum,
2488 1834 2530 1886 si
2563 1834 2850 1903 pra-sertim
2880 1829 2948 1881 ad

1937 1912 2275 1964 obscuratam
2292 1913 2629 1984 scriptionem
2646 1922 2851 1962 mature
2866 1929 2950 1961 ar·

1937 1991 2154 2041 cesserit
2181 1989 2402 2042 muleeta
2425 1990 2735 2059 corrigentia
2759 1987 2951 2040 seduli-

1938 2082 2046 2135 tas,
2067 2070 2159 2139 qui
2183 2068 2270 2121 illa
2297 2088 2360 2121 ex
2385 2083 2531 2121 sexto
2556 2067 2692 2120 libro
2718 2066 2826 2119 huc
2849 2066 2949 2118 ob-

1938 2162 2082 2201 torto
2107 2147 2248 2201 collo
2274 2150 2572 2215 attraxerit,
2600 2149 2753 2200 nixus
2782 2149 2949 2198 maxi·

1939 2246 2023 2280 me
2045 2245 2180 2279 voce
2197 2230 2505 2301 precipuus.

2011 2323 2062 2359 a.
2089 2306 2331 2359 Multum
2362 2318 2413 2360 et
2440 2323 2573 2359 veroe
2591 2305 2794 2382 glorioe.
2826 2307 2951 2358 Non

1937 2405 2047 2438 uno
2068 2385 2231 2439 modo
2250 2388 2422 2460 accipi
2442 2400 2617 2459 potest
2639 2389 2947 2457 conjunctio

1938 2477 2020 2530 et,
2050 2479 2110 2518 ut
2132 2465 2213 2518 vel
2245 2466 2496 2538 adjungat
2524 2465 2687 2518 modo
2716 2467 2948 2518 Persium

1940 2546 2188 2608 Horatio,
2207 2544 2316 2610 vel,
2341 2544 2395 2595 id
2420 2543 2567 2616 quod
2589 2545 2840 2616 praefero,
2861 2562 2950 2595 va-

1938 2622 2043 2676 leat
2054 2623 2348 2696 etquidem,
2363 2622 2465 2675 hac
2478 2625 2737 2675 sententia
2752 2644 2765 2673 z
2789 2621 2951 2673 «mul-

1945 2724 1967 2748 ιι
1989 2713 2100 2753 tum
2131 2701 2311 2771 gloria!
2343 2714 2398 2752 et
2428 2700 2642 2772 quidem
2677 2717 2809 2754 veroe
2838 2699 2951 2771 glo-

1945 2802 1969 2828 ιι
1988 2784 2090 2832 riae.
2113 2804 2136 2828 ιι
2184 2781 2276 2833 Est
2320 2795 2496 2834 autem
2537 2784 2852 2851 conjunctio
2898 2783 2949 2833 in

1940 2860 2218 2928 omnibus»,
2266 2875 2527 2932 quantum
2562 2860 2748 2926 video,
2785 2859 2949 2913 libris.

1940 2940 2141 2992 Met-uit
2187 2939 2305 2991 vide
2348 2937 2417 2992 ad
2460 2937 2505 3009 §.
2550 2956 2635 3010 72.
2682 2939 2915 2990 Persium
2932 2976 2952 3005 ,

1939 3024 2092 3093 cujus
2127 3019 2356 3072 tenebrae
2385 3023 2469 3071 vix
2500 3034 2749 3091 poterant
2778 3018 2957 3072 delec-

1938 3110 2053 3151 tare
2072 3100 2355 3164 Nostrum,
2376 3116 2471 3150 cur
2490 3111 2634 3150 tanta
2655 3097 2817 3150 laude
2838 3115 2955 3168 pro-

1941 3192 2212 3249 sequatur,
2254 3177 2493 3229 nondum
2534 3180 2657 3230 satis
2694 3176 2950 3247 intelligo.

1941 3258 2129 3330 Neque
2158 3258 2298 3309 enim
2328 3275 2470 3309 nunc
2499 3255 2566 3309 tle
2592 3259 2713 3327 ipso
2745 3274 2955 3328 quero,

1941 3333 2205 3391 irerumde
2220 3337 2548 3405 Quintiliano
2569 3356 2691 3389 eum
2707 3338 2956 3407 judican-

1942 3432 2013 3471 te.
2030 3418 2169 3470 ldem
2189 3417 2331 3484 quod
2350 3419 2546 3469 Noster
2560 3416 2627 3468 de
2644 3419 2822 3469 Persio
2841 3435 2955 3469 sen·

1944 3498 2009 3547 tit
2023 3494 2276 3547 Martialis
2292 3493 2414 3546 loco
2430 3496 2703 3548 notissimo
2716 3534 2734 3564 ,
2753 3498 2843 3560 IV,
2861 3513 2953 3565 aq,

1944 3592 1997 3646 7,
2026 3577 2087 3629 8:
2118 3597 2141 3621 ιι
2161 3574 2360 3646 Saepius
2388 3577 2443 3628 in
2472 3573 2608 3627 libro
2633 3588 2957 3627 memoratur

1950 3677 1972 3702 ιι
1992 3655 2198 3706 Persius
2228 3672 2336 3705 uno
2354 3691 2370 3718 ,
2397 3655 2571 3723 Quam
2603 3649 2730 3706 levis
2759 3655 2815 3705 in
2842 3668 2956 3706 tota

1949 3754 1973 3779 ι
1994 3735 2200 3785 Marsus
2213 3731 2560 3794 Amazonide3
2579 3756 2600 3779 ιι
2626 3731 2719 3783 ubi
2733 3750 2803 3784 an
2820 3734 2956 3784 Mar·

1944 3829 2034 3864 sus
2056 3812 2212 3877 sitis,
2236 3809 2304 3861 de
2325 3828 2433 3880 qno
2458 3812 2659 3880 egimus
2684 3809 2751 3861 ad
2775 3813 2872 3876 vl,
2894 3810 2955 3873 3,

1954 3908 2049 3943 102
2063 3928 2081 3957 ,
2101 3889 2340 3962 plurimis
2359 3888 2491 3941 locis
2512 3888 2739 3941 Martiali
2762 3889 2835 3940 ob
2853 3890 2958 3959 epi-

1944 3984 2294 4041 grammatum
2330 3969 2644 4039 elegantiam
2676 3967 2955 4032 laudatus,

1946 4052 2133 4101 merito
2157 4047 2448 4100 dubitatur.

2024 4127 2076 4178 3.
2099 4125 2392 4197 Hodieque.
2427 4126 2620 4190 Cin,
2648 4123 2804 4176 hodie
2833 4142 2961 4196 quo-

1943 4222 2083 4276 que,
2117 4222 2238 4258 cum
2271 4202 2432 4258 Goth.
2461 4205 2617 4257 Voss.
2655 4221 2684 4257 2
2703 4241 2719 4273 ,
2755 4217 2809 4257 et
2834 4201 2957 4256 odd.
