3200 5159
695 514 1350 582 {NSTtTUTIONIS
1387 495 1647 580 ORAT.
1688 516 1850 581 Lm.
1891 516 2015 595 xl,
2053 517 2115 581 3.
2335 516 2462 596 403

348 637 709 724 modatus,
733 636 1000 736 aliquid
1024 663 1103 709 ex
1129 637 1242 726 iis,
1274 662 1429 734 quae
1459 663 1672 736 supra
1691 651 1709 682 ¹
1736 634 1910 725 'dixi;
1929 639 1989 708 si
2015 651 2039 681 ²
2061 637 2461 737 placandoS,

346 756 753 828 inclinatam
778 755 1168 854 quamdam
1191 754 1571 844 lenitatem;
1590 755 1648 826 si
1669 754 2136 828 misericordia
2156 782 2463 843 commo-

346 871 638 958 vendos,
674 871 935 943 flexum
962 869 1149 942 vocis
1167 868 1225 957 3,
1245 891 1313 942 et
1328 869 1644 943 flebilem
1670 870 2108 960 suavitatem,
2143 897 2286 970 qua
2306 897 2466 970 prae-

348 987 550 1085 cipue
572 988 998 1083 franguntur
1016 983 1262 1074 animi,
1298 1010 1592 1083 quaeque
1628 1004 1733 1058 est
1761 985 2064 1057 maxime
2094 985 2460 1060 naturalis:

345 1131 514 1177 nam
555 1104 763 1176 etiam
812 1103 1015 1174 orbos
1054 1101 1437 1200 viduasque
1484 1101 1713 1175 videas
1765 1103 1840 1174 in
1889 1102 2055 1201 ipsis
2092 1102 2462 1178 funeribus

338 1248 605 1300 canoro
635 1221 950 1317 quodam
990 1218 1201 1291 modo
1243 1219 1772 1318 proclamantes
1808 1220 1946 1292 Hic
1966 1219 1997 1276 4
2029 1221 2240 1294 etiarn
2269 1222 2463 1296 fusca
2497 1250 2588 1304 ¹7¹

347 1337 470 1408 illa
502 1363 663 1426 vox,
703 1335 991 1435 qualem
1030 1334 1270 1407 Cicero
1301 1334 1512 1407 fuisse
1561 1335 1636 1405 in
1668 1336 1977 1408 Antonio
2012 1334 2248 1425 dicit5,
2285 1336 2460 1414 mire

344 1450 641 1541 faciet⁶;
689 1451 941 1523 habet7
992 1450 1184 1522 enim
1226 1450 1299 1521 in
1331 1476 1434 1538 se,
1477 1451 1670 1548 quod
1698 1450 2154 1523 ⁸imitamur:
2204 1451 2462 1550 duplex

346 1591 451 1641 est
495 1590 734 1641 tamen
778 1567 1156 1656 miseratio;
1199 1567 1412 1639 altera
1447 1595 1610 1639 cum
1656 1569 1953 1659 invidia,
1988 1570 2214 1669 qualis
2249 1569 2461 1640 modo

345 1685 579 1757 dictas)
610 1683 696 1756 de
730 1684 1184 1756 damnatione
1214 1682 1657 1774 Philodam13
1689 1684 1902 1757 altera
1932 1711 2096 1758 cnm
2127 1685 2458 1785 depreca-

344 1801 534 1874 tione
564 1801 950 1873 demissior.
980 1804 1252 1896 Quare,
1296 1801 1566 1873 etiamsi
1596 1803 1798 1873 estin
1828 1802 1963 1873 illis
1987 1829 2268 1903 quoque
2302 1830 2459 1874 can·
2496 1838 2591 1892 172

342 1940 456 1991 tus
480 1918 861 2005 obscurior,
888 1921 973 1989 In
1002 1933 1177 1989 coetu
1206 1930 1262 1962 ¹⁰
1290 1944 1451 1989 vero
1476 1917 1723 2018 populi
1749 1924 2020 1991 romani
2035 1950 2060 2003 ;
2091 1946 2237 1991 non
2264 1920 2456 1992 enim

338 2118 459 2151 rum
494 2094 900 2156 ἀνακεφαλαίωσιν
938 2097 1047 2149 cito
1080 2108 1354 2168 peragant.
1511 2096 1561 2147 6.
1580 2097 1782 2158 Faciet,-
1808 2100 1883 2149 sic
1902 2099 2079 2149 Turio.
2105 2096 2247 2148 Flor.
2270 2096 2448 2149 Ambr.

341 2178 593 2243 Videvt,
624 2194 670 2240 1,
704 2192 720 2227 Ι
749 2194 899 2247 seqq.
1442 2192 1499 2240 2,
1533 2174 1708 2228 Guelf.
1749 2175 2106 2247 (quamquam
2142 2177 2198 2227 in
2235 2175 2339 2227 hoc
2379 2176 2450 2227 ob

418 2275 458 2310 1.
491 2257 616 2326 Quoe
634 2274 791 2328 supra
809 2255 936 2307 dixi.
957 2254 1093 2307 Vide
1120 2253 1197 2326 §§.
1226 2256 1354 2322 166,
1400 2323 1407 2328 .
1437 2253 1707 2306 defectum
1721 2274 1903 2306 versus
1926 2254 2213 2310 desinentis
2234 2255 2282 2305 ci
2303 2257 2452 2307 omit-

347 2336 472 2406 1693
498 2336 722 2386 fortasse
749 2348 801 2385 et
835 2335 948 2387 162.
1437 2336 1597 2406 titur)
1628 2354 1747 2386 curn
1780 2333 2010 2386 Gotban.
2043 2336 2187 2385 JenS.
2215 2347 2268 2385 et
2297 2333 2445 2385 editt.

409 2434 457 2467 2.
487 2415 546 2467 Si
564 2411 912 2488 placandos...
932 2411 1346 2464 commovendos.
1429 2427 1658 2485 posterr.
1686 2425 1807 2464 ante
1826 2412 2024 2485 Gryph.
2047 2411 2256 2482 Reliqui
2269 2412 2443 2482 facit,

334 2496 522 2547 Rarior
545 2506 623 2545 est
647 2492 757 2543 haec
782 2489 1081 2562 repetendae
1111 2503 1233 2541 ante
1257 2509 1349 2540 ac·
1429 2493 1574 2545 unde
1611 2491 1948 2543 recedentem
1984 2491 2150 2542 Came.
2194 2509 2302 2541 non
2341 2509 2445 2540 no-

334 2576 601 2627 cusativos
662 2573 1052 2644 praepositionis
1111 2573 1343 2623 omissio.
1427 2574 1552 2624 tavi.
1568 2569 1806 2623 -Solus
1846 2573 1906 2622 R.
1942 2569 2032 2635 13,
2058 2568 2218 2640 facit.
2258 2567 2441 2620 Caeteri

330 2655 511 2722 Quam
529 2654 574 2704 si
591 2665 778 2703 contra
798 2648 961 2702 libros
983 2652 1211 2700 inserere
1232 2661 1349 2700 ten·
1416 2650 1605 2722 faciet.
1632 2651 1725 2701 En.

334 2746 440 2798 tes,
462 2751 573 2783 non
592 2748 884 2800 congruere
904 2731 1097 2782 sentias
1118 2741 1241 2780 ante
1260 2747 1348 2780 vo·
1501 2748 1550 2800 7.
1579 2730 1808 2781 Habet...
1829 2728 1974 2800 quod
1995 2728 2280 2779 imitamur.
2303 2729 2439 2778 Eum

330 2832 453 2867 cem
471 2811 839 2864 misericordia.
860 2812 991 2880 Qute
1009 2811 1125 2880 ipsa
1147 2811 1343 2861 Nostro
1424 2812 1600 2882 ipsum
1648 2810 1902 2861 affectum
1918 2846 1933 2872 ,
1984 2826 2143 2878 quem
2186 2806 2436 2877 fingendo

333 2895 494 2946 etiam
508 2891 653 2944 haud
668 2890 831 2944 dubie
845 2908 1004 2942 causa
1021 2890 1141 2954 fuit,
1159 2907 1255 2940 cur
1270 2891 1347 2941 in·
1425 2893 1718 2953 imitamur,
1755 2900 1968 2960 praestat
2005 2887 2156 2939 fusca
2189 2884 2278 2937 illa
2303 2904 2437 2950 vox,

326 2974 672 3026 ualentiorem
682 2975 989 3043 juncturam
1003 2968 1317 3021 admitteret.

402 3053 454 3105 3.
470 3050 689 3104 Flexum
711 3050 863 3102 vocis·
878 3047 1074 3115 Vides.
1100 3064 1159 3116 ¹7
1160 3047 1339 3123 flexoe.

402 3132 453 3199 4.
470 3128 813 3201 Hie...faciet.
828 3125 1174 3180 probabiliter
1188 3127 1343 3177 Fran·

326 3213 445 3264 cius
469 3210 679 3281 reponit
701 3207 825 3259 Huc
844 3225 942 3277 pro
963 3205 1081 3256 Hic.
1095 3204 1228 3256 Vide
1253 3208 1340 3268 lv,

333 3307 397 3356 2,
425 3289 509 3343 55.
546 3291 661 3341 Nisi
694 3301 871 3339 tamen
903 3286 1121 3356 propria
1149 3298 1225 3335 est
1256 3283 1340 3334 lo-

323 3373 477 3423 cutio
501 3369 633 3420 mire
652 3366 835 3438 facere
860 3365 915 3417 in
947 3363 1129 3436 aliqua
1161 3381 1212 3414 re
1238 3383 1339 3434 pro

318 3448 637 3524 proeclarum
663 3465 789 3510 esse,
824 3455 875 3494 et
908 3441 1135 3494 multam
1172 3442 1341 3494 virtu-

329 3545 436 3584 tem
458 3547 706 3593 exserere,
737 3526 897 3599 quale
934 3538 1039 3591 est,
1079 3525 1223 3596 quod
1257 3543 1342 3577 se-

326 3614 511 3684 quitur
530 3608 576 3681 ς.
606 3609 731 3680 173,
753 3607 885 3658 mire
894 3605 1038 3676 facit
1057 3606 1109 3657 in
1129 3623 1338 3677 perora·

326 3694 528 3744 tione...
550 3688 819 3759 confessio.
848 3687 913 3736 Et
936 3685 1036 3736 fuit
1060 3683 1336 3735 observata

324 3770 439 3823 haec
447 3767 690 3841 faciendi
711 3779 978 3837 potestas,
1000 3766 1150 3834 quasi
1172 3780 1339 3814 reme-

323 3849 537 3901 diorum
574 3846 963 3919 proficientium
997 3844 1210 3914 propria
1228 3879 1244 3906 ,
1272 3841 1339 3892 de

330 3947 436 4000 qua
467 3930 573 3998 agit
596 3930 771 3979 Burm.
807 3923 875 3975 ad
900 3923 1079 3975 Nostri
1103 3920 1338 3972 Declam.

324 4009 472 4070 wll,
498 4007 559 4073 4,
584 4025 635 4077 p.
664 4006 788 4073 1693
813 4021 911 4055 nec
936 4001 1341 4075 praetermittunt

324 4090 537 4141 Lexica.
580 4113 640 4128 --
672 4085 808 4137 Vide
852 4101 1071 4155 quoque
1110 4081 1339 4133 indicem

328 4180 573 4220 nostrum
607 4165 675 4217 ad
702 4164 903 4216 calcem
929 4161 1219 4215 Declamm.
1244 4162 1339 4214 En.

404 4245 457 4300 5.
484 4244 647 4298 Dicit.
671 4245 881 4298 Omittit
900 4243 1062 4294 Cur.

1426 2969 1637 3038 qualem
1679 2971 1732 3019 in
1776 2968 2009 3017 Antonio
2052 2966 2216 3016 fuisse
2257 2977 2434 3016 narrat

1423 3048 1611 3100 Cicero
1639 3050 1828 3110 Bruto,
1857 3064 1904 3095 c.
1928 3044 2024 3106 38,
2052 3041 2179 3105 ubi,
2209 3055 2432 3112 quanto-

1422 3144 1549 3197 pere
1575 3125 1896 3177 miserationi
1925 3120 2195 3173 movendae
2219 3122 2435 3193 profue-

1423 3207 1487 3255 rit
1513 3204 1599 3255 illa
1618 3239 1634 3268 ‚
1662 3203 1802 3254 idem
1832 3213 2072 3253 testatur.

1493 3284 1544 3336 8.
1563 3282 1877 3340 Imitatum,-
1902 3282 1976 3331 sic
1995 3281 2174 3332 Turio.
2194 3279 2426 3332 Florent.

1420 3361 1601 3413 Ambr.
1629 3378 1687 3426 2,
1706 3357 1880 3411 Guelf.
1899 3360 2061 3410 Cur.
2086 3357 2432 3428 (quamquam

1421 3438 1509 3490 hie
1534 3437 1828 3508 imitamur)
1866 3455 1988 3488 cum
2022 3436 2159 3488 Alm.
2181 3439 2333 3488 Voss.
2365 3455 2429 3502 2,

1396 3520 1567 3571 uleus.
1592 3519 1747 3570 Tarm
1774 3517 2028 3580 Miratur,
2051 3513 2213 3566 Goth.
2247 3516 2433 3567 Imite-

1422 3618 1558 3666 mur,
1598 3597 1801 3668 reliqui.
1845 3595 2001 3647 DIcta
2041 3597 2238 3647 omittit
2264 3597 2425 3648 Catn’.

1420 3676 1811 3750 Dampnatione
1823 3674 2116 3741 Philotam,
2131 3678 2308 3727 Turio.
2327 3676 2428 3726 Di-

1418 3757 1639 3822 missior,
1664 3753 1803 3806 Flor.
1831 3755 1991 3806 Cim».
2016 3784 2089 3792 —
2110 3753 2261 3805 Poul.
2287 3755 2347 3804 R.
2371 3769 2425 3822 7,

1419 3839 1673 3891 imitatur.
1716 3837 1778 3887 R.
1822 3853 1893 3904 9,
1936 3835 2175 3886 miratur.
2217 3833 2426 3906 Reliqui

1420 3918 1709 3970 imitamur.
1739 3914 1832 3964 Eu.

1491 4013 1543 4065 9.
1572 3991 1735 4044 Modo
1757 3991 1915 4042 dicta.
1945 3988 1991 4059 §.
2023 3991 2138 4043 ¹62.

1499 4088 1578 4125 10.
1609 4071 1674 4123 In
1708 4079 1839 4122 coetu
1864 4081 1916 4120 et
1941 4087 2027 4122 vos
2052 4066 2274 4132 Albani,
2305 4068 2424 4121 vide

1423 4152 1471 4225 §.
1508 4152 1623 4222 167.
1665 4154 1756 4204 Est
1793 4164 1970 4202 autem
2006 4148 2304 4201 observatio
2333 4168 2430 4220 per

1427 4252 1481 4285 se
1506 4244 1662 4284 acuta
1691 4244 1743 4282 et
1759 4229 1948 4298 judicii
1977 4227 2311 4300 plenissima,
2341 4228 2427 4279 illa

2065 4318 2147 4369 26.
