3200 5159
720 486 845 573 274

1282 482 1379 548 M.
1417 482 1649 547 FABII
1682 481 2239 566 QUINTILIANI

718 605 1061 680 invenerit
1114 605 1300 677 locos
1338 633 1353 678 z
1406 594 1673 680 vanitas
1719 607 2058 679 nimirum
2110 607 2245 679 fuit
2284 627 2495 707 atque
2537 602 2826 709 jactatio

714 725 895 799 circa
922 724 1344 796 memoriam
1373 750 1574 795 suam
1617 725 1851 823 potius
1897 745 2076 814 arte,
2129 751 2347 825 quam
2380 745 2636 797 natura
2671 725 2823 825 glo-

612 861 677 914 23
718 839 975 912 riantiS.
999 838 1352 939 Equidem
1385 837 1532 911 haec
1557 853 1575 882 ¹
1621 838 1713 912 ad
1735 839 2058 937 quaedam
2089 838 2410 937 prodesse
2440 866 2587 912 non
2612 866 2826 939 nega·

717 954 970 1044 verim,
1004 973 1083 1027 ut
1105 954 1160 1024 si
1193 967 1470 1024 rerum²
1524 954 1822 1026 nomina
1861 953 2121 1045 multa,
2173 981 2299 1053 per
2322 954 2645 1028 ordinem
2688 981 2828 1027 au-

717 1066 929 1158 dita³‚
964 1066 1320 1141 reddenda
1341 1066 1521 1139 sint:
1567 1093 1876 1167 namque
1910 1068 1983 1138 in
2011 1068 2134 1157 iis,
2169 1096 2325 1169 quae
2346 1067 2826 1158 “didimi-unt,

714 1183 883 1255 locis
912 1181 1235 1282 ponunt‚⁵
1275 1208 1379 1254 res
1413 1181 1599 1270 illas,
1626 1184 1960 1271 mensam,
2004 1204 2086 1255 ut
2108 1183 2242 1255 hoc
2278 1205 2464 1273 utar,
2511 1189 2583 1255 in
2615 1189 2825 1257 vesti-

720 1298 951 1391 bulo⁶‚
978 1318 1047 1370 et
1073 1296 1439 1398 pulvinum
1474 1303 1545 1368 in
1570 1303 1782 1387 afric,
1823 1319 1889 1370 et
1922 1299 2017 1370 sic
2056 1314 2339 1373 caeter‘a7
2360 1330 2379 1390 ;
2401 1297 2678 1371 deinde
2705 1325 2826 1370 re-

610 1428 679 1497 24
716 1412 1026 1512 legentes
1048 1411 1443 1502 inveniunt,
1465 1410 1590 1484 ubi
1618 1412 2004 1512 posuerint.
2035 1414 2426 1486 Etforsitan
2455 1412 2591 1485 hoc
2608 1411 2832 1485 ⁸·sunt

712 1527 971 1628 adjuti,
1015 1524 1181 1626 qui,
1218 1526 1539 1599 auctione
1574 1527 1891 1619 dimissa,
1944 1529 2118 1628 quid
2161 1528 2416 1629 cuique
2471 1526 2831 1605 vendidis-

712 1662 888 1732 sent,
912 1639 1206 1714 testibus
1229 1642 1781 1740 argentariorum
1797 1643 2053 1716 tabulis
2062 1631 2526 1717 reddiderunt
2548 1672 2564 1716 ε
2586 1659 2618 1706 9
2631 1644 2823 1742 quod

714 1757 1104 1858 praestitisse
1130 1757 1587 1830 Hortensium
1616 1758 1881 1831 dicunt.
1909 1759 2150 1832 Minus
2178 1760 2368 1832 idem
2411 1759 2723 1860 proderit
2746 1760 2826 1833 in

704 1871 1109 1949 ediscendis
1128 1927 1149 1962 ,
1173 1898 1331 1972 quae
1355 1874 1684 1946 orationis
1712 1895 2067 1974 perpetuae
2096 1895 2344 1947 erunt:
2377 1900 2550 1949 nam
2576 1895 2645 1950 et
2666 1901 2830 1948 sen-

782 2079 837 2115 -Ι,
881 2060 1139 2134 Equidem
1183 2059 1309 2113 luoec.
1353 2061 1474 2112 Jam
1516 2056 1582 2111 de
1624 2059 1727 2113 hac

715 2159 875 2213 quam
912 2140 1071 2195 nobis
1106 2138 1358 2212 explicuit
1392 2141 1726 2192 mnemonice

714 2222 1033 2293 pronunciat
1056 2220 1113 2271 in
1131 2220 1463 2283 universum,
1482 2217 1658 2269 mi'nus
1679 2218 1729 2268 ei

715 2299 983 2364 tribuens,
1000 2314 1159 2369 quam
1171 2295 1331 2366 vulgo
1347 2295 1595 2348 solebant
1609 2293 1731 2347 rhe-

716 2371 875 2429 tores.
901 2375 1146 2429 Debebnt
1162 2392 1288 2446 ergo
1308 2374 1394 2425 hic
1413 2370 1594 2426 noster
1612 2391 1730 2426 sen-

717 2475 806 2510 sus
821 2455 1100 2526 diligenter
1115 2474 1145 2506 a
1164 2453 1479 2525 praecedenti
1495 2456 1727 2519 secerni,

716 2555 784 2589 ne
816 2538 958 2588 forte
988 2536 1105 2605 quis
1139 2532 1408 2599 crederet,
1441 2534 1728 2604 prestigias

719 2630 926 2670 tantum
952 2615 1070 2669 illas
1092 2614 1385 2666 Metrodori
1407 2631 1595 2684 parum
1619 2613 1731 2685 pla·

717 2714 840 2748 cere
862 2697 1078 2748 Nostro.
1104 2692 1371 2745 Ciceronis
1390 2690 1603 2763 quidem
1628 2692 1729 2744 sub

716 2793 949 2849 persona
984 2774 1202 2825 Antonii
1235 2771 1513 2841 benignius
1553 2784 1633 2823 est
1662 2771 1730 2825 de

718 2856 821 2908 hac
854 2867 972 2916 ,ιιι-ιε
1000 2852 1260 2923 judicium
1294 2851 1364 2903 de
1400 2852 1493 2904 Or.
1529 2852 1608 2919 11,
1642 2851 1726 2905 88.

720 2936 850 2988 Mox
872 2949 991 3006 quoe
1017 2932 1308 2985 didicerunt
1332 2928 1585 2982 facillima
1613 2948 1733 2981 cor-

719 3015 885 3065 rectio
994 3025 1194 3063 mutem
1227 3012 1283 3061 in
1319 3026 1437 3081 quoe
1469 3009 1728 3082 digerunt.

719 3089 907 3162 vide§
947 3130 959 3142 .
989 3092 1078 3157 18,
1106 3107 1187 3143 20.

793 3189 843 3223 2.
856 3172 926 3223 Ut
936 3172 979 3224 εἰ
994 3164 1358 3222 νεηιηιΤιιτίοζ
1376 3168 1516 3221 Flor.
1531 3167 1732 3235 Guelf„

721 3266 817 3307 aut
836 3252 882 3306 si
907 3270 947 3303 r.
973 3252 1136 3304 Cute.
1163 3268 1285 3303 mox
1308 3248 1449 3301 redd.
1474 3258 1615 3301 sunt.
1661 3268 1666 3319 ζ

789 3332 845 3384 3.
860 3330 1077 3382 Audita.
1095 3329 1249 3383 Solus
1265 3327 1413 3380 Poul.
1429 3366 1446 3393 ‚
1461 3326 1616 3379 dicta.
1633 3327 1729 3378 En.

790 3409 845 3477 4.
874 3408 1196 3461 Didiam-unt.
1228 3406 1377 3459 Poul.
1408 3407 1471 3457 R.
1499 3406 1563 3471 8,
1590 3404 1731 3457 dt'dt'-

724 3491 902 3541 cerint.
928 3488 1021 3538 En.

796 3566 846 3621 5.
859 3567 1078 3619 Ponant
1085 3587 1104 3627 ;
1120 3566 1194 3618 sic
1207 3565 1382 3616 ‘rm-ic.
1399 3563 1540 3615 Flor.
1552 3561 1729 3616 Guelf.

720 3647 848 3700 Exc.
887 3645 1101 3698 Santen.
1141 3645 1303 3696 Cntr.
1340 3643 1551 3713 Reliqui
1584 3661 1735 3715 repo-

720 3737 878 3778 nunt.
902 3755 975 3766 -
995 3723 1194 3777 Eadem
1216 3723 1400 3776 nostri.
1425 3724 1519 3773 Eo.

793 3806 848 3858 6.
879 3803 1204 3859 Vestibula...
1229 3803 1379 3854 atrio.
1396 3801 1572 3853 Turic.
1592 3800 1734 3854 Flor.

724 3883 904 3938 Guelf.
930 3882 1053 3955 (hic
1076 3895 1254 3934 tamen
1274 3893 1329 3932 et
1349 3880 1557 3933 videtur
1579 3882 1738 3934 omit·

724 3963 862 4034 tere)
880 3962 1044 4015 Cur.
1057 4000 1074 4028 ‚
1094 3981 1142 4013 v.
1164 3971 1216 4013 et
1233 3961 1495 4033 populum
1514 3962 1552 4021 ἰ.
1572 3981 1624 4011 a.
1640 3961 1736 4012 Re·

725 4041 859 4115 liqui
874 4061 922 4094 v.
941 4042 997 4093 in
1010 4043 1142 4094 atrio
1153 4040 1454 4114 pulvinum,
1466 4039 1558 4093 sed
1570 4038 1731 4093 Goth.

718 4136 782 4176 et
799 4123 952 4176 Voss.
980 4139 1009 4177 ο
1033 4124 1161 4175 item
1178 4120 1452 4195 populum.
1478 4120 1735 4172 Ordinem

723 4201 873 4257 MSS.
916 4203 1237 4265 restituimus
1251 4239 1268 4270 ‚
1311 4200 1734 4259 emendationem

1810 2061 2033 2134 alicujus
2073 2075 2312 2115 veterum
2355 2062 2569 2115 illorum
2615 2063 2827 2115 critico-

1806 2158 1958 2208 rum,
1985 2142 2167 2193 neseio
2197 2144 2351 2212 cujus
2367 2179 2383 2205 ‚
2407 2144 2567 2193 unice
2589 2144 2827 2194 retinen-

1810 2231 1889 2271 tes
1926 2232 1980 2271 et
2011 2217 2321 2292 probantes.
2359 2222 2461 2272 Pro
2498 2237 2734 2272 mensam
2770 2223 2827 2273 in

1808 2298 1982 2351 Goelf.
2010 2312 2092 2351 est
2112 2318 2350 2353 mersam.

1884 2397 1932 2449 7.
1959 2381 2050 2432 Sic
2072 2382 2469 2433 coetera.Tu1-ic.
2494 2381 2671 2433 Guelf.
2695 2382 2825 2434 Exc.

1808 2459 2021 2512 Senten.
2041 2499 2058 2527 ‚
2079 2457 2306 2513 ·si‘esset.
2338 2461 2465 2512 Mox
2492 2459 2670 2514 Guelf.
2701 2460 2832 2515 rele-

1803 2547 1986 2613 qantes
2011 2542 2077 2606 (a
2100 2558 2184 2610 pr.
2210 2539 2406 2610 manu)
2430 2551 2483 2591 et
2503 2551 2832 2614 posuerunt,

1807 2615 1903 2669 ubi
1922 2615 2063 2668 Flor.
2091 2617 2426 2689 reposuerint.

1881 2696 1932 2747 8.
1956 2694 2189 2754 Forsitan
2215 2695 2312 2747 hoc
2326 2718 2346 2757 ,-
2374 2695 2606 2750 sic-Obr.
2632 2695 2829 2749 facilli-

1808 2792 1893 2827 ma
1914 2774 2300 2827 emendatione.
2323 2775 2423 2846 Διὶ]
2432 2789 2555 2828 uvat
2572 2776 2713 2829 Flor.
2733 2779 2827 2848 qui

1811 2857 1995 2926 etipse
2014 2854 2145 2907 nihil
2164 2855 2306 2908 aliud
2325 2857 2424 2909 nisi
2436 2856 2489 2928 f.
2516 2856 2587 2908 hi.
2612 2855 2829 2928 Reliqui

1811 2935 2048 2986 inserunt
2066 2934 2139 2985 in.
2163 2936 2290 2986 Mox
2303 2934 2444 2985 Flor.
2460 2933 2514 3005 (a
2533 2954 2615 3006 pr.
2637 2933 2830 3007 manu)

1810 3012 2018 3079 Guelf.‚
2047 3017 2253 3067 actione
2267 3036 2288 3077 ‚·
2314 3027 2368 3065 et
2390 3012 2478 3064 hic
2503 3014 2830 3069 vendidisset.

1810 3094 1947 3143 Tum
1974 3112 2003 3144 e
2026 3095 2205 3146 Turic.
2236 3093 2375 3147 Flor.
2409 3106 2684 3146 enotatum
2707 3111 2832 3167 quoe

1759 3184 1788 3207 ⁴·
1810 3172 2144 3241 Hortensius,
2169 3192 2278 3225 non
2305 3172 2482 3225 addita
2508 3175 2562 3224 in
2587 3172 2681 3225 illo
2707 3177 2830 3246 qui-

1812 3248 1936 3303 dem
1956 3251 2198 3324 vulgata,
2223 3255 2276 3303 in
2301 3251 2407 3304 hoc
2433 3266 2608 3304 autem
2635 3252 2834 3305 diserte

1811 3330 2114 3401 appositum
2161 3342 2240 3382 est
2279 3330 2554 3402 vulgatum
2596 3331 2830 3384 Horten-

1810 3411 1927 3463 sius.
1962 3412 2230 3463 Insertum
2251 3412 2432 3482 itaque
2458 3406 2628 3463 videri
2663 3408 2829 3463 debet

1811 3487 1944 3541 illud
1967 3507 2085 3560 quoe
2107 3490 2218 3542 sine
2244 3507 2402 3542 sensu
2423 3500 2549 3560 post
2573 3488 2666 3542 issa
2689 3490 2838 3563 quod

2207 3646 2594 3699 ,Hortensium
2630 3646 2833 3699 dicunt.

1822 3726 2236 3779 «Hortensius...
2263 3744 2293 3777 a
2318 3725 2540 3778 Sisenna
2566 3743 2834 3797 provoca-

1821 3824 1844 3849 ·
1864 3817 1949 3856 tus
1971 3805 2026 3854 in
2051 3805 2298 3856 auctione
2322 3804 2553 3875 persedit
2575 3802 2716 3856 diem
2744 3816 2829 3856 to·

1822 3904 1844 3929 a.
1865 3895 1978 3934 tum
2002 3894 2055 3934 et
2078 3901 2260 3935 omnes
2281 3901 2365 3934 res
2385 3897 2437 3935 et
2456 3884 2626 3954 pretia
2647 3896 2699 3933 et
2723 3900 2830 3935 em-

1820 3983 1845 4008 «
1864 3960 2045 4033 p‘tores
2070 3960 2254 4013 ordine
2284 3972 2382 4014 stro
2413 3963 2720 4032 argentariis
2745 3979 2832 4013 re·

1820 4040 2345 4113 «cognoscentibus,
2383 4043 2458 4093 ita
2494 4053 2555 4091 ut
2591 4042 2646 4092 in
2680 4038 2831 4091 nullo

1821 4120 2150 4188 «falleretur,
2169 4122 2452 4173 recensuit.
2475 4119 2725 4173 ”Seneca
2744 4136 2832 4190 pa·

1815 4212 1896 4254 ter
1907 4202 1964 4252 in
1976 4200 2127 4273 praef.
2141 4198 2395 4254 Controv.
2408 4198 2542 4254 Vide
2560 4210 2614 4252 et
2626 4198 2695 4265 X,
2709 4197 2764 4263 6,
2779 4197 2829 4265 4.
