3200 5159
700 514 705 521 ’
737 511 867 575 300

1311 510 1403 573 Μ.
1444 511 1670 573 FABII
1708 511 2264 593 QUINTILIANI

639 661 697 714 ¹7
737 631 1158 731 exprobrans
1183 657 1418 705 sonus.
1465 634 1715 707 Utendi
1736 645 1753 677 ¹
1794 659 1956 706 voce
2005 634 2371 735 multiplex
2404 638 2618 709 ratio:
2664 664 2838 711 nam

737 769 979 847 praeter
1025 746 1219 822 illam
1253 748 1764 841 differentiam,
1808 777 1961 849 quae
2001 771 2101 823 est
2142 752 2478 851 tripertita
2493 767 2547 842 ²,
2582 770 2842 840 acutae,

737 866 1250 966 qravis‚flexoe;
1270 887 1423 938 tum
1440 871 1747 953 intentis,
1768 888 1921 938 tum
1940 872 2252 955 remissis,
2270 888 2422 939 tum
2448 868 2667 957 elatiS,
2684 887 2843 940 tum

740 979 1175 1079 inferioribus
1198 981 1442 1067 modis,
1466 1007 1642 1080 opus
1662 1004 1761 1054 est
1780 1036 1799 1069 ‚
1822 987 2054 1081 spatiis
2072 1008 2355 1082 quoque
2377 982 2406 1029 ³
2421 981 2843 1071 lentior-ihm,

641 1103 703 1155 ¹8
741 1114 862 1166 aut
887 1094 1331 1168 citatioribus.
1359 1095 1491 1168 Sed
1518 1095 1628 1168 his
1648 1094 1679 1152 4
1708 1096 1871 1196 ipsis
1901 1097 2131 1169 media
2160 1097 2563 1201 interjacent
2586 1097 2849 1187 multa3

745 1228 846 1297 et,
891 1230 969 1280 ut
1001 1210 1247 1300 facies,
1287 1237 1720 1310 quamquam
1755 1238 1835 1283 ex
1866 1212 2305 1312 paucissimis
2345 1232 2641 1302 constat,
2678 1211 2850 1283 infi-

745 1325 967 1397 nitam
1026 1327 1234 1398 habet
1287 1326 1792 1418 differentiam3
1831 1328 1928 1400 ita
1970 1355 2135 1415 vox,
2190 1327 2313 1402 etsi
2359 1354 2646 1427 paucas,
2695 1352 2850 1424 quae

747 1439 1100 1512 nominari
1132 1440 1425 1539 possint,
1460 1441 1772 1513 continet
1793 1442 2054 1543 species
2074 1497 2094 1532 ‚
2123 1448 2412 1543 propria
2438 1441 2691 1540 cuique
2716 1460 2849 1531 est;

747 1575 814 1626 et
852 1581 997 1627 non
1036 1554 1181 1628 haec
1221 1544 1456 1627 minus
1486 1557 1808 1647 auribuS,
1853 1584 2071 1656 quam
2106 1556 2324 1630 oculis
2353 1556 2472 1628 illa
2499 1555 2852 1654 dignosci·

646 1699 710 1753 ¹9
748 1692 881 1744 tur.
926 1675 1292 1771 Augentur
1318 1695 1556 1746 autem
1589 1674 1766 1747 sicut
1797 1675 2124 1747 omnium
2143 1673 2196 1764 ⁵,
2226 1674 2319 1747 ita
2354 1674 2538 1747 vocis
2569 1698 2854 1772 quoque

751 1787 971 1875 bona,
1031 1786 1275 1877 cura53
1332 1788 1758 1888 negligentia
1809 1789 2274 1861 minuuntur:
2312 1788 2433 1862 sed
2484 1815 2651 1860 cura
2702 1813 2850 1860 non

753 2004 893 2058 Flor.
928 2005 1113 2058 Ambr.
1140 2023 1168 2058 2
1208 2003 1337 2078 (qui
1374 2019 1476 2060 tres
1510 2007 1763 2060 omittunt

754 2105 879 2136 mox
911 2085 1057 2137 debet
1086 2105 1209 2139 cum
1232 2086 1421 2140 Almel.
1447 2091 1595 2140 Voss.
1631 2105 1678 2154 1,
1702 2086 1764 2152 3,

751 2162 969 2232 Bern.)‚
998 2163 1174 2216 Guelf.
1201 2165 1362 2217 Goth.
1392 2165 1529 2237 (tae.
1550 2164 1763 2235 Gesm).

753 2241 959 2315 Reliqui
986 2253 1020 2293 t.
1043 2262 1085 2293 e.
1113 2245 1243 2294 Item
1262 2247 1438 2296 Turio.
1453 2283 1469 2311 ‚
1491 2246 1765 2317 exprobras

753 2340 918 2375 sonos.
943 2325 1095 2373 Voss.
1131 2341 1171 2387 ι,
1198 2324 1261 2389 3,
1284 2342 1329 2375 e.
1360 2324 1538 2378 socius.
1568 2325 1764 2390 Cum,

756 2421 799 2453 e.
827 2420 865 2454 s.
891 2401 991 2452 sed.
1034 2404 1118 2454 Au
1135 2438 1152 2469 ,
1179 2404 1376 2455 omisso
1404 2403 1575 2471 debet,
1605 2404 1706 2455 fuit
1735 2422 1765 2455 a
1799 2418 1804 2425 ’

758 2484 862 2551 Qu.
890 2501 1047 2534 manu
1075 2504 1087 2533 ε
1122 2481 1173 2531 d.
1201 2495 1251 2534 et
1280 2482 1411 2535 lenis
1436 2493 1610 2535 tamen
1640 2502 1693 2535 n.
1719 2503 1762 2536 e.

756 2580 793 2611 s.
808 2561 834 2610 Ρ
857 2573 914 2610 ut
940 2559 1097 2630 plane
1119 2559 1224 2611 hoc
1249 2559 1533 2613 cohaereret
1556 2576 1767 2614 antece-

761 2638 1037 2704 dentibus,
1057 2656 1205 2688 more
1224 2640 1573 2710 appositionis
1591 2639 1661 2692 ad
1680 2661 1766 2694 vo·

760 2716 831 2768 cis
851 2715 995 2788 quod
1018 2715 1254 2788 φονίων.
1283 2715 1407 2767 Exc.
1431 2716 1644 2769 Sauten.
1666 2735 1767 2770 esse

760 2795 902 2846 debet
926 2793 1223 2846 desiderare
1244 2795 1656 2848 diction—vall.
1672 2796 1764 2848 lib.

757 2878 863 2929 RB.
889 2876 948 2940 8,
969 2892 1032 2945 9,
1051 2894 1150 2926 esse
1167 2875 1327 2927 debet.
1345 2876 1527 2927 Caeteri
1547 2874 1601 2927 ‘ro‘
1624 2876 1771 2930 debet

762 2957 1028 3007 omittunt.
1057 2955 1150 3005 Eo.

840 3053 857 3087 ι
871 3074 882 3085 .
904 3034 1096 3086 Utendi
1112 3052 1246 3087 voce.
1258 3034 1459 3099 Turic.,
1474 3035 1668 3086 utenda
1685 3053 1770 3087 vo·

764 3115 853 3179 eis,
885 3131 1006 3164 eum
1028 3113 1161 3164 Alm.
1188 3131 1297 3165 non
1322 3113 1460 3165 Flor.
1481 3112 1647 3184 (Vide
1669 3116 1768 3181 xl,

765 3212 792 3244 2
811 3230 828 3257 ,
853 3191 963 3261 49.)
988 3194 1066 3244 An
1092 3192 1193 3243 fuit
1220 3192 1424 3244 utendoe
1446 3193 1616 3245 vocis?
1637 3192 1769 3246 Vide

762 3270 1028 3324 Drakenb.
1055 3269 1123 3322 ud
1153 3272 1260 3322 Liv.
1287 3272 1365 3335 ll,
1392 3271 1494 3338 34,
1525 3288 1543 3322 1
1563 3288 1607 3322 1.

834 3370 881 3404 2.
912 3352 1221 3421 Tripertita5
1256 3354 1331 3403 sic
1353 3350 1532 3403 Ambr.
1558 3369 1607 3402 ει.
1634 3349 1771 3402 Reli·

762 3435 850 3504 qui
867 3470 884 3495 ,
910 3444 1165 3502 quantum
1184 3430 1367 3496 video,
1392 3429 1769 3500 tripartita.Vi-

761 3512 827 3564 de
846 3514 907 3577 V,
933 3509 1011 3576 14,
1031 3509 1082 3562 5.
1104 3510 1245 3562 Nam
1273 3510 1464 3561 omittit
1482 3508 1644 3562 Goth.
1665 3510 1766 3560 Pro

761 3590 909 3644 elatis
927 3602 1105 3640 autem
1118 3588 1475 3665 Ambuflatis.
1489 3587 1763 3642 GueIFerb.

761 3667 920 3724 Goth.
943 3667 1173 3738 (tacente
1191 3666 1378 3737 Gesu.)
1398 3667 1626 3743 inflatis,
1644 3687 1766 3719 cum

764 3755 916 3802 Voss.
952 3765 996 3814 ι,
1028 3764 1087 3813 2,
1111 3744 1162 3798 3.

836 3829 886 3881 3.
912 3825 1250 3880 lentioribus.
1276 3827 1335 3878 R.
1370 3827 1461 3891 13,
1483 3828 1662 3892 Jens.‚
1690 3826 1767 3879 le-

766 3908 1004 3961 nioribus.
1032 3907 1125 3959 Eo.

837 3986 886 4053 4.
908 3985 1029 4046 Ηίες
1053 3987 1128 4037 sie
1143 3984 1323 4036 Ambr.
1345 4001 1396 4051 2,
1410 3983 1585 4038 Guelf.
1601 3982 1764 4036 Goth.

767 4065 891 4132 (tac.
915 4062 1101 4132 Gesn.)
1128 4062 1279 4116 Basil.
1303 4065 1567 4115 Omittunt
1588 4065 1765 4116 Turio.

764 4142 993 4193 Florcnt.
1017 4141 1132 4213 (hic
1155 4161 1187 4193 a
1210 4161 1313 4193 sec.
1336 4161 1495 4194 manu
1521 4143 1581 4213 is)
1605 4144 1767 4197 Cnn».

766 4239 889 4274 eum
908 4218 1044 4272 Alm.
1065 4219 1272 4292 Reliqui
1292 4222 1372 4275 iis.
1395 4223 1523 4274 Mox
1544 4233 1769 4288 constet,

1843 2006 2007 2060 Goth.
2038 2026 2159 2060 eum
2179 2010 2333 2060 Voss.
2363 2024 2390 2059 2
2410 2045 2427 2071 ‚
2461 2007 2604 2058 Jens.
2637 2017 2690 2057 et
2722 2022 2851 2076 pos-

1844 2099 1964 2137 terr.
1993 2099 2116 2139 ante
2140 2084 2265 2137 Bad.
2281 2084 2415 2136 Vide
2439 2087 2488 2147 Ι,
2513 2100 2736 2155 prooem.
2769 2084 2850 2137 18.

1842 2163 2018 2216 Verba
2043 2164 2198 2216 habet
2215 2163 2578 2235 differentiam
2598 2163 2853 2214 omittunt

1843 2242 2026 2295 Ambr.
2044 2261 2097 2308 α,
2111 2242 2286 2296 Guelf.
2303 2241 2420 2312 (hic
2441 2238 2636 2315 etinfin
2646 2241 2722 2293 ita
2740 2239 2855 2311 dat)

1846 2342 1967 2375 cum
1983 2327 2135 2376 Voss.
2178 2341 2196 2375 ι
2218 2361 2233 2387 ,
2267 2324 2299 2376 3
2315 2361 2333 2390 ,
2366 2337 2419 2375 et
2438 2326 2584 2375 Jens.
2610 2322 2854 2394 (tacente

1844 2402 2028 2472 Genu.)
2056 2403 2543 2476 posterioribusque
2575 2416 2700 2455 ante
2729 2400 2851 2453 ΑΗ.

1847 2485 1938 2553 qui
1961 2481 2088 2534 editi
2113 2501 2295 2534 omnes
2316 2479 2543 2554 infinita.
2564 2480 2669 2533 Sed
2687 2478 2852 2532 Goth.

1846 2560 1970 2632 (tae.
1989 2560 2173 2631 Gesn.)
2190 2558 2400 2632 infinita
2417 2558 2728 2632 differentia
2745 2560 2822 2609 ita
2835 2596 2853 2622 ‚

1837 2659 1969 2702 ,eum
1985 2642 2137 2692 Voss.
2158 2657 2206 2690 ει.
2225 2636 2430 2691 Deinde
2446 2648 2659 2709 possunt
2671 2638 2853 2689 Tui-ic.

1845 2718 2002 2771 Basil.
2036 2719 2276 2782 Possent,
2301 2715 2534 2768 Gothan.
2560 2718 2706 2769 Jens.
2733 2734 2857 2767 eum

1849 2797 1971 2851 edd.
2006 2812 2229 2869 posterr-
2273 2811 2397 2850 ante
2431 2795 2550 2848 Ald.
2589 2796 2858 2848 Disrtosci-

1849 2889 1951 2943 tur,
1981 2880 2157 2930 Tui-ic.
2189 2890 2247 2928 ut
2264 2879 2423 2929 Voss.
2455 2873 2523 2941 3,
2550 2874 2858 2941 dinoscitur,

1848 2955 1916 3009 de
1941 2974 2045 3027 qua
2068 2958 2317 3008 varietate
2353 2954 2441 3006 hic
2464 2956 2572 3024 agit
2594 2955 2772 3006 Burin.
2803 2966 2858 3005 et

1851 3033 1919 3085 ad
1946 3032 2209 3099 Dedan„
2238 3052 2293 3105 p.
2326 3031 2449 3101 157;
2486 3045 2540 3084 et
2571 3033 2749 3103 ipsum
2776 3031 2856 3082 di·

1852 3113 2109 3166 noscimus
2129 3115 2306 3165 Turic.
2338 3112 2471 3163 infra
2509 3112 2557 3178 s.
2595 3111 2656 3163 31
2677 3146 2695 3176 ,
2733 3128 2858 3161 cum

1849 3188 1984 3241 Alm.
2007 3192 2161 3242 Voss.
2193 3207 2240 3253 1,
2265 3191 2315 3243 3.
2332 3218 2403 3228 -
2427 3191 2505 3240 De
2528 3188 2675 3241 hisee
2701 3190 2856 3239 variis

1850 3269 1990 3322 lectt.
2017 3269 2146 3322 nihil
2170 3271 2294 3323 novi
2312 3269 2546 3321 afferunt
2562 3270 2734 3320 nostri
2751 3267 2856 3319 Co-

1851 3348 2012 3401 dices.
2045 3352 2140 3401 En.

1919 3429 1970 3483 5.
2000 3428 2269 3481 Omnium.
2298 3427 2479 3482 Malim
2505 3429 2716 3490 emach,-
2736 3427 2853 3481 vide

1848 3519 2028 3560 notam
2054 3522 2380 3581 sequentem.

1919 3586 1971 3639 6.
1996 3587 2148 3648 (liam,-
2165 3586 2500 3660 neqliyentia.
2516 3588 2695 3638 Turic.
2711 3586 2850 3637 Plor.

1847 3668 2090 3719 inserunt·
2120 3668 2174 3719 in
2201 3668 2325 3720 cuni
2353 3666 2490 3718 Alm.
2533 3666 2742 3737 Reliqui
2773 3667 2857 3718 in-

1847 3758 2138 3817 terponunt
2175 3758 2254 3807 et,-
2290 3758 2529 3797 nostrum
2574 3763 2604 3796 e
2647 3748 2859 3817 conjec-

1848 3839 1981 3878 tura.
2009 3828 2132 3881 Post
2145 3826 2285 3901 neql.
2303 3825 2482 3878 Ambr.
2504 3842 2531 3877 2
2547 3862 2565 3889 ,
2583 3823 2758 3877 Guelf.
2784 3827 2860 3877 in·

1848 3921 2029 3959 serunt
2053 3906 2136 3958 vel
2157 3908 2358 3960 inscitia
2379 3925 2500 3960 eum
2514 3905 2675 3958 Goth.
2697 3908 2852 3959 Voss.

1855 4003 1901 4049 ι,
1934 4005 1986 4053 2,
2012 3987 2065 4051 3,
2089 3988 2234 4040 Jens.
2265 4000 2316 4040 et
2335 3986 2457 4039 edd.
2481 3999 2707 4058 posterr.
2734 4000 2858 4038 ante

1850 4065 1972 4118 Bad.
1995 4069 2088 4138 qui
2121 4066 2358 4119 exsulare
2381 4069 2620 4139 ineptum
2655 4064 2857 4118 emble—

1849 4162 1936 4196 ma
1951 4157 2171 4197 testatur
2189 4164 2219 4197 ο
2233 4143 2367 4196 Van.
2382 4183 2400 4209 ,
2414 4157 2473 4195 ut
2496 4142 2646 4195 abest
2662 4146 2860 4196 nostris

1854 4241 2067 4294 quoque
2095 4224 2251 4277 honis
2277 4223 2444 4277 libris.
2471 4222 2636 4276 Modo
2664 4224 2857 4288 Caum,
