3200 5159
786 525 820 565 2
1590 511 2061 578 EDITORIS

778 674 874 722 tas
896 650 1500 721 animadversiones
1528 666 1603 714 ut
1629 650 1968 716 inchoatas
1995 668 2061 716 et
2090 654 2509 743 imperfectas
2537 679 2880 733 notaverat

775 768 1190 859 Spaldingius
1210 769 1381 855 ipse,
1410 789 1543 830 non
1568 788 1780 855 pauca
1801 764 2095 856 denique
2117 785 2369 838 textum
2394 792 2462 840 et
2485 794 2674 843 notas
2699 804 2878 845 com·

774 888 1031 977 paranti
1052 882 1488 950 occurrebant
1511 880 1869 971 ejusmodi,
1894 906 2043 973 quae
2068 885 2311 953 iterum
2332 890 2628 960 scribens
2653 919 2876 962 emen·

776 1005 993 1071 dasset
1020 1002 1122 1067 vir
1148 1000 1451 1066 omnium
1476 1022 1719 1087 prope,
1747 1022 1917 1088 quos
1946 1001 2298 1069 Germania
2323 1008 2472 1072 tulit
2489 1059 2506 1090 ‚
2530 1016 2880 1081 accuratis-

773 1121 998 1185 simus.
1028 1107 1188 1180 Haec
1216 1114 1415 1201 igitur
1444 1112 1895 1192 describendi,
1920 1114 2310 1205 perficiendi
2339 1121 2875 1218 emendandique

774 1255 1048 1324 operam
1084 1233 1522 1295 Buttmannus
1560 1228 1884 1316 suscepit,
1924 1244 1993 1291 et
2030 1252 2234 1320 opus,
2262 1235 2442 1323 quod
2483 1238 2654 1305 intra
2690 1265 2880 1308 men—

772 1351 944 1416 sium
967 1348 1220 1437 aliquot
1242 1345 1531 1433 spatium
1561 1358 1908 1408 exsecutus
1932 1361 2109 1411 esset
2125 1397 2142 1426 ,
2175 1348 2227 1412 si
2251 1372 2286 1413 a
2318 1354 2603 1441 propriis
2628 1355 2872 1423 labori·

769 1464 896 1530 hus
936 1477 1130 1528 antea
1171 1457 1511 1524 destinatis
1555 1456 1703 1545 plus
1747 1458 1862 1522 otii
1909 1461 2346 1547 superfuisset
2363 1514 2379 1541 ,
2432 1467 2597 1533 inito
2638 1470 2877 1561 quinto

771 1596 924 1671 post
945 1573 1310 1666 Spaldingii
1336 1572 1595 1638 obitum
1620 1595 1828 1654 anno,
1855 1576 2132 1662 peregit.

861 1700 1012 1762 Non
1032 1694 1322 1759 alienum
1348 1688 1619 1755 videtur
1641 1690 1751 1756 hic
1771 1690 2132 1778 praedicere
2152 1695 2317 1760 nihil
2341 1700 2498 1764 novi
2520 1719 2875 1790 apparatus

769 1813 855 1881 ad
888 1814 1231 1901 scripturae
1252 1808 1603 1873 varietates
1639 1808 2034 1896 pertinentis
2069 1809 2226 1876 inde
2249 1836 2288 1877 a
2317 1817 2491 1880 tertii
2519 1817 2877 1914 voluminis

773 1929 1067 1994 editione
1077 1923 1459 2014 Spaldingio
1475 1925 1829 1988 accessisse
1841 1974 1858 2003 ,
1881 1942 2122 2012 praeter
2137 1926 2273 1993 duo
2289 1929 2498 1995 Codd.
2513 1982 2530 2010 ,
2549 1946 2684 1998 no‘n
2700 1935 2872 2002 adeo

770 2043 991 2132 magni
1013 2038 1287 2131 quidem
1309 2038 1535 2126 pretii,
1559 2057 1735 2128 quos·
1749 2056 1970 2105 tamen
1989 2060 2253 2129 paratos
2279 2047 2612 2135 negligere
2637 2051 2879 2118 noluit.

769 2160 1035 2247 Quippe
1063 2157 1164 2220 vir
1190 2154 1669 2219 illustrissimus
1698 2173 1765 2219 et
1798 2155 2216 2222 doctissimus
2246 2160 2327 2223 H.
2355 2163 2427 2224 F.
2455 2181 2541 2225 DE
2567 2166 2735 2230 Duzz
2754 2217 2772 2246 ‚
2800 2167 2871 2232 in

769 2277 875 2369 cuj
883 2299 957 2341 us
985 2274 1307 2341 ditissimo
1333 2294 1556 2336 rerum
1581 2270 1668 2336 ad
1693 2274 2095 2361 germanicas
2120 2275 2367 2348 litteras
2392 2279 2872 2366 pertinentium

769 2393 1085 2459 thesauro
1110 2391 1352 2479 primas
1371 2405 1589 2476 partes
1609 2406 1890 2477 occupat
1907 2389 2204 2481 supellex
2217 2393 2506 2460 Santenii
2526 2395 2873 2480 litteraria,

773 2507 1026 2598 quique
1060 2503 1260 2595 hujus
1300 2524 1496 2568 usum
1528 2503 1722 2569 bonis
1752 2506 2139 2592 permittere
2168 2507 2238 2572 in
2264 2509 2463 2575 laude
2499 2534 2617 2578 sua
2649 2518 2878 2602 ponit,

772 2621 1153 2712 Spaldingio
1174 2618 1329 2684 inde
1355 2635 1496 2684 tum
1516 2619 1820 2685 libellum
1839 2620 2083 2688 obtulit
2101 2625 2310 2689 varias
2330 2626 2650 2696 lectiones
2669 2631 2876 2714 Quin-

773 2743 983 2810 tiliani
1013 2763 1091 2805 ex
1116 2737 1344 2805 codice
1371 2737 1596 2826 aliquo
1628 2756 1967 2829 excerptas
2003 2744 2485 2824 continentem,
2514 2764 2658 2813 tum
2685 2749 2878 2817 flori-

774 2861 998 2947 legum
1027 2853 1324 2922 codicem
1351 2853 1435 2918 ab
1463 2855 1735 2944 antiqua
1762 2878 1961 2921 manu
1997 2860 2065 2921 in
2095 2860 2496 2928 membranis
2524 2868 2844 2954 scriptum
2862 2919 2880 2948 ‚

777 2974 1268 3060 sententiasque
1303 2991 1381 3033 ex
1410 2968 1769 3036 latinorum
1798 2974 2193 3062 scriptorum
2226 2976 2543 3065 operibus
2571 2982 2878 3048 collectas

778 3088 1219 3157 exhibentem.
1252 3087 1511 3150 Horum
1540 3084 1864 3153 librorum
1892 3088 2078 3169 alter,
2108 3114 2311 3180 quem
2342 3090 2473 3160 hoc
2501 3097 2688 3185 signo
2717 3097 2876 3164 Exc.

774 3205 956 3273 Sant.
986 3206 1241 3270 notavit
1270 3200 1720 3292 SpaldingiuS‚
1763 3206 2017 3293 ignotas
2048 3205 2318 3274 aliunde
2351 3210 2706 3298 scripturas
2736 3237 2877 3282 non

775 3323 1006 3401 offert,
1027 3316 1256 3385 sedita
1280 3316 1420 3380 fere
1445 3337 1599 3380 cum
1619 3314 1851 3383 codice
1874 3319 2397 3412 Guelferbytano
2425 3327 2878 3415 conspirantes

778 3457 1043 3509 omnes,
1074 3449 1149 3503 ut
1180 3454 1262 3496 ex
1294 3429 1473 3495 hoc
1455 3452 1599 3518 ipso
1640 3454 1747 3532 eas
1784 3455 2085 3498 manasse
2125 3458 2246 3524 pro
2285 3456 2628 3527 comperto
2661 3464 2875 3533 prope

772 3553 1131 3628 habeatur3
1160 3546 1348 3624 alter,
1383 3566 1585 3634 quem
1615 3544 1831 3610 Floril.
1867 3543 2049 3612 Sunt.
2085 3553 2386 3616 nominat
2414 3551 2836 3644 Spaldingius
2856 3608 2874 3635 ,

776 3659 960 3734 haud
986 3686 1136 3730 raro
1160 3658 1434 3752 quidem
1457 3658 1541 3724 ab
1569 3660 1869 3726 omnium
1889 3661 2214 3729 librorum
2243 3666 2564 3754 scriptura
2588 3669 2875 3752 recedit,

774 3786 867 3850 ita
904 3798 1130 3847 tamen
1172 3791 1249 3840 ut
1279 3774 1674 3840 variationes
1714 3774 1798 3839 ab
1834 3774 1948 3842 illo
1987 3778 2166 3865 ipso,
2208 3780 2322 3869 qui
2358 3779 2558 3846 flores
2597 3781 2721 3849 hos
2761 3806 2872 3847 ex·

776 3909 1141 3986 cerpserat,
1173 3907 1288 3956 aut
1312 3888 1574 3969 sedulo,
1607 3912 1743 3980 quo
1768 3892 2189 3959 rotundiores
2213 3895 2466 3959 exirent
2491 3900 2837 3963 sententiae
2853 3950 2872 3980 ,

775 4029 888 4078 aut
911 4007 1215 4099 neglectu
1239 4005 1438 4069 etiam
1462 4003 1754 4094 quodam
1777 4005 2094 4071 admissas
2119 4007 2260 4071 fere
2286 4030 2429 4074 esse
2456 4010 2649 4075 facile
2678 4034 2878 4102 appa·

775 4141 931 4193 reat.
957 4129 1260 4190 Attamen
1276 4171 1292 4201 ‚
1318 4137 1393 4186 ut
1411 4119 1496 4185 de
1520 4119 1649 4185 hoc
1665 4121 1812 4210 ipso
1831 4139 2191 4204 constaret,
2217 4123 2577 4214 Spaldingii
2603 4145 2869 4193 secutus

1123 4381 1144 4418 b
