3200 5159
593 1851 661 1910 82

725 439 810 519 68

1300 455 1393 517 Μ.
1434 452 1659 532 FABH
1695 450 2252 534 QUINTILIANI

724 573 1236 671 eloquentiam¹
1282 572 1570 665 dicitur,
1613 573 1920 647 multum
1960 574 2227 672 ingenii
2261 573 2590 648 habuisse
2623 562 2693 648 et
2726 574 2825 647 fa-

720 689 995 762 cundiae
1018 690 1266 779 fateor,
1296 688 1405 760 vel
1433 688 1523 761 ob
1554 688 1687 761 hoc
1706 689 2048 761 memoria
2072 690 2369 788 dignum
2385 746 2404 779 ‚
2431 690 2622 788 quod
2647 690 2822 763 ulti-

722 830 881 878 mus
922 825 1026 877 est
1064 805 1209 877 fere
1260 831 1340 876 ex
1382 804 1655 892 Atticis,
1700 803 1824 901 qui
1874 802 2009 874 dici
2050 805 2266 903 possit
2300 825 2562 894 orator-3
2602 831 2819 902 quem

720 940 955 1008 tamen
990 919 1064 991 in
1089 919 1211 991 illo
1241 919 1519 990 medio²
1553 945 1807 1017 genere
1834 917 2110 992 dicendi
2139 917 2456 1019 praefert³
2481 921 2827 993 omnihus

605 1045 667 1100 81
716 1035 982 1108 Cicero.
997 1032 1618 1130 Philosophorum,
1632 1060 1709 1106 ex
1724 1033 1981 1131 quibus
1995 1033 2383 1134 plurimum
2406 1061 2478 1107 se
2492 1032 2525 1096 4
2537 1036 2823 1109 traxisse

716 1149 1128 1249 eloquentiae
1156 1152 1259 1220 M.
1289 1147 1570 1220 Tullius
1599 1149 1966 1221 confitetur
1989 1147 2042 1238 ⁵,
2073 1148 2228 1247 quis
2266 1148 2540 1220 dubitet
2568 1151 2819 1222 Plato-

707 1263 916 1354 nem⁶
958 1289 1102 1335 esse
1143 1262 1610 1363 praecipuum,
1654 1261 1790 1334 sive
1837 1262 2170 1335 acumine
2211 1261 2630 1352 disserendi,
2674 1264 2817 1336 sive

712 1376 1089 1478 eloquendi
1122 1376 1440 1449 facultate
1472 1374 1706 1448 divina
1731 1375 2040 1474 quadam
2075 1397 2145 1449 et
2182 1375 2591 1448 Homerica?
2617 1378 2816 1448 mul-

710 1515 864 1566 tum
908 1492 1096 1564 enim
1148 1517 1357 1592 supra
1394 1516 1674 1590 prosam
1714 1490 2136 1579 orationem,
2171 1505 2277 1563 et⁷
2324 1517 2541 1590 quam
2580 1490 2819 1590 pedes·

595 1641 602 1650 ·
712 1629 891 1681 trem
909 1606 940 1652 ⁸
968 1605 1193 1679 Graeci
1215 1626 1494 1695 vocant,
1516 1604 1772 1704 surgit3
1802 1625 1883 1677 ut
1907 1604 2082 1676 mihi
2109 1632 2253 1679 non
2279 1605 2592 1679 hominis
2617 1607 2816 1707 inge-

709 1724 852 1814 ni0,
874 1721 992 1796 sed
1022 1721 1373 1821 quodam9
1403 1720 1797 1819 delphico¹⁰
1822 1719 2433 1802 videaturoraculo
2458 1735 2508 1767 ¹¹
2528 1722 2816 1795 instinc·

707 1860 839 1912 tus,
856 1837 1049 1930 Quid
1064 1864 1192 1937 ego
1210 1834 2249 1938 commemoremXenophontis
2272 1837 2471 1911 illam
2503 1838 2813 1939 ¹’jucun-

782 2035 803 2070 1
816 2059 828 2070 .
843 2017 1236 2090 Eloquentiam.
1249 2017 1426 2070 Turio.
1441 2016 1583 2070 Flor.
1599 2015 1719 2087 (hic

705 2116 737 2151 a
761 2117 840 2171 pr.
866 2097 1051 2169 manu)
1075 2095 1403 2170 cloquentioe.

778 2197 825 2232 τι.
868 2176 1063 2229 Medio.
1101 2175 1239 2227 Flor.
1280 2174 1350 2246 (a
1383 2194 1488 2227 sec.
1521 2174 1719 2246 manu)

701 2257 877 2310 Guelf.
897 2294 914 2321 ‚
944 2255 1221 2320 mediocri,
1252 2273 1374 2306 cum
1403 2258 1557 2308 Voss.
1589 2271 1636 2322 ι,
1665 2254 1716 2306 3.

707 2361 780 2384 φ-
800 2334 998 2388 Eadem
1021 2336 1204 2386 nostri.
1229 2336 1322 2386 En.

774 2415 829 2467 3.
855 2413 1153 2485 Proefertm
1184 2413 1375 2466 Cicero.
1408 2434 1429 2457 ι
1449 2414 1716 2483 Respicit,

715 2517 737 2541 e.
758 2506 891 2567 puto
908 2530 925 2560 ,
952 2490 1094 2563 quod
1119 2495 1230 2563 jam
1260 2488 1598 2540 observatum
1626 2488 1719 2540 Al-

708 2597 730 2624 ·
752 2572 1081 2636 melovenio‚
1118 2569 1185 2623 ad
1220 2571 1368 2622 Orat.
1413 2585 1500 2639 27,
1536 2572 1628 2639 qui
1664 2581 1718 2620 et

707 2675 730 2700 ιι
752 2651 853 2704 alia
883 2667 1099 2723 quoque
1126 2648 1265 2700 iuius
1294 2646 1466 2717 elogia
1497 2649 1623 2698 citat
1652 2667 1714 2699 ex

707 2731 820 2783 ade
847 2732 997 2785 Orat.
1022 2731 1103 2796 11,
1135 2728 1231 2790 233
1262 2740 1316 2779 et
1337 2726 1494 2780 offic.
1533 2729 1588 2793 1,
1622 2744 1711 2779 1.-

700 2811 987 2868 Gesnerus.
1004 2838 1076 2847 —
1089 2805 1242 2858 Adde
1257 2808 1382 2874 Leg.
1399 2805 1498 2871 111,
1520 2806 1553 2858 6
1567 2826 1580 2867 ;
1596 2806 1713 2857 Fin.

700 2885 770 2954 V,
806 2905 885 2957 ¹9·
920 2888 1000 2939 De
1034 2884 1211 2938 medio
1242 2902 1436 2955 genere
1468 2883 1715 2951 dicendi,

704 2967 825 3019 vide
851 2965 895 3037 5.
923 2966 1009 3018 52.

773 3046 826 3114 4.
864 3045 1112 3098 Traxisse.
1134 3043 1311 3097 Turio.
1349 3044 1488 3096 Flor.
1527 3041 1593 3115 (a
1631 3063 1712 3114 pr.

701 3145 864 3182 mauu
887 3124 1140 3197 uterque)
1164 3124 1414 3177 transisse.
1438 3153 1511 3163 —
1533 3124 1715 3176 Nostri

702 3207 926 3261 traxisse.
952 3208 1067 3257 Put.
1093 3203 1238 3257 solus
1263 3205 1472 3256 omittit.
1499 3206 1590 3255 En.

773 3286 823 3339 5.
870 3284 950 3336 M.
998 3281 1206 3334 Tullius
1248 3279 1537 3354 confitetur.
1577 3280 1710 3334 Vide

699 3367 848 3419 Orat.
875 3363 938 3415 3:
972 3385 996 3409 ι
1014 3362 1207 3413 Fateor
1227 3379 1313 3413 me
1341 3373 1602 3412 oratorem
1621 3398 1637 3426 ,
1666 3363 1713 3412 si

705 3468 730 3493 α
750 3442 912 3496 modo
941 3443 1072 3509 sim,
1100 3455 1194 3492 aut
1220 3442 1378 3492 etiam
1404 3442 1711 3510 quicunque

705 3547 729 3572 κ
750 3526 846 3575 sim
862 3562 880 3589 ‚
912 3540 1020 3574 non
1055 3540 1118 3574 ex
1149 3519 1423 3572 rhetorum
1449 3518 1676 3572 officinis
1692 3556 1710 3587 ,

705 3625 729 3649 κ
749 3601 843 3655 sed
888 3619 953 3654 ex
996 3598 1289 3652 Academiae
1331 3599 1512 3668 spatiis
1553 3599 1708 3650 exsti·

704 3704 727 3729 ι
750 3684 887 3733 tisse.
914 3703 937 3734 η

769 3759 821 3812 6.
841 3755 1049 3808 Βιιὸἰεεε
1065 3752 1361 3808 Platonem.
1375 3752 1552 3805 Turio.
1564 3752 1707 3808 Flor.

697 3838 859 3890 Cam*-
878 3837 1113 3887 inserunt
1128 3842 1196 3883 et.
1212 3828 1410 3894 caela,
1425 3825 1632 3884 dubitat
1642 3832 1706 3883 P.

771 3932 822 3985 7.
864 3914 939 3965 Et
972 3929 1135 3984 quam
1173 3908 1475 3981 pedestrem.
1518 3910 1711 3960 Parum

697 3995 875 4067 placet
896 3991 1205 4062 conjunctio
1226 4000 1305 4055 et,
1329 3990 1483 4058 cujus
1505 3988 1709 4041 nullam

695 4077 785 4131 hic
809 4074 1056 4126 idoneam
1078 4074 1185 4124 vim
1208 4087 1461 4139 agnosce.

1798 2018 1971 2071 verbis
1996 2016 2270 2089 (monente
2291 2017 2541 2090 Capper.)
2561 2037 2671 2072 non
2693 2037 2816 2091 pro·

1801 2113 1911 2148 sam
1951 2110 2157 2149 tantum
2194 2098 2490 2149 orationem
2521 2097 2815 2167 intelligere

1799 2193 2082 2247 possumus
2094 2214 2111 2241 ‚
2131 2174 2226 2227 sed
2240 2176 2511 2246 poeticum
2526 2176 2683 2227 etiam
2701 2194 2813 2227 ser·

1800 2272 2014 2306 monem
2028 2292 2045 2319 ‚
2084 2255 2175 2325 qui
2208 2255 2456 2326 prosaico
2494 2255 2563 2306 sit
2592 2253 2810 2319 similis;

1799 2333 1951 2402 cujus
1966 2333 2080 2384 fere
2092 2331 2237 2384 modi
2256 2344 2338 2384 est
2351 2334 2676 2384 comicorum
2695 2331 2807 2384 elo-

1799 2414 1942 2465 cutio
1962 2434 1975 2463 =
2011 2411 2118 2465 hoc
2155 2431 2313 2465 sensu
2349 2412 2477 2465 dixit
2510 2415 2773 2465 Luciauus
2789 2452 2808 2481 ‚

1791 2489 2068 2559 ’Λτραγᾴὤι
2098 2487 2271 2542 πάντα.
2296 2489 2378 2541 καὶ
2400 2486 2530 2558 meai.
2547 2488 2630 2540 nai
2662 2492 2813 2555 Ιιμο-

1795 2568 1923 2623 ‹rmi-
1949 2584 2001 2622 et
2026 2572 2211 2622 Horat.
2236 2572 2288 2621 iu
2312 2572 2425 2622 Art.
2450 2583 2689 2642 poet.‚v.
2711 2570 2809 2642 95,

1795 2650 1846 2700 E
1849 2659 1871 2699 t
1892 2649 2110 2721 tmqt'cus
2129 2646 2440 2721 plerumque
2458 2645 2600 2699 dolet
2616 2666 2814 2700 sermo·

1798 2744 1867 2777 ne
1884 2724 2121 2798 pedestri.
2148 2726 2242 2776 En.

1867 2824 1918 2875 9.
1958 2805 2213 2875 Quodam.
2247 2805 2422 2857 Turio.
2457 2804 2598 2857 Flor.
2626 2803 2750 2877 (hic
2773 2825 2807 2860 a

1791 2903 1880 2956 pr.
1905 2884 2090 2952 manu)
2110 2883 2368 2957 quoedam.

1873 2980 1955 3017 ιο.
1979 2963 2296 3036 Delphico...
2313 2962 2547 3016 oraculo.
2560 2961 2809 3020 landant

1793 3044 1904 3098 Cic.
1927 3046 2071 3097 Brut.
2097 3046 2185 3111 31,
2214 3044 2307 3096 ubi
2338 3063 2461 3097 cum
2493 3046 2625 3098 Jove
2658 3066 2808 3099 com·

1793 3137 2012 3194 paratur
2035 3122 2201 3175 Plato.
2228 3121 2383 3175 Adde
2404 3124 2511 3175 Cic.
2538 3125 2698 3195 Legg.
2725 3128 2803 3193 Π,

1794 3220 1859 3274 7;
1896 3202 1964 3254 de
2000 3204 2147 3256 Orat.
2184 3204 2287 3269 111,
2325 3204 2377 3271 4.
2416 3202 2583 3255 Valde
2620 3204 2804 3259 similis

1792 3284 2061 3334 sententiae
2100 3281 2264 3351 figura
2301 3280 2369 3333 de
2404 3283 2563 3352 [aegg-
2601 3285 2658 3350 1,
2698 3303 2762 3338 υ
2785 3307 2801 3336 ε

1797 3360 2089 3431 «praecepti
2125 3373 2272 3412 tanta
2307 3362 2461 3412 νὴ...
2500 3373 2560 3412 ut
2597 3381 2658 3414 ea
2690 3382 2805 3418 non

1795 3459 1820 3484 α
1840 3437 2043 3495 homini
2057 3441 2307 3513 cuipiam,
2322 3438 2415 3493 sed
2428 3438 2678 3511 delphico
2696 3441 2802 3496 deo

1797 3538 1820 3563 ιι
1842 3515 2177 3570 tribueretur.
2201 3541 2224 3566 n

1856 3612 1874 3647 1
1891 3611 1935 3647 1.
1962 3594 2187 3648 Orac-ulo
2213 3596 2499 3651 instinctus.
2521 3598 2798 3654 Tui-icens.

1789 3674 1963 3742 Flor.‚
1996 3674 2137 3730 o.'de
2179 3679 2455 3732 instrictus.
2490 3678 2580 3730 me
2620 3698 2649 3731 a
2688 3699 2797 3733 sec.

1790 3773 1948 3808 manu
1979 3775 2027 3808 ο.
2058 3756 2143 3808 dei
2169 3757 2446 3811 instructus
2458 3782 2476 3820 ‚·
2505 3759 2593 3812 hle
2620 3759 2686 3811 de
2713 3761 2801 3813 ἰη-

1789 3835 2017 3887 stinctus.
2038 3837 2199 3887 Cant.
2214 3874 2232 3902 ‚
2246 3835 2461 3889 oraculo
2485 3838 2570 3891 dei
2587 3840 2798 3893 instinc-

1790 3922 1889 3964 tus.
1923 3915 1999 3964 Ex
2030 3912 2289 3967 Almelov.
2325 3916 2400 3968 nil
2429 3917 2667 3984 affertur,
2694 3920 2801 3972 nisi

1790 3991 2062 4044 instrictus,

1832 4086 1850 4120 ι
1864 4088 1913 4121 2.
1929 4068 2090 4122 Illam
2099 4073 2513 4142 jucunditatem,·
2530 4075 2797 4131 sicTun‘c.

770 4157 821 4209 8.
842 4153 1152 4206 Pedesmm.
1174 4148 1321 4222 Πιζὶν
1341 4143 1494 4214 λέγω,
1511 4146 1705 4221 quibus
1784 4149 1825 4202 F
1828 4149 1926 4203 lor.
1941 4148 2116 4203 Guelf.
2132 4151 2292 4206 Goth.
2308 4154 2453 4208 Jeus.
2471 4153 2596 4228 (tac.
2610 4157 2800 4228 Geso.)
