3200 5159
662 456 1317 527 ms‘rrrn‘rloms
1355 460 1613 527 ORAT.
1655 446 1817 528 Lm.
1857 464 2016 542 ΧΠ,
2065 486 2162 528 10.

2336 460 2458 545 537

364 602 643 654 necesse
672 583 757 655 sit
780 585 1180 673 transferre,
1214 604 1338 656 aut
1365 585 1777 674 circumire3
1818 586 2025 659 etiam
2058 586 2130 658 in
2160 585 2272 675 iis,
2307 610 2460 681 quae

364 693 814 771 denominata
858 715 1098 788 sunt¹‚
1158 726 1440 773 summa
1486 723 1862 801 paupertas
1917 703 1991 773 in
2040 701 2283 775 eadem
2335 724 2463 769 nos

361 811 925 911 frequentissime
969 815 1295 890 revolvit:
1347 838 1417 889 at
1447 817 1583 889 illis
1622 846 1767 890 non
1805 819 2176 891 verborum
2207 815 2461 903 modo,

363 926 486 999 sed
523 928 926 1030 linguarum
969 933 1179 1005 etiam
1228 932 1410 1006 inter
1446 961 1518 1006 se
1570 933 2048 1006 differentium
2097 931 2297 1032 copia
2346 949 2465 1001 est.

364 1043 648 1134 Quare²
698 1049 819 1145 qui
862 1076 905 1121 a
940 1051 1208 1123 Latinis
1248 1049 1523 1150 exiget³
1567 1051 1762 1124 illam
1802 1050 2092 1150 gratiam
2127 1048 2468 1151 sermonis
2494 1051 2565 1108 35

363 1161 575 1251 attici,
602 1162 716 1236 det
745 1164 919 1237 mihi
948 1165 1021 1238 in
1052 1167 1449 1266 eloquendo
1474 1168 1801 1240 eamdem
1829 1166 2367 1268 jucunditatem,
2399 1183 2468 1236 et

363 1303 606 1376 parem
641 1280 912 1379 copiam
945 1309 960 1354 ε
994 1284 1181 1382 quod
1212 1284 1268 1356 si
1299 1305 1640 1383 negatum
1672 1304 1804 1373 est,
1843 1279 2260 1356 sententias4
2284 1301 2469 1379 apta·

362 1388 601 1465 bimus
624 1392 711 1465 iis
734 1396 1051 1490 vocibus,
1078 1426 1254 1498 quas
1285 1398 1662 1489 habemus,
1689 1426 1822 1471 nec
1855 1425 2088 1470 rerum
2108 1396 2133 1443 ⁵
2169 1396 2468 1468 nimiam

365 1506 778 1581 tenuitatem
808 1566 827 1601 ,
880 1532 957 1583 ut
1001 1539 1145 1585 non
1200 1514 1428 1587 dicam
1480 1514 1969 1614 pinguioribus
1997 1571 2015 1602 ‚
2072 1511 2514 1586 fortioribus'

364 1641 549 1694 certe
581 1624 805 1698 verbis
837 1627 1328 1720 miscebimus„
1366 1657 1455 1702 ne
1483 1630 1701 1704 virtus
1735 1650 2026 1728 utraque
2054 1647 2287 1727 pereat
2320 1625 2468 1725 ipsa

364 1738 802 1814 confusione.
854 1744 1036 1815 Nam
1089 1772 1229 1844 quo
1277 1746 1517 1818 minus
1560 1745 1841 1847 adjuvat
1886 1742 2184 1832 sermofi,
2236 1769 2464 1815 rerum
2503 1747 2572 1801 36

365 1944 595 2013 minata,
615 1947 888 2004 Tur-icens.
914 1953 1052 2006 Flor.
1079 1955 1375 2023 Damnata,

1459 1952 1603 2006 nulla
1619 1956 1860 2006 varietas.
1874 1981 1943 1993 -—
1954 1952 2137 2004 Nostri
2153 1947 2347 2014 Codd.‚
2366 1949 2474 2000 exi-

363 2021 509 2075 Jens.
532 2024 772 2096 (tacente
795 2032 989 2103 Gesn.)
1012 2047 1065 2086 et
1086 2047 1228 2106 post.
1254 2047 1377 2087 ante
1453 2045 1560 2106 qet,
1578 2047 1801 2106 excepto
1813 2036 1873 2085 R.
1888 2032 2071 2103 10,qui
2085 2029 2260 2101 exiqit.
2274 2030 2471 2082 Omnes

365 2100 486 2153 Ald.
516 2105 922 2179 Differentiam,
944 2113 1086 2165 Flor.

446 2198 490 2235 1.
533 2184 660 2254 Quoe
696 2187 1034 2244 denominata
1064 2203 1202 2247 sunt.
1242 2191 1376 2246 Vide

367 2261 512 2326 vm,
543 2280 603 2330 a,
648 2266 700 2333 4.
748 2270 888 2324 Male
913 2271 1132 2324 Gesner.
1172 2271 1380 2325 videtur

364 2341 681 2400 intellexisse
716 2348 784 2401 de
815 2350 1084 2424 adjectivis
1108 2373 1141 2404 a
1166 2355 1380 2405 nomine

367 2417 595 2495 deflexis.
633 2426 737 2479 Sed
765 2428 908 2483 bona
938 2431 1174 2503 exempla
1200 2434 1379 2504 posuit

366 2501 629 2588 ejusmodi
647 2509 813 2579 copiae
831 2509 1211 2562 vocabulorum
1235 2512 1380 2563 Lati-

370 2594 451 2629 ms
475 2596 677 2650 negatae
701 2605 731 2638 e
757 2587 893 2641 Xen.
922 2591 1080 2641 Mem.
1107 2590 1251 2642 Socr.
1283 2591 1380 2656 111,

379 2659 717 2732 1‚6;et111.,
747 2664 809 2731 3,
833 2685 884 2737 9.

444 2758 491 2793 2.
523 2742 750 2812 Quare...
772 2746 984 2800 Latinis.
999 2749 1177 2801 Turic.
1204 2747 1343 2800 Flor.
1362 2786 1380 2813 ‚

369 2823 728 2913 quare-aliqui
761 2826 1001 2896 lationis,
1043 2850 1164 2883 cum
1188 2828 1377 2883 Almel.

371 2898 1383 3059 34:¹21.-'5535153522213’013553532131

374 3070 455 3110 tas
471 3077 533 3111 ex
556 3060 647 3113 illo
661 3067 752 3127 at,
776 3064 969 3134 quibus
989 3070 1204 3119 remotis
1219 3086 1383 3119 rema·

373 3152 465 3191 net
488 3143 743 3213 scriptura
773 3144 883 3196 fere
905 3145 1190 3209 Vallensi8‚
1225 3164 1383 3218 quam

376 3236 485 3271 non
513 3237 708 3292 sequor
748 3235 953 3288 tamen,
994 3225 1118 3277 licet
1146 3223 1382 3295 exempla

378 3295 494 3349 talis
504 3299 948 3354 structuraelexica
966 3302 1120 3355 nobis
1136 3304 1381 3354 offerant.

447 3374 498 3426 3.
528 3377 733 3452 Exiqet.
758 3380 920 3432 Cum
945 3379 1173 3432 Gothan.
1211 3381 1351 3433 Jens.
1369 3420 1384 3445 ‚

374 3452 565 3528 exigit,
588 3455 720 3526 (tac.
751 3458 944 3530 Gesn.)
968 3477 1088 3511 cum
1113 3458 1234 3511 edd.
1261 3473 1384 3511 ante

374 3530 543 3585 Stoer.
583 3535 866 3607 Loquendo
887 3575 906 3602 ,
944 3539 1215 3591 Tur-icens.
1242 3537 1382 3589 Flor.

373 3611 647 3665 Guelferb.
672 3613 831 3667 Goth.
857 3616 1000 3667 Jens.
1027 3621 1162 3684 (tac.
1187 3615 1386 3687 Gesn.)

375 3707 501 3742 eum
528 3691 674 3744 editt.
701 3707 822 3745 ante
854 3693 1008 3746 Basil.
1046 3713 1156 3746 aec.
1184 3693 1384 3767 Gryph.

384 3770 535 3839 1544.
553 3773 693 3825 Infra
723 3772 768 3845 ς.
791 3775 886 3843 39,
908 3773 1146 3827 eamdem
1165 3777 1386 3828 varieta-

377 3867 485 3905 tem
518 3853 755 3926 praebent
782 3854 921 3906 Flor.
946 3855 1121 3910 Guelf.
1152 3854 1384 3908 Gothan.

376 3932 541 3985 Cute.
568 3952 689 3986 cum
714 3937 866 3987 Voss.
892 3953 911 3988 ι
930 3973 947 4001 ,
989 3953 1045 3999 2,
1071 3936 1132 4001 3,
1163 3949 1215 3988 et
1238 3935 1388 3989 editt.

381 4022 505 4062 ante
523 4009 641 4063 Ald.
658 4030 770 4063 aee.
792 4011 918 4063 Bad.
936 4013 1111 4066 Colin.
1131 4012 1233 4067 Sed
1252 4014 1387 4087 eloq.

378 4106 561 4139 verum
579 4089 861 4161 utrobique
873 4129 889 4156 ‚
910 4092 1046 4143 sicut
1061 4110 1220 4164 supra
1238 4091 1281 4163 §.
1303 4110 1388 4163 27,

381 4177 435 4219 et
457 4166 591 4219 vlu.
617 4168 734 4219 Pro.
770 4184 861 4236 17,
891 4181 943 4221 et
967 4168 1079 4223 aliis
1101 4169 1265 4239 luein,
1300 4170 1392 4224 ubi

1458 2114 1736 2188 loquendo.
1757 2115 1851 2164 En.

1529 2194 1579 2262 4.
1616 2194 1924 2248 Sententias.
1967 2189 2179 2242 Habent
2210 2187 2473 2240 sententiis

1457 2275 1636 2326 Turio.
1650 2273 1792 2325 Flor.
1807 2270 2119 2342 Aptavimus
2128 2306 2145 2332 ,
2162 2266 2338 2317 Turio.
2356 2263 2471 2329 His,

1457 2353 1635 2407 Guelf.
1655 2351 1816 2405 Goth.
1842 2350 1979 2420 (tac.
1999 2348 2157 2400 Gesn.
2170 2345 2191 2413 )
2206 2342 2259 2394 V
2253 2342 2470 2407 ocimus,

1457 2434 1635 2485 Turic-
1661 2426 1732 2484 Εἰ
1768 2449 1874 2483 non
1908 2427 2108 2492 dicam,
2138 2424 2315 2475 Turic.
2345 2422 2474 2472 For-

1461 2512 1670 2566 tiort'bus
1690 2530 1794 2564 om.
1823 2510 1999 2562 Tur-ic.
2026 2505 2164 2558 Flor.
2192 2522 2314 2556 cum
2335 2501 2469 2553 Alm.

1533 2590 1582 2644 5.
1612 2591 1724 2643 Nec
1753 2606 1920 2641 rerum
1928 2625 2041 2639 ......
2076 2585 2188 2657 ipsa
2215 2581 2475 2654 confusio-

1461 2689 1543 2722 ne.
1567 2671 1738 2723 Latini
1763 2670 1981 2742 penuria
2003 2665 2343 2737 propriorum
2359 2680 2474 2712 ver-

1461 2749 1654 2801 borum
1678 2748 1941 2801 translatis
1963 2747 2071 2797 fere
2095 2757 2147 2797 et
2163 2739 2474 2794 fortioribus

1462 2842 1514 2882 et
1529 2842 1732 2880 tantum
1749 2845 1858 2878 non
1878 2823 2164 2898 pinguibus
2189 2824 2265 2874 uti
2281 2839 2478 2892 cogun-

1462 2921 1563 2958 tur.
1603 2908 1696 2958 His
1718 2908 1899 2975 itaque
1938 2905 1980 2955 si
2014 2921 2096 2953 res
2121 2914 2173 2951 et
2203 2901 2473 2951 sententie

1462 2988 1682 3039 nimium
1721 2998 1903 3036 tenues
1931 2982 2306 3055 proferantur,
2345 2998 2476 3031 eon-

1462 3066 1602 3117 fusio
1622 3063 1858 3135 quaedam
1874 3064 2099 3126 oriatur,
2124 3079 2227 3134 qua
2248 3073 2475 3131 utraque

1462 3146 1660 3209 virtus,
1706 3157 1758 3195 et
1790 3142 2088 3213 proprietas
2125 3138 2381 3190 sermonis
2423 3150 2476 3188 et

1464 3219 1677 3294 pondus
1697 3222 2069 3273 sententiarum
2097 3229 2294 3288 pereat.

1534 3299 1585 3351 6.
1623 3299 1855 3370 Adiuvat
1881 3314 2060 3350 senne.
2103 3295 2280 3346 Tun-ic.
2305 3293 2442 3346 Flor.
2459 3332 2477 3360 ,

1464 3379 1776 3452 acijutort'am
1801 3396 1996 3441 sermo,
2021 3395 2142 3428 cum
2157 3373 2346 3427 Almel.
2374 3377 2481 3425 Ve-

1465 3477 1585 3510 reor
1621 3478 1688 3511 ne
1727 3476 1836 3508 non
1875 3470 2069 3508 temere
2111 3457 2182 3506 ita
2217 3455 2479 3513 varietur3

1467 3557 1589 3590 nam
1613 3537 1861 3608 adjutoris
1874 3550 1926 3588 et
1945 3535 2196 3608 aoJutorit‘
2207 3530 2478 3584 vocabulis

1468 3618 1658 3688 saepius
1685 3618 1851 3668 utitur
1873 3615 2057 3682 Quint.
2093 3613 2196 3665 Sed
2233 3610 2362 3663 nihil
2386 3630 2479 3662 ex-

1466 3697 1711 3769 sculpere
1747 3714 1967 3767 possum
1999 3693 2141 3765 quod
2167 3704 2388 3762 receptae
2414 3692 2479 3740 sit

1465 3775 1882 3849 praeferendum:
1906 3789 1965 3827 ut
1990 3777 2033 3826 si
2049 3793 2114 3825 ne
2129 3771 2355 3826 litterula
2373 3773 2488 3842 qui-

1468 3854 1589 3907 dem
1619 3867 1822 3907 mutata
1849 3872 2105 3926 ponerem
2131 3874 2142 3902 :
2172 3853 2347 3902 «Nam
2372 3867 2480 3921 quo

1477 3958 1500 3982 ιι
1521 3938 1695 3988 minus
1719 3934 1932 4006 adjutor
1946 3938 2056 4004 jam
2081 3949 2254 3983 sermo
2275 3952 2287 3980 ε
2316 3954 2338 3977 ι
2383 3930 2483 3979 nisi

1471 4015 1759 4086 adjutorem
1774 4032 1875 4067 esse
1897 4012 2084 4064 melius
2109 4012 2245 4062 forte
2265 4007 2487 4061 faculta-

1472 4105 1578 4145 tem
1594 4091 1880 4162 adjuvandi
1903 4092 2171 4163 exprimit,
2196 4106 2351 4161 quam
2371 4106 2487 4140 ver-

1472 4172 1601 4243 bum
1625 4171 1816 4226 solum.
1853 4169 1958 4226 Sed
1980 4172 2093 4224 istis
2120 4188 2230 4222 non
2255 4167 2486 4223 confido.
