3200 5159
1321 509 1414 573 M:
1458 506 1690 571 FABn
1728 506 2292 590 Qum'rmAm

662 649 727 702 28
760 657 890 702 nec
936 628 1060 701 alii
1108 650 1345 728 postea
1392 627 1708 699 vicerint.
1765 629 2038 697 Verum
2083 641 2199 698 ut¹
2251 629 2661 701 transeundi
2709 656 2868 729 spes

759 772 903 817 non
974 744 1104 835 sit,
1173 770 1430 842 magna
1505 764 1743 814 tamen
1810 762 1910 814 est
1992 740 2295 840 dignitas
2360 745 2862 845 subsequendi.

761 863 871 932 An
917 860 1140 932 Pollio
1186 880 1254 931 et
1306 858 1638 950 Messala,
1693 859 1855 957 qui,
1903 850 2060 958 jam'
2102 858 2438 932 Cicerone
2489 888 2723 933 arcem
2767 882 2874 934 te·

762 997 971 1048 neme
1026 974 1488 1073 eloquentiae,
1542 1001 1746 1074 agere
1807 995 2205 1073 coeperunt,
2266 1002 2518 1074 parum
2587 976 2662 1049 in
2722 975 2868 1050 vita

762 1093 1116 1192 dignitatis
1164 1092 1601 1180 habuerunt,
1663 1118 1914 1191 parum
1958 1090 2048 1163 ad
2092 1112 2397 1191 posteros
2448 1092 2688 1192 gloriae
2741 1115 2876 1167 tra·

763 1208 1134 1282 diderunt?
1193 1207 1477 1305 Alioqui
1540 1207 1841 1307 pessime
1906 1207 1993 1278 de
2053 1208 2260 1279 rebus
2322 1207 2659 1281 humanis
2722 1235 2876 1308 per·

763 1326 984 1397 ductae
1028 1325 1104 1396 in
1149 1351 1518 1396 summum
1552 1344 1729 1396 artes
1763 1344 2232 1414 mererentur,
2278 1324 2369 1413 si,
2418 1325 2652 1424 quod²
2688 1325 2875 1423 opti-

667 1479 734 1532 29
767 1468 969 1514 mum
1016 1442 1292 1531 fuisset,
1337 1440 1670 1514 defuisset
1686 1440 1737 1511 3.
1781 1438 1984 1513 Adde
2019 1440 2210 1540 quod
2253 1467 2549 1539 magnos
2592 1442 2875 1516 modica

765 1584 1047 1657 quoque
1078 1556 1479 1656 eloquentia
1501 1556 1681 1655 parit
1699 1556 1998 1645 fructus3
2026 1583 2135 1647 ac,
2162 1557 2218 1628 si
2245 1554 2448 1654 quis⁴
2472 1556 2618 1629 haee
2644 1557 2872 1629 studia

768 1672 1060 1745 utilitate
1082 1671 1225 1744 sola
1250 1671 1613 1761 metiatur,
1641 1697 1837 1770 paene
1858 1670 1961 1743 illi
1991 1673 2308 1771 perfectae
2333 1699 2459 1771 par
2477 1694 2611 1745 est:
2641 1698 2872 1771 neque

768 1808 915 1861 etat
950 1786 1268 1879 difficile,
1311 1786 1419 1858 vel
1471 1787 1852 1876 veteribus,
1889 1787 1995 1860 vel
2027 1788 2225 1860 novis
2262 1786 2597 1887 exemplis
2639 1787 2871 1887 palam

769 1907 997 1978 facere
1014 1962 1033 1996 ,
1062 1931 1206 1976 non
1231 1903 1520 1976 aliunde
1546 1902 1845 2004 majores
1869 1930 2037 2004 opes
2058 1903 2113 1996 ⁵,
2138 1904 2473 1997 honoreS,
2499 1905 2872 1997 amicitiaS,

758 509 886 598 592

773 2101 866 2135 nec
897 2082 1078 2135 locum
1111 2082 1361 2146 haberet3
1397 2095 1449 2135 et
1483 2100 1648 2154 quum
1669 2081 1780 2134 haec
1861 2101 1920 2135 ra
1937 2085 2107 2137 omnis
2123 2081 2328 2155 perdita
2343 2085 2398 2135 in
2412 2081 2692 2136 hocverbo
2705 2102 2877 2136 emen-

771 2181 833 2213 ex
874 2174 1025 2233 parte
1066 2176 1243 2214 essent
1283 2161 1662 2229 concedentis,
1707 2164 1781 2213 ita
1864 2161 2076 2227 dando,
2117 2161 2261 2233 quod
2301 2182 2331 2216 e
2364 2162 2481 2215 sola
2514 2165 2694 2214 neseio
2723 2168 2875 2235 eujus

769 2242 880 2292 fere
907 2239 1123 2294 dixisset
1149 2238 1509 2307 Quintilianus
1537 2262 1549 2291 =
1584 2262 1607 2286 ιι
1629 2254 1679 2292 et
1708 2241 1784 2291 sic
1863 2242 2172 2310 conjectura
2211 2241 2266 2291 in
2302 2242 2681 2294 Jensonianam
2713 2244 2874 2294 venit.

780 2344 802 2365 a
823 2336 950 2372 sane
978 2337 1153 2390 neque
1178 2316 1267 2371 alii
1290 2324 1478 2390 postea
1496 2319 1738 2372 vicerint.
1757 2341 1779 2365 n

773 2399 991 2450 Verior-s
1007 2402 1185 2469 itaque
1202 2418 1231 2451 e
1247 2401 1519 2470 scripturae
1534 2399 1786 2450 varietate

776 2476 1130 2549 exsculpenda
1144 2499 1158 2528 ε
1177 2477 1323 2550 quod
1340 2476 1468 2528 mihi
1483 2490 1661 2528 tamen
1679 2493 1788 2526 non

777 2559 1048 2609 suecessit.
1062 2558 1176 2608 Nisi
1187 2557 1504 2626 objectionis
1514 2556 1653 2607 forte
1667 2555 1787 2606 loeo

776 2633 916 2686 hane
948 2634 1153 2705 aliquot
1190 2633 1447 2686 librorum
1476 2635 1788 2704 scripturam

778 2712 1024 2769 admittas
1047 2736 1060 2765 :
1085 2713 1191 2767 Sed
1217 2732 1312 2765 uec
1333 2712 1435 2764 alii
1461 2724 1577 2784 post
1601 2729 1685 2764 eos
1712 2714 1793 2764 υἰ-

778 2804 964 2844 cerunt
985 2813 1002 2842 :
1026 2805 1146 2858 aut,
1168 2790 1314 2863 quod
1336 2789 1511 2855 haud,
1537 2789 1791 2842 dissimile

781 2890 906 2923 vero
925 2870 1222 2924 Boeekhius
1248 2870 1462 2938 suadet,
1482 2880 1662 2943 postea
1683 2870 1789 2922 hos.

783 2951 883 3002 Cui
940 2950 1230 3021 objectioni
1275 2949 1664 3021 respondeatur
1710 2948 1792 3002 his

782 3028 955 3082 verbis
991 3030 1044 3080 V
1046 3048 1195 3082 erum
1226 3040 1312 3093 ut,
1343 3043 1446 3081 etc.
1483 3027 1587 3081 Sed
1617 3046 1792 3100 neque

783 3109 873 3162 illa
895 3109 1128 3178 objectio
1142 3148 1159 3176 ,
1184 3127 1358 3179 neque
1382 3107 1492 3160 haec
1512 3110 1792 3179 responsio

782 3188 913 3240 mihi
960 3188 1177 3259 quidem
1223 3187 1572 3240 satisfaciunt.
1614 3188 1795 3255 Quare

781 3267 1009 3321 viderint
1038 3270 1319 3321 acutiores.

862 3364 907 3399 ι.
946 3347 1030 3399 Ut.
1058 3350 1324 3401 Omittunt
1348 3348 1622 3399 Tui-icens.
1653 3346 1793 3399 Flor.

785 3426 961 3480 Guelf.
986 3425 1146 3477 Goth.
1172 3425 1406 3496 (tacente
1424 3425 1611 3494 Gesn.)
1634 3426 1796 3476 Cius.

788 3525 911 3557 cum
924 3509 1080 3557 Voss.
1106 3522 1154 3556 2.
1180 3505 1474 3556 Ciceronem
1489 3541 1506 3568 ,
1527 3502 1799 3555 Guelferb.

792 3586 1106 3650 renuentem,
1137 3583 1276 3636 Flor.
1307 3581 1484 3636 Guelf.
1510 3580 1801 3653 Alioquin,

792 3664 1022 3717 Floreat.
1051 3665 1195 3716 Jens.
1218 3665 1372 3715 Tarv.
1409 3660 1527 3714 Ald.
1558 3661 1618 3713 Si
1640 3662 1770 3734 quid
1783 3701 1802 3730 ,

791 3746 953 3798 Cius.
985 3743 1103 3795 ΑΜ.

867 3843 913 3877 2.
934 3824 1021 3889 Si,
1045 3821 1186 3894 quod
1205 3821 1463 3892 optimum
1473 3821 1691 3893 fuisset,
1715 3820 1802 3872 de-

783 3905 989 3978 fuisset.
1020 3904 1142 3955 Haec
1178 3900 1431 3954 mendosa
1470 3918 1585 3954 esse
1617 3918 1803 3952 omnes

796 3994 1142 4055 agnoverunt..
1184 3980 1287 4035 Sed
1326 3997 1501 4051 neque
1545 3977 1804 4032 Obrechti

1863 2319 1983 2369 Hoc
2001 2320 2182 2391 itaque
2202 2320 2373 2388 ejecto
2389 2319 2546 2371 facile
2567 2338 2650 2371 me
2664 2339 2879 2391 persua·

1868 2416 2051 2451 surum
2079 2398 2498 2469 intelligentibus
2522 2417 2676 2470 spero
2702 2400 2879 2470 legen-

1868 2477 1997 2530 dum
2018 2480 2090 2545 si,
2112 2479 2256 2552 quod
2273 2480 2529 2551 optimum
2545 2518 2563 2546 ‚
2589 2479 2723 2530 idem
2750 2479 2878 2532 ulti-

1869 2573 2009 2607 mum
2028 2555 2236 2627 fuisset.

1943 2635 1995 2687 3.
2009 2635 2279 2705 Defuisset.
2291 2635 2556 2687 Omittunt
2571 2637 2754 2707 scripti
2769 2655 2882 2687 om-

1871 2732 1966 2766 nes
1985 2731 2108 2764 cum
2126 2715 2365 2767 Csur.-
2380 2717 2643 2768 Omittunt
2664 2734 2880 2788 quoque

1871 2794 2073 2855 nostri,
2103 2811 2217 2844 exc.
2246 2786 2397 2844 Poul.
2428 2794 2522 2847 En.

1943 2869 1994 2935 4.
2021 2868 2126 2937 Ac,
2149 2871 2341 2942 siquis.
2368 2870 2564 2937 Goth.‚
2592 2885 2649 2926 at
2673 2873 2722 2924 εἰ
2746 2874 2879 2944 quis.

1872 2950 2078 3002 Omittit
2105 2949 2213 3002 hoec
2230 2949 2463 3003 Florent.
2485 2955 2658 3024 spatio
2675 2951 2881 3004 relicto.

1873 3030 2063 3094 Nobis,
2086 3030 2262 3081 Tur-ic.
2289 3030 2432 3083 Flon
2457 3032 2632 3085 Guelf.

1948 3111 1997 3159 5.
2025 3107 2176 3179 Opes,
2200 3107 2443 3170 honours,-
2464 3113 2539 3164 sic
2556 3111 2720 3164 cim».
2743 3112 2887 3181 Opus

1877 3184 1959 3252 1ι.,
1985 3188 2160 3237 Turio.
2188 3186 2325 3237 Flor.
2354 3188 2427 3239 H.
2452 3207 2532 3256 o.‚
2559 3189 2763 3261 reliqui.
2786 3189 2886 3241 Fu-

1879 3276 2050 3317 turum
2064 3265 2272 3330 ,Tm-ie.
2292 3264 2524 3318 Florent.
2550 3268 2891 3320 Contio-essent

1877 3346 1982 3397 sint
2003 3343 2086 3410 d.,
2107 3345 2283 3396 'run-ic.
2307 3344 2447 3396 Flor.
2473 3346 2650 3398 Guelf.
2676 3346 2890 3399 Litteres

1881 3432 2044 3473 essent
2055 3460 2072 3487 ,
2087 3423 2227 3475 Flor.
2244 3422 2601 3490 Lines-meent,
2616 3424 2890 3478 Guelferb.

1884 3501 2092 3567 Passio,
2111 3501 2386 3554 Tui-icens.
2408 3502 2547 3555 Flor.
2568 3502 2743 3556 Guelf.
2764 3505 2894 3556 Exc.

1884 3582 2027 3635 Sant.
2053 3579 2214 3632 Goth.
2241 3580 2366 3651 (tac.
2391 3583 2579 3654 Gesn.)
2600 3584 2762 3635 Cnnv.
2788 3582 2844 3636 V
2837 3600 2899 3633 ο-

1889 3661 2177 3725 luntatem,
2197 3661 2375 3714 Tus-ic.
2401 3662 2538 3714 Flor.
2562 3662 2738 3714 Guelf.
2770 3662 2896 3731 ραι

1880 3740 1973 3805 sit,
1987 3739 2128 3791 Flor.
2152 3737 2491 3808 Virtutimus,
2506 3740 2648 3793 Flor.
2670 3742 2723 3794 V
2721 3741 2896 3806 intare,

1882 3819 2048 3871 cium.
2072 3816 2218 3888 quod
2242 3818 2445 3890 placet,
2470 3834 2710 3873 con-ecto
2730 3822 2781 3872 in
2804 3837 2894 3871 su-

1882 3897 2183 3969 perioribus
2208 3899 2472 3951 virtutem.
2497 3900 2660 3953 Pecus
2680 3899 2862 3951 dietat
2875 3934 2894 3963 ,

1883 3975 2116 4028 florent.
2157 3975 2354 4048 Spett‘es
2388 3976 2440 4027 d.
2455 4013 2474 4042 ,
2513 3975 2785 4030 Guelferb.
2824 3976 2892 4027 P.

798 4063 1058 4132 scriptura
1075 4058 1398 4130 effecissent,
1417 4076 1591 4128 neque
1611 4055 1807 4110 Rollini
1886 4055 2133 4108 dicuntia·
2173 4054 2318 4126 (non
2371 4056 2639 4124 dieantur,
2690 4068 2896 4108 errante

795 4139 1120 4210 Gesnerique
1175 4140 1484 4208 conjecturs
1539 4134 1808 4206 defecisset
1886 4135 2100 4205 Gesn.),
2122 4135 2268 4189 Jens.
2293 4136 2478 4187 -RR
2509 4153 2538 4207 7
2560 4174 2576 4201 ‚
2609 4153 2626 4188 ι
2644 4153 2662 4186 1
2681 4173 2699 4201 ,
2727 4136 2902 4206 potius

798 4235 1013 4279 sensum
1030 4228 1215 4290 aptum
1229 4217 1481 4289 proebent.
1498 4217 1666 4269 lmmo
1683 4233 1808 4288 ope-
1887 4213 2103 4268 ducunt.
2123 4212 2333 4287 Reliqui
2350 4213 2464 4286 peti
2489 4212 2692 4267 dicunt.
2712 4215 2804 4268 En.
