3200 5159
747 517 878 598 426

1322 515 1417 579 M.
1456 459 1685 578 mun
1723 512 2286 597 QUINTILIAM

748 647 910 714 rum
932 655 949 685 ¹
985 660 1226 740 putem
1259 638 1473 711 fuisse
1505 639 1716 734 (nam
1735 651 1760 682 ²
1790 638 1934 709 fere
1962 638 2062 710 sic
2091 638 2276 713 docti
2309 640 2809 742 judicaverunt
2833 696 2856 729 ‚

741 757 1124 855 plurimum
1166 763 1238 829 in
1268 783 1348 829 eo
1389 761 1752 842 virtutum,
1789 754 2113 828 nonnihil
2118 758 2340 856 fuisse
2366 763 2739 842 vitiorum3
2787 776 2862 828 et

748 874 897 972 ipse
925 900 995 945 se
1013 873 1041 919 3
1078 873 1300 946 multa
1331 900 1411 944 ex
1436 870 1736 972 juvenili
1756 868 1790 933 4
1830 871 2268 945 abundantia
2306 873 2688 947 coercuisse
2715 891 2865 945 tes-

747 987 1053 1084 tatur⁵):
1088 1010 1323 1062 tamen
1359 985 1643 1085 quando
1676 1012 1805 1058 nec
1830 987 2164 1086 sapientis
2201 988 2336 1060 sibi
2376 1013 2678 1078 nomen,
2722 986 2866 1058 mi-

749 1103 943 1175 nime
972 1104 1079 1175 sui
1110 1123 1577 1202 contemptor,
1617 1101 1938 1191 asseruit3
1976 1122 2043 1174 et
2068 1103 2325 1176 melius
2348 1103 2575 1176 dicere
2594 1160 2615 1194 ,
2635 1100 2862 1176 certe⁶

749 1217 910 1289 data
945 1217 1303 1317 longiore?
1340 1216 1478 1291 vita
1499 1273 1519 1307 ,
1558 1236 1629 1288 et
1661 1236 1976 1315 tempore
2014 1217 2104 1291 ad
2146 1219 2722 1320 componendum
2757 1243 2867 1289 se-

751 1333 1059 1423 curiore,
1106 1331 1483 1432 potuisse13
1529 1356 1677 1402 non
1710 1329 2016 1431 maligne
2060 1331 2517 1424 crediderim‚
2556 1332 2866 1406 defuisse

754 1538 1040 1591 rum.Vide
1056 1539 1136 1605 X,
1168 1555 1214 1604 1,
1241 1537 1374 1591 106:
1406 1535 1503 1590 Illi
1522 1534 1768 1588 rathilde-

755 1619 895 1670 trcdu'
916 1629 1136 1690 postest,
1177 1617 1297 1671 huic
1330 1615 1473 1671 nihil
1498 1616 1674 1690 adjici.
1698 1645 1770 1655 —

754 1694 963 1760 Adhuc,
982 1694 1038 1747 id
1059 1710 1157 1762 est,
1182 1696 1250 1748 ad
1276 1715 1356 1763 ea,
1377 1714 1472 1748 seu
1494 1689 1687 1767 prae'ter
1705 1711 1770 1746 ea

757 1792 873 1845 quae
893 1778 1005 1846 jam
1030 1773 1319 1827 abscidisse
1341 1772 1615 1846 putandus
1640 1785 1740 1825 est.

831 1870 875 1905 1.
918 1855 1244 1908 Abscisumm
1260 1878 1279 1917 ,·
1334 1856 1409 1907 ita
1463 1857 1574 1907 sine
1620 1852 1768 1905 libris

753 1934 913 1985 etiam
947 1932 1037 1985 hic
1070 1932 1354 1986 emendare
1385 1933 1551 1986 debui
1582 1932 1770 2002 vulga-

752 2027 867 2066 tum
886 2014 1221 2066 abscissurum
1236 2052 1255 2079 ‚
1282 2032 1449 2086 quum
1468 2013 1595 2066 alibi
1614 2011 1768 2065 addi·

753 2108 935 2147 centes
955 2094 1074 2147 illos
1088 2092 1394 2147 habuissem
1407 2115 1421 2157 ς
1436 2092 1557 2146 vide
1578 2090 1646 2145 ad
1667 2092 1768 2158 lx,

755 2173 818 2240 4,
851 2190 869 2224 1
887 2173 965 2225 18.
992 2175 1164 2225 Nemo
1191 2170 1486 2242 quidquam
1507 2170 1774 2223 abscindet

759 2253 1106 2323 supervacui,
1144 2251 1238 2305 sed
1274 2264 1367 2303 aut
1410 2250 1601 2304 recidet
1616 2289 1634 2317 ‚
1680 2261 1773 2301 aut

756 2331 1251 2384 abscidet—Nostri
1270 2329 1607 2381 abscissurum
1618 2364 1636 2392 ‚
1656 2345 1769 2378 exc.

755 2409 865 2462 RR.
886 2409 949 2477 3,
976 2409 1027 2474 5,
1053 2411 1144 2480 qui
1167 2409 1539 2474 admissurum,
1564 2419 1619 2458 et
1636 2408 1699 2457 R.
1718 2423 1771 2476 7,

762 2492 853 2561 qui
875 2490 1199 2541 amissurum.
1223 2489 1319 2539 En.

829 2587 878 2620 2.
904 2567 1105 2618 Nam...
1131 2565 1288 2618 docti.
1307 2565 1489 2616 Turio.
1512 2564 1769 2632 Florent.‚

759 2663 884 2697 nam
912 2656 965 2695 et
974 2644 1141 2716 fuisse
1165 2641 1240 2694 εἰσ
1260 2641 1406 2695 dicti.

829 2724 882 2776 3.
903 2724 1022 2794 Ipse
1038 2740 1116 2782 503
1142 2722 1217 2772 sie
1233 2721 1410 2773 Turio.
1437 2719 1579 2771 Flor.
1603 2719 1770 2773 Cam.

755 2801 1137 2871 Transponunt
1159 2797 1368 2869 reliqui.

828 2882 879 2948 4.
919 2881 1000 2931 Ex
1017 2876 1283 2952 juvenili3
1312 2879 1389 2929 sic
1416 2878 1595 2929 Turio.
1624 2877 1765 2929 Flor.

758 2978 883 3012 cum
904 2958 1157 3011 Almelov.
1178 2955 1288 3009 lua
1304 2960 1544 3009 inserunt
1560 2956 1768 3028 reliqui.

757 3039 1039 3107 Juvenali,
1076 3037 1258 3090 Ambr.
1298 3054 1346 3089 2.
1376 3036 1577 3088 Tamen
1611 3035 1769 3108 quia,

757 3119 935 3172 Guelf.
983 3119 1202 3190 Quando
1248 3117 1412 3170 donec
1452 3116 1770 3187 sapientissi-

760 3220 908 3253 mum
932 3200 1330 3266 sibi‚Turicens.
1351 3197 1492 3249 Flor.
1514 3200 1591 3250 Ex
1609 3196 1769 3263 Alm.,

760 3281 1195 3354 sapientissimum
1220 3278 1392 3332 solum
1416 3278 1659 3329 affertur.

834 3360 884 3413 5.
907 3362 1083 3433 Ipse...
1106 3370 1338 3413 testatur.
1354 3358 1489 3410 Vide
1509 3359 1601 3410 XI!
1615 3394 1632 3423 ‚
1647 3356 1702 3424 6,
1718 3357 1769 3424 4.

760 3441 1029 3493 Gesnerus
1040 3442 1192 3511 ponit
1200 3438 1378 3490 locum
1396 3456 1425 3489 e
1434 3438 1617 3501 Bruto,
1629 3453 1744 3507 c.91
1754 3473 1771 3503 ‚

762 3517 831 3570 de
850 3517 1095 3584 Melone,
1125 3518 1218 3589 qui
1245 3515 1558 3567 Ciceronem
1580 3514 1774 3566 redun-

759 3596 978 3649 dantem
993 3596 1285 3648 coercuerit
1298 3615 1313 3658 ς
1332 3593 1428 3645 ubi
1442 3593 1561 3646 vide
1571 3592 1772 3646 Wezel.

835 3678 886 3730 6.
913 3678 1070 3728 Certe.
1090 3675 1299 3741 Guelf„
1322 3685 1478 3725 certa.

840 3776 889 3828 7.
926 3756 1232 3829 Longior-e..
1254 3794 1265 3804 .
1301 3753 1566 3807 securiore.
1592 3755 1771 3805 Turio.

767 3836 1017 3900 Florem„
1040 3834 1277 3909 lonqtom
1301 3845 1360 3886 ιιε
1378 3842 1430 3884 et
1453 3842 1687 3903 tempora
1707 3832 1778 3883 ad

767 3912 1187 3984 componendum
1200 3912 1486 3976 securiora,
1505 3925 1629 3961 cum
1639 3908 1775 3962 Alm.

772 3999 1117 4065 (quamquam
1140 4012 1204 4045 ex
1225 3991 1330 4044 hoc
1354 4001 1611 4062 tempore,
1636 4008 1782 4042 com-

766 4073 1106 4147 ponendum,
1140 4073 1393 4126 securiore
1436 4070 1775 4140 afferuntur).

773 4152 884 4203 Nos
920 4171 1039 4204 cam
1080 4163 1513 4224 repraesentamus
1552 4150 1781 4219 scriptu-

770 4248 914 4296 ram,
950 4249 1106 4302 quam
1132 4233 1463 4282 Burmannus
1497 4230 1693 4295 suasit,
1729 4241 1783 4281 et

1849 1555 1882 1589 a
1927 1557 2033 1610 qua
2069 1539 2191 1593 libri
2233 1542 2408 1592 caeteri
2449 1541 2508 1591 in
2547 1557 2612 1592 eo
2654 1551 2864 1591 tantum

1846 1618 2131 1687 recedunt,
2162 1619 2307 1692 quod
2336 1638 2435 1691 pro
2466 1630 2516 1671 et
2541 1629 2772 1690 tempore
2792 1619 2871 1670 ad

1848 1696 1980 1749 dant
2009 1709 2064 1750 et
2092 1709 2143 1750 te
2172 1699 2243 1750 ad
2275 1698 2458 1752 Ambr.
2487 1715 2548 1763 2,
2580 1696 2760 1749 Guelf.
2788 1698 2866 1750 Et

1848 1776 2016 1843 sead,
2039 1778 2201 1831 Goth.
2225 1781 2518 1832 cumVoss„
2542 1793 2592 1829 a.
2611 1777 2686 1828 Et
2702 1778 2861 1842 adse,

1848 1854 2013 1908 Cam».
2038 1858 2219 1909 AEtate
2250 1855 2350 1923 ad,
2372 1857 2519 1908 Jens.
2555 1874 2678 1908 cum
2709 1854 2863 1908 editt.

1849 1949 1972 1989 ante
1987 1935 2109 1989 Ald.
2128 1938 2222 2009 qui
2234 1935 2365 1989 nihil
2385 1948 2575 2001 mutat,
2595 1937 2696 1988 nisi
2715 1934 2866 2007 quod

1847 2033 1913 2066 ex
1943 2017 2093 2088 Regii
2127 2017 2269 2086 conj.
2306 2014 2400 2067 dat
2429 2016 2702 2076 severior&
2737 2014 2864 2065 hinc

1850 2094 2039 2162 Basil„
2072 2106 2127 2148 et
2153 2108 2305 2148 oetate
2336 2094 2408 2148 ad
2434 2113 2487 2147 se
2514 2113 2559 2147 c.
2585 2112 2687 2146 sev.
2711 2092 2864 2145 Gibs.

1850 2172 2013 2240 Oba,
2039 2184 2094 2225 et
2111 2185 2264 2226 oetate
2290 2174 2364 2225 ad
2387 2193 2432 2226 c.
2457 2192 2558 2226 sev.
2583 2170 2792 2244 Reliqui
2815 2181 2870 2223 et

1851 2262 2003 2304 oetate
2033 2253 2106 2304 ad
2133 2272 2177 2306 c.
2203 2253 2467 2306 securiore.
2493 2251 2655 2321 Quod
2685 2265 2867 2303 autem

1852 2331 2182 2382 Burmannus
2214 2333 2531 2402 scripturam
2544 2332 2699 2381 Voss,
2727 2344 2756 2379 2
2771 2366 2789 2394 ,
2811 2342 2868 2380 et

1851 2409 2012 2463 Goth.
2043 2428 2096 2463 se
2123 2412 2178 2462 in
2203 2409 2373 2463 seculo
2397 2410 2624 2461 fortasse
2653 2420 2866 2461 mutan-

1850 2485 1974 2538 dam
2003 2505 2116 2540 esse
2150 2488 2406 2560 putabat,
2443 2486 2705 2540 fefellerat
2743 2506 2870 2539 eum

1850 2567 1987 2616 ratio
2011 2567 2321 2618 mutationis
2346 2565 2593 2618 consulto
2614 2567 2769 2618 facta:
2797 2566 2869 2618 ab

1853 2643 2062 2715 aliquo,
2084 2645 2176 2715 qui
2194 2660 2506 2715 componere
2520 2642 2625 2695 dici
2638 2662 2740 2715 pro
2759 2642 2872 2695 elu-

1852 2722 2120 2789 cubrando
2151 2741 2261 2774 non
2297 2722 2522 2774 ferebat.
2557 2725 2656 2776 Hic
2687 2735 2870 2774 tamen

1854 2819 1983 2853 usus
2021 2801 2134 2853 aliis
2173 2818 2389 2872 quoque
2428 2800 2560 2853 locis
2598 2801 2658 2853 fit
2692 2802 2872 2852 mani·

1853 2881 2054 2945 festus,
2075 2878 2221 2931 velut
2247 2880 2375 2945 ΧΠ,
2404 2895 2497 2946 10,
2529 2877 2626 2946 50,
2662 2878 2759 2931 ubi
2783 2879 2870 2930 iti-

1850 2957 1974 3010 dem
2007 2977 2118 3011 non
2141 2956 2356 3010 additur
2390 2956 2448 3008 id
2480 2956 2627 3028 quod
2655 2975 2872 3028 compo-

1851 3039 2013 3105 nitur,
2041 3051 2104 3090 ut
2134 3038 2194 3090 fit
2225 3035 2352 3089 alibi
2385 3049 2438 3088 et
2463 3035 2591 3089 ibid.
2627 3035 2673 3107 §.
2698 3037 2801 3106 49,
2828 3057 2866 3088 α

1849 3116 2237 3187 componendis.
2257 3155 2270 3165 .
2291 3153 2304 3166 .
2348 3115 2700 3179 orationibus,
2743 3131 2864 3184 qun

1852 3209 2201 3267 opponuntur
2212 3194 2451 3247 dicendo.
2468 3197 2520 3247 N
2521 3213 2591 3246 on
2605 3195 2766 3266 igitur
2781 3208 2865 3244 est

1853 3275 2051 3345 ubique
2098 3292 2440 3327 numerorum
2492 3292 2623 3326 cura
2668 3271 2867 3326 intelli-

1852 3353 2058 3425 genda,
2094 3371 2260 3427 quum
2296 3354 2600 3426 compositio
2639 3370 2866 3424 usurpa-

1854 3449 1956 3487 tur.
1976 3434 2049 3486 ΛΕ
2052 3444 2209 3487 tatem
2230 3432 2320 3486 hic
2348 3432 2564 3505 quidem
2585 3451 2756 3486 aevum
2778 3433 2864 3485 ᾶ-

1853 3514 2196 3566 ceronianum
2231 3523 2585 3588 acceperunt,
2623 3510 2720 3563 sed
2759 3508 2864 3561 hoc

1853 3594 1909 3644 in
1928 3591 2017 3644 illa
2037 3592 2157 3645 vitoe
2171 3592 2363 3644 vicinia
2386 3609 2496 3642 non
2520 3589 2746 3655 licebat,
2771 3587 2864 3640 ubi

1855 3672 2224 3744 unusquisque
2239 3681 2351 3722 erat
2363 3669 2461 3722 ad
2447 3671 2613 3742 ipsius
2627 3679 2862 3746 oetaoem,

1855 3751 1911 3804 id
1935 3766 2042 3818 est,
2075 3769 2244 3804 annos
2265 3750 2558 3816 relaturus,
2583 3762 2645 3801 ut
2667 3741 2749 3801 est
2779 3767 2869 3800 su·

1856 3830 2015 3903 pra§.
2047 3832 2126 3885 16.
2152 3830 2339 3883 luam·
2323 3849 2494 3903 ipsam
2517 3842 2695 3882 tamen
2720 3827 2870 3881 intel·

1857 3909 2096 3961 lexerunt
2121 3911 2213 3981 qui
2233 3907 2569 3998 reponebant
2588 3909 2866 3973 sever-ione,

1858 3999 2176 4059 praepostere
2194 3986 2298 4054 illi,
2323 3990 2368 4039 si
2388 3986 2511 4058 plus
2535 4004 2698 4057 quam
2721 4004 2871 4038 sexa·

1857 4067 2128 4138 genarium
2163 4065 2232 4117 ad
2264 4068 2618 4117 maturitatem
2653 4063 2871 4116 tandem

1860 4158 1914 4198 et
1935 4146 2264 4198 severitatem
2296 4142 2563 4198 scribendi
2587 4157 2874 4216 perventu-

1859 4245 1976 4279 rum
2001 4237 2392 4298 exspectarunt.
2410 4225 2620 4278 —Non
2634 4224 2873 4297 malique
