3200 5159
758 455 885 536 348

1306 451 1409 519 M.
1448 448 1675 513 mun
1711 436 2264 529 Qum'rmAM

753 577 1081 677 plicant¹?
1108 574 1436 676 probant?
1459 572 1930 646 admirantur?
1945 571 2548 647 verecundantur?
2567 572 2723 642 Non
2753 569 2830 641 in

755 693 1310 767 demonstrandis
1367 691 1534 764 locis
1590 715 1670 762 ac
1720 691 2027 789 personis
2078 690 2562 765 adverbiorum
2622 707 2830 784 atque

752 809 1256 910 pronominum
1289 805 1605 880 obtinent
1641 803 1909 877 vicem?
1948 825 2029 877 ut
2070 805 2141 878 in
2186 826 2375 879 tanta
2418 829 2540 903 per
2586 824 2830 873 omnes

752 944 985 1022 gentes
1011 922 1457 1019 nationesque
1480 918 1736 1016 linguae
1766 918 2144 991 diversitate
2169 919 2280 992 hic
2306 917 2480 990 mihi
2504 915 2831 988 omnium

651 1048 718 1101 88
752 1037 1126 1109 hominum
1161 1031 1557 1106 communis
1595 1057 1824 1103 sermo
1851 1031 2186 1104 videatur.
2228 1035 2316 1103 Et
2351 1031 2426 1103 hi
2457 1027 2788 1129 ²quidem
2812 1078 2831 1112 ‚

753 1151 836 1223 de
877 1150 1132 1250 quibus
1172 1173 1329 1220 sum
1371 1146 1643 1219 locutus
1665 1201 1684 1235 ,
1726 1171 1888 1217 cum
1929 1145 2090 1245 ipsis
2121 1146 2402 1219 vocibus
2432 1141 2834 1217 naturaliter

753 1285 1009 1338 exeunt
1032 1284 1295 1363 gestus:
1325 1260 1443 1333 alii
1472 1280 1670 1348 sunt,
1697 1258 1818 1357 qui
1849 1285 1953 1333 res
1980 1259 2365 1332 imitatione
2401 1258 2830 1358 significant3

756 1402 832 1454 ut
856 1381 912 1452 si
943 1406 1204 1480 aegrum
1221 1435 1240 1469 ‚
1265 1374 1630 1450 tentantis-'⁶
1657 1400 1871 1447 venas
1897 1375 2154 1449 medici
2184 1374 2679 1462 similitudine,
2708 1393 2832 1446 aut

754 1495 1251 1584 citharoedum‚
1293 1492 1603 1565 formatis
1645 1490 1734 1563 ad
1777 1490 2071 1563 modum
2114 1490 2551 1591 percutientis
2592 1513 2834 1560 nervos

755 1608 1118 1698 manibus,
1161 1606 1517 1695 ostendas,
1565 1603 1756 1704 quod
1790 1625 1889 1676 est
1919 1631 2138 1703 genus
2171 1632 2386 1704 quam
2429 1602 2830 1701 longissime

655 1737 723 1809 89
756 1725 829 1795 in
864 1723 1128 1794 actione
1161 1720 1601 1820 fugiendum.
1628 1718 1884 1816 Abesse
1912 1718 2104 1791 enim
2132 1718 2525 1818 plurimum
2552 1743 2596 1788 a
2623 1715 2831 1788 salta-

758 1837 950 1913 tore4
996 1837 1204 1912 debet
1245 1858 1508 1926 orator,
1550 1857 1631 1909 ut
1671 1836 1755 1907 sit
1792 1857 2020 1935 gestus
2067 1835 2155 1908 ad
2197 1832 2530 1908 sensum5
2573 1832 2832 1931 magn,

761 2029 940 2094 nium,
970 2046 1092 2079 eum
1113 2026 1247 2079 Alm.
1288 2028 1449 2079 Recte
1475 2037 1757 2097 utrumqne

759 2106 1091 2160 retinendum
1114 2105 1302 2158 suadet
1316 2104 1665 2176 Oudendorp.
1690 2102 1760 2156 ad

758 2187 973 2239 Sueton.
1001 2186 1106 2235 Tit.
1131 2201 1248 2254 cap.
1277 2184 1327 2236 8.
1367 2186 1492 2236 Post
1524 2183 1764 2235 videatur

758 2262 887 2317 obr.
920 2262 1141 2334 ¹subjicit
1177 2261 1386 2327 haberi,
1427 2261 1567 2313 unde
1600 2260 1759 2332 plena

759 2340 817 2394 fit
839 2340 1125 2393 hexametri
1142 2339 1406 2405 clausula,
1432 2358 1546 2410 quoe
1567 2342 1623 2392 in
1642 2338 1760 2391 vul-

760 2432 881 2490 gata
916 2420 1127 2471 nonnisi
1158 2436 1188 2470 a
1223 2417 1509 2471 scandente
1541 2420 1761 2485 eruitur,

762 2511 816 2550 et
833 2496 937 2549 hoc
959 2494 1170 2567 quidem
1188 2514 1356 2566 prose
1372 2514 1563 2547 nocere
1581 2499 1760 2549 rectis·

761 2577 891 2628 sime
914 2586 1070 2644 negat
1095 2575 1146 2624 J.
1170 2574 1236 2624 H.
1251 2575 1496 2637 Vossius3
1518 2573 1638 2626 vide
1661 2592 1760 2626 nos

763 2654 832 2707 ad
857 2654 956 2717 lx,
981 2653 1042 2720 4,
1067 2653 1151 2706 52.
1168 2653 1349 2703 —Pro
1374 2671 1481 2705 non
1498 2654 1765 2705 concitant

762 2735 931 2786 nostri
948 2731 1077 2784 dant
1094 2731 1281 2783 eedem
1294 2767 1314 2795 ,
1339 2732 1437 2784 'nisi
1457 2730 1600 2803 quod
1625 2734 1686 2783 R.
1709 2748 1762 2800 7,

767 2829 970 2871 nonne,
1008 2823 1062 2862 et
1094 2811 1159 2862 R.
1192 2808 1224 2862 5
1257 2810 1453 2861 eadem.
1484 2810 1648 2861 Iidem
1672 2823 1763 2863 aut

763 2890 1123 2942 adverbiorum
1174 2899 1330 2960 atque
1365 2889 1756 2960 pronominum.

765 2972 890 3024 Mox
918 2970 1158 3020 omnium
1187 2967 1478 3019 hominum.
1506 2968 1600 3019 En.

843 3065 886 3099 ι.
929 3045 1257 3119 Supplicant.
1298 3045 1463 3098 Miror
1498 3047 1763 3098 neminem

764 3125 974 3178 hmisse
1011 3126 1066 3177 in
1096 3125 1201 3177 hoc
1233 3124 1412 3178 verbo.
1449 3124 1594 3195 Quid
1624 3128 1764 3178 enim

768 3218 873 3272 est,
900 3203 1044 3275 quod
1064 3203 1394 3276 supplicandi
1415 3207 1603 3256 iterum
1623 3222 1766 3256 men-

672 3312 683 3321 ·
767 3285 963 3335 tionem
1003 3281 1132 3333 facit
1174 3284 1368 3335 Noster
1413 3280 1565 3353 (vide
1601 3282 1762 3343 modo

766 3359 815 3431 ς.
842 3360 960 3433 86),
984 3377 1146 3431 quum
1164 3360 1461 3430 ,prasertim
1482 3358 1571 3410 hic
1594 3363 1764 3412 mani-

766 3442 900 3505 festa
919 3441 1026 3492 sint
1045 3442 1313 3491 actionum
1334 3440 1480 3509 paria
1492 3475 1509 3501 ,
1534 3457 1634 3490 nec
1652 3451 1779 3510 sup·

762 3515 971 3587 plicant
992 3517 1063 3567 ita
1085 3512 1400 3587 respondeat
1419 3514 1497 3567 illi
1514 3516 1762 3587 probant,

768 3608 828 3647 ut
867 3597 1123 3648 concitare
1163 3593 1472 3658 inhibendo,
1514 3594 1765 3647 admirari

770 3671 1194 3725 verecundando?
1223 3673 1472 3745 Suspicor
1508 3692 1632 3744 ergo
1663 3691 1762 3745 pro

766 3751 1476 3904 ἱξξζῒέἑςὶἳῗὲἷὲἒὲῗ.
1495 3763 1767 3903 ἔρξ’ἶοῗξέ

772 3908 941 3961 audax
972 3909 1126 3961 simul
1156 3908 1420 3976 videatur,
1452 3923 1640 3962 auctor
1667 3912 1767 3962 sim

773 3987 1011 4057 ejiciendi
1060 3987 1216 4060 plane
1265 3987 1398 4041 illud
1438 3988 1764 4060 supplicant,

777 4064 921 4135 quod
955 4082 1118 4117 unum
1145 4065 1322 4119 sedem
1345 4066 1499 4118 fixam
1520 4069 1575 4119 in
1597 4066 1764 4120 Codd.

775 4161 885 4197 non
899 4142 1082 4197 habet:
1100 4157 1159 4198 ut
1173 4147 1272 4199 tria
1286 4144 1466 4199 ultinn
1478 4145 1638 4201 verba
1655 4147 1768 4201 sine

1834 2024 2184 2097 parallelismo
2210 2024 2415 2096 adjecta
2438 2024 2567 2087 sint,
2591 2024 2726 2076 sicut
2748 2021 2832 2073 ul-

1835 2105 1962 2155 tima
1982 2106 2138 2156 etiam
2157 2107 2208 2156 in
2229 2101 2642 2175 praecedentibus
2666 2101 2834 2154 nomi·

1839 2202 1922 2237 na.
1954 2181 2177 2255 Βοττι]

1912 2279 1960 2313 2.
1988 2262 2066 2313 Hi
2085 2261 2325 2334 quiderm·
2357 2263 2432 2313 sic
2452 2261 2626 2312 Turio.
2650 2258 2831 2311 Ambr.

1841 2358 1869 2392 2
1883 2378 1901 2406 ‚
1923 2339 2095 2392 Guelf.
2117 2340 2279 2392 Ciu».
2305 2358 2423 2392 cum
2443 2338 2580 2391 Alm.
2596 2338 2750 2390 Voss.
2774 2356 2801 2390 a
2815 2375 2834 2403 ,

1838 2419 1989 2472 Basil.
2015 2418 2223 2490 Reliqui
2246 2418 2286 2471 ii
2305 2438 2355 2492 q.
2387 2417 2482 2471 sed
2501 2416 2660 2470 Goth.
2689 2419 2834 2469 Jens.

1838 2499 1963 2571 (tac.
1985 2497 2169 2570 Gesn.)
2185 2499 2342 2551 etiam
2361 2516 2460 2570 pro
2480 2508 2547 2562 et,
2569 2515 2691 2549 curn
2712 2495 2833 2548 edd.

1838 2590 2062 2649 posterr.
2097 2591 2217 2629 ante
2245 2576 2370 2629 Bad.
2393 2576 2801 2630 Similitudinum
2815 2613 2834 2639 ‚

1838 2654 2016 2708 Turio.
2029 2656 2168 2709 Flor.
2188 2656 2385 2709 cithari
2404 2656 2531 2709 dum
2544 2655 2834 2727 somatur,

1839 2734 2068 2788 Floreat.

1913 2813 1960 2864 3.
1994 2813 2262 2865 Tentanris
2296 2830 2464 2865 venas.
2501 2813 2670 2864 Docet
2705 2812 2835 2863 Bur-

1841 2910 2065 2945 mannus
2108 2891 2354 2962 exemplis
2400 2894 2614 2945 Sueton.
2657 2891 2833 2944 Tiber.

1841 2991 1889 3024 c.
1921 2986 1985 3042 72
2002 3008 2019 3037 ‚
2053 2984 2104 3023 et
2127 2971 2280 3023 Ovid.
2306 2971 2519 3024 Her-oid.
2543 2972 2674 3036 XX,
2706 2971 2836 3041 139,

1841 3061 2038 3102 tentare
2072 3052 2343 3121 proprium
2380 3068 2493 3102 esse
2526 3048 2747 3102 verbnm
2781 3052 2868 3100 in‘

1843 3126 2165 3201 explorando
2188 3146 2440 3180 venarum
2466 3126 2642 3199 pulsu.

1911 3207 1963 3273 4.
1989 3205 2040 3258 A
2060 3205 2319 3260 saltatore.
2335 3208 2509 3258 Turio.
2530 3206 2667 3259 Flor.
2689 3207 2839 3257 omit·

1843 3299 1962 3339 tunt
1989 3305 2126 3337 a.—
2148 3284 2363 3338 Servant
2385 3287 2565 3338 nostri.
2590 3287 2683 3337 En.
2703 3283 2837 3335 —A

1842 3364 2098 3418 saltatore.
2116 3362 2277 3416 «Vide
2291 3382 2448 3436 supra
2462 3363 2550 3417 66.
2565 3362 2703 3417 Add.
2715 3380 2840 3415 mox

1849 3465 1872 3488 ι
1891 3459 1988 3511 9η
2017 3445 2140 3494 item
2170 3442 2284 3496 128.
2305 3466 2329 3489 n
2365 3442 2648 3494 Gesner-us.
2676 3439 2840 3492 Addit

1842 3518 2101 3572 Almelov.
2121 3519 2207 3572 hic
2232 3517 2276 3590 ς.
2301 3519 2417 3588 181,
2445 3533 2499 3572 et
2525 3518 2749 3584 lib.1‚c.
2776 3534 2831 3570 ιι

1843 3600 2075 3662 initium,
2098 3600 2222 3650 item
2242 3598 2293 3663 1,
2316 3614 2405 3663 ια,
2429 3597 2510 3664 14.
2535 3597 2750 3650 Erudite
2767 3594 2838 3649 ad

1842 3674 1986 3728 hunc
2009 3675 2184 3727 locum
2207 3674 2577 3729 laochmannus
2604 3675 2838 3748 disputat

1845 3755 1912 3807 de
1943 3755 2243 3827 corruptela
2274 3773 2480 3807 morum
2515 3772 2612 3826 per
2643 3769 2837 3826 panto-

1843 3835 2032 3886 mimos
2049 3835 2282 3900 invecta,
2303 3847 2434 3887 teste
2455 3831 2714 3885 advocato
2731 3835 2836 3886 Zo-

1848 3931 1997 3965 simo.

1917 3989 1967 4043 5.
2004 3989 2091 4042 Aa
2121 4007 2350 4051 sensatam
2387 3990 2459 4042 sic
2489 3988 2666 4040 Turio.
2698 3986 2835 4039 Flor.

1846 4069 2006 4120 Cau.
2031 4087 2152 4120 cum
2174 4067 2308 4119 Alm.
2335 4067 2542 4138 Reliqui
2561 4066 2633 4117 ad
2649 4083 2836 4127 sen-ruse

1846 4145 2029 4200 Ambr.
2050 4164 2080 4199 2
2094 4184 2112 4214 ,
2139 4144 2521 4201 accomodatur.
2541 4145 2723 4212 Cant,
2743 4157 2838 4197 aut
