3200 5159
642 501 1288 569 INSTITUTIONIS
1324 505 1577 569 ORAT.
1619 504 1779 569 LlB.
1819 504 1975 581 xli,
2017 527 2078 590 9.

2253 505 2396 568 -5οι

315 627 591 699 duobus
625 627 1027 726 eligendum
1054 643 1107 717 ¹,
1135 653 1336 699 causa
1369 627 1596 726 potius
1619 626 1943 699 laudetur
1964 641 2016 717 ²,
2053 651 2268 724 quam
2300 652 2411 722 pa·¹

315 763 593 815 tronus:
627 743 844 816 finem
866 743 895 789 3
929 766 1167 816 tamen
1201 743 1392 817 hunc
1422 744 1762 844 praestabit
1794 765 2049 833 orator,
2087 765 2163 814 ut
2188 742 2407 813 videa-

314 877 429 929 tur
462 858 805 957 optimam
839 885 1118 930 causam
1151 859 1415 959 optime
1446 858 1699 956 egisse:
1737 857 1913 929 illud
1943 878 2206 929 certum
2238 856 2365 929 erit
2386 912 2404 943 ‚

313 973 675 1046 neminem
724 974 920 1075 pejus
966 1001 1210 1074 agere,
1264 989 1507 1075 quam'
1536 975 1658 1072 qui
1701 971 2158 1075 displicente4
2206 1000 2407 1044 causa

313 1086 575 1185 placet3
615 1114 886 1159 necesse
908 1108 1007 1159 est
1025 1088 1214 1159 enim
1233 1145 1253 1178 ‚
1289 1108 1470 1161 extra
1490 1102 1768 1159 causam
1793 1088 1908 1176 sit,
1945 1085 2131 1183 quod
2160 1084 2405 1186 placet.

311 1204 454 1273 Nec
497 1201 658 1274 illo⁵
702 1202 975 1277 fastidio
1025 1201 1365 1276 laborabit
1405 1223 1634 1274 orator
1679 1227 1821 1273 non
1865 1199 2120 1299 agendi
2173 1226 2410 1274 causas
2470 1238 2500 1290 7

315 1313 653 1407 minores,
691 1304 1058 1418 tamquam
1102 1319 1284 1390 infra
1330 1344 1495 1390 eum
1530 1317 1698 1404 sint,
1747 1338 1869 1389 aut
1901 1316 2284 1388 detractura
2325 1316 2413 1387 sit
2462 1415 2474 1426 .

314 1432 626 1531 opinioni
670 1434 904 1507 minus
942 1433 1243 1508 liberalis
1291 1431 1621 1508 materia:
1664 1458 1831 1502 nam
1878 1452 1945 1502 et
1989 1429 2410 1528 suscipiendi

314 1547 484 1619 ratio
517 1546 900 1648 justissima
950 1571 1047 1622 est
1098 1547 1447 1636 officium,
1496 1566 1563 1617 et
1593 1545 1983 1645 optandum
2026 1543 2280 1633 etiam,
2335 1563 2413 1614 ut

316 1662 524 1733 amici
576 1689 788 1759 quam
840 1664 1173 1735 minimas
1214 1662 1368 1734 lites
1409 1659 1756 1750 habeant3
1806 1681 1871 1730 et
1911 1657 2192 1731 abunde
2245 1658 2415 1731 dixit

315 1777 525 1866 hene,
567 1779 878 1878 quisquis
915 1780 1010 1853 rei
1043 1776 1387 1852 satisfecit.
1420 1779 1511 1848 At
1542 1775 1885 1874 quidam⁶
1915 1775 2123 1847 etiam
2153 1774 2209 1846 si
2236 1776 2410 1847 forte

313 1992 432 2045 vide
446 2009 556 2046 not.
577 2014 687 2067 seq.
709 2025 771 2035 —
788 1997 970 2049 Nostri
984 1994 1156 2047 codd.
1171 2033 1188 2062 ‚
1201 2004 1295 2046 aut
1303 2034 1322 2060 ‚

312 2072 356 2124 εἰ
385 2091 550 2125 unum
575 2092 604 2124 e
625 2073 822 2125 duobus
848 2072 1143 2149 elt‘qendum
1163 2110 1180 2136 ,
1208 2091 1321 2125 exc.

313 2151 375 2201 R.
401 2167 452 2219 7,
471 2152 563 2220 qui
585 2162 657 2202 est
679 2152 857 2202 inserit
882 2164 1004 2221 post
1023 2167 1206 2202 uiuum.
1230 2150 1320 2200 En.

394 2246 436 2280 ι.
466 2231 525 2283 St’
549 2249 715 2281 unum
739 2230 804 2282 se't
825 2247 887 2280 ex
911 2230 1108 2282 duobus
1129 2227 1326 2303 eliqen-

315 2311 455 2362 dum.
490 2310 664 2361 Unum
683 2347 702 2375 ,
726 2309 782 2361 id
813 2322 925 2376 est,
948 2329 1113 2362 uuum
1139 2306 1317 2359 modo.

318 2412 342 2434 σι
363 2388 413 2440 Si
439 2405 597 2440 causa
623 2401 734 2439 tota
760 2407 821 2439 ex
843 2389 906 2440 iis
928 2402 1162 2452 tantum,
1184 2405 1320 2459 quos

317 2489 340 2511 α
361 2484 521 2538 supra
543 2464 619 2537 (§.
642 2465 710 2537 3)
734 2469 1025 2537 tetigimus,
1045 2466 1177 2518 locis
1197 2484 1322 2536 pen-

316 2567 339 2591 «
361 2543 509 2610 deat,
526 2563 639 2616 quae
660 2564 874 2597 veneres
897 2544 1106 2596 dicendi
1129 2562 1317 2615 parum

317 2645 340 2668 ι
362 2622 668 2688 admittant,
689 2635 807 2684 aut,
828 2624 873 2674 si
892 2621 991 2674 illis
1009 2621 1319 2692 indulgeas»,

316 2723 339 2748 α
359 2699 671 2773 negligenda
705 2702 770 2754 sit
802 2720 990 2754 causa:
1030 2714 1156 2753 tunc
1194 2699 1318 2754 huic

317 2802 341 2827 ι
362 2782 537 2851 potius
562 2799 722 2851 quam
745 2779 846 2831 sibi
873 2777 1086 2831 laudem
1110 2778 1318 2851 parabit

319 2882 340 2905 ιι
363 2872 541 2911 orator
560 2878 691 2911 νει-ω
715 2858 887 2911 laudis
911 2857 1199 2910 studiosus.
1221 2881 1243 2905 a

385 2955 434 2988 2.
458 2937 735 2990 laudetur.
758 2936 918 2987 Goth.
939 2938 1082 2988 Jens.
1097 2973 1115 3000 ‚
1136 2935 1320 2987 lauda-

312 3031 387 3070 ta»
413 3018 588 3090 potius
611 3021 747 3084 (tac.
775 3016 974 3086 Gesu.)
997 3016 1170 3067 Turio.
1197 3033 1319 3067 cum

312 3096 448 3148 Alm.
476 3098 670 3148 omittit
692 3113 860 3168 agere.

382 3176 432 3227 3.
482 3176 679 3227 Finem.
729 3198 751 3220 α
771 3176 1045 3225 Eventum.
1069 3196 1092 3219 ιι
1137 3172 1317 3223 Sum.

310 3251 660 3316 Vid011‚15‚
684 3251 751 3314 (ὃς
776 3253 919 3316 vm,
943 3251 1010 3316 3,
1042 3266 1122 3302 ιι.

382 3333 433 3399 4.
467 3331 841 3403 Displicente...
878 3330 1066 3404 placet.
1102 3332 1282 3382 Tun-ic.
1301 3368 1318 3396 .‚

312 3413 565 3485 dispicent
580 3431 734 3464 causa
751 3431 806 3483 p.
828 3414 992 3466 cmv.
1005 3451 1022 3478 ‚
1045 3409 1319 3482 displicen-

314 3489 443 3542 tiam
464 3488 540 3560 pl.
561 3490 776 3560 (natum
795 3508 859 3542 ex
876 3488 1194 3562 compendio
1214 3484 1316 3559 ἦ).

312 3569 399 3620 Ex
417 3586 626 3620 causam
643 3568 687 3622 si
700 3568 864 3640 quod,
883 3569 1059 3621 Tus-ic.
1074 3567 1161 3634 Si,
1177 3565 1316 3619 Flor.

316 3661 492 3700 ettam.

388 3728 437 3780 5.
464 3726 577 3780 Nec
602 3725 715 3780 ino.
735 3728 911 3778 Tun-ic.
940 3727 1086 3778 Jens.
1118 3738 1170 3777 et
1198 3723 1319 3778 edd.

314 3819 478 3877 postt.
501 3818 625 3858 ante
645 3804 767 3858 Bad.
783 3843 799 3870 ,
823 3824 914 3858 nec
936 3803 1066 3857 ullo.
1091 3807 1323 3876 Recepta

316 3887 575 3957 scriptura
597 3884 816 3956 digitum
837 3883 1060 3936 intendit
1081 3886 1135 3935 in
1151 3899 1322 3937 certos

318 3976 584 4026 oratores;
605 3963 769 4016 altera
789 3964 978 4015 fortior
993 3961 1218 4028 videtur,
1232 3982 1322 4016 ne-

314 4061 421 4114 que
456 4042 620 4114 parcit
652 4043 852 4096 iisdem.
885 4046 1096 4114 Anceps
1123 4042 1324 4095 delibe-

315 4124 483 4174 ratio:
512 4123 565 4173 in
587 4141 688 4194 qua
709 4124 873 4176 satius
895 4122 1022 4174 duxi
1046 4124 1325 4175 auctorita-

316 4214 423 4258 tem
436 4202 587 4272 sequi
600 4201 947 4273 plurimorum
962 4240 976 4268 ,
999 4201 1132 4255 illud
1150 4215 1323 4254 tamen

1404 1993 1561 2044 etiam
1581 2006 1860 2063 reputans,
1882 1989 2054 2063 quod,
2079 1991 2122 2042 si
2144 1989 2253 2042 ullo
2278 1990 2411 2061 lega-

1403 2085 1508 2136 tur,
1533 2071 1884 2123 necessarium
1914 2072 1982 2121 sit
2002 2073 2228 2140 jungere
2257 2070 2411 2124 «fas-

1410 2173 1431 2197 ι
1454 2149 1583 2202 tidio
1613 2168 1720 2200 non
1758 2148 1973 2219 agendi,
1995 2173 2018 2196 ιι
2052 2148 2197 2220 quod
2229 2148 2413 2201 insoli-

1404 2244 1516 2281 tum
1553 2227 1865 2292 videbatur3
1902 2248 2045 2281 nunc
2083 2247 2192 2281 non
2223 2226 2414 2300 agendi

1401 2323 1676 2380 tamquam
1713 2327 1805 2379 per
1842 2309 2232 2379 appositionem
2271 2306 2411 2377 adje-

1402 2405 1546 2444 ctum
1562 2402 1641 2442 est
1656 2387 1723 2440 ad
1739 2388 1851 2441 hoec
1867 2387 1964 2441 illo
1977 2387 2217 2460 fastidio,
2230 2387 2409 2439 Turio.

1401 2470 1541 2522 Flor.
1564 2508 1582 2535 ‚
1629 2468 1901 2521 laboravit.
1947 2467 2213 2520 Omittunt
2251 2465 2408 2518 iidem

1399 2560 1592 2616 orator,
1623 2565 1744 2602 cum
1772 2548 1908 2600 Alm.
1948 2547 2115 2616 Quam
2149 2564 2247 2617 pro
2277 2557 2409 2597 tam·

1398 2647 1561 2700 quam
1597 2626 1757 2682 Goth.
1797 2625 1932 2698 (err.
1968 2624 2180 2694 Genu.)-
2212 2624 2411 2694 Quam-

1401 2718 1540 2772 tam,
1575 2709 1721 2759 Jens.
1756 2707 1919 2768 Sunt,
1938 2705 2115 2756 Tun-ic.
2141 2703 2283 2755 Flor.
2313 2703 2411 2754 Su-

1396 2785 1753 2859 spiciendi,Tu
1761 2784 1852 2835 ric.
1870 2785 2010 2835 Bene
2023 2783 2116 2854 qui
2128 2782 2221 2846 rei,
2232 2780 2407 2834 Guelf.

1400 2882 1522 2916 cum
1546 2862 1682 2914 vall.
1707 2861 1870 2915 Goth.
1892 2864 2046 2912 Voss.
2077 2878 2136 2924 2,
2160 2861 2328 2913 Stoer.
2358 2872 2408 2924 et
2429 2911 2432 2916 ,

1402 2940 1524 2994 edd.
1561 2953 1725 3011 postt.
1766 2953 1888 2990 ante
1926 2937 2072 2991 Gibs.
2110 2936 2409 3007 Satisfacit,

1399 3021 1575 3071 Tun-ic.
1603 3019 1767 3070 Cam.
1794 3044 1866 3056 —-·
1888 3017 2067 3068 Nostri
2090 3013 2291 3080 codd.‚
2316 3033 2409 3066 nec

1401 3096 1498 3148 illo
1508 3135 1527 3163 ‚
1549 3114 1661 3147 exc.
1678 3096 1783 3146 RR.
1802 3092 1833 3145 5
1846 3131 1863 3158 ‚
1880 3110 1931 3163 7,
1949 3095 2040 3164 qui
2057 3109 2148 3144 nec
2163 3091 2296 3144 ullo.
2312 3093 2404 3143 En.

1472 3175 1524 3227 6.
1555 3173 1840 3245 Quidam...
1863 3172 2026 3244 forte.
2057 3170 2223 3236 obn,
2251 3172 2406 3224 etiam

1402 3256 1496 3327 qui
1507 3253 1681 3325 forte,
1707 3254 1821 3306 sine
1848 3269 2025 3305 causa.
2057 3252 2408 3324 Susceperint‚

1400 3334 1561 3386 Goth.
1584 3347 1636 3386 et
1662 3331 1785 3386 edd.
1810 3346 1932 3385 ante
1955 3333 2123 3385 Stoer.
2148 3331 2407 3401 Paulum,

1398 3412 1574 3466 Guelf.
1593 3411 1728 3465 Van.
1746 3411 1905 3464 Goth.
1922 3413 2066 3464 Jens.
2083 3409 2208 3481 (tac.
2225 3411 2410 3481 Gesn.)

1400 3506 1454 3546 et
1480 3491 1603 3545 edd.
1642 3504 1802 3564 postt.
1839 3506 1961 3543 ante
1993 3488 2113 3542 Ald.
2144 3509 2254 3542 acc.
2281 3489 2408 3542 Bad.

1401 3569 1605 3643 Gryph.
1648 3569 1898 3622 Adductis
1938 3591 1971 3620 a
2014 3570 2159 3621 rebus
2173 3609 2190 3635 ,
2227 3570 2404 3621 Turic.

1401 3647 1544 3699 Flor.
1575 3646 1988 3713 circumlinunt,
2019 3648 2171 3698 Bet-n.
2202 3646 2305 3701 Sed
2335 3648 2409 3699 al-

1402 3741 1569 3778 teram
1588 3726 1812 3777 foz-mam
1834 3724 2059 3796 praetulit
2082 3727 2238 3778 etiam
2256 3728 2304 3790 1,
2319 3743 2346 3777 «t
2364 3744 2409 3792 t,

1403 3805 1454 3857 6.
1494 3802 1813 3877 Dis-ficerunt
1828 3843 1846 3870 ,
1883 3803 2057 3857 Tui-ic.
2098 3804 2238 3857 Flor.
2281 3803 2412 3874 (sed

1404 3884 1489 3937 hic
1515 3904 1625 3936 uno
1641 3885 1723 3957 f).
1740 3885 2079 3956 Defecerant,
2098 3883 2275 3937 Guelf.
2291 3904 2412 3937 cum

1406 3964 1557 4015 Bern.
1588 3964 1872 4015 Causarum
1908 3964 2056 4015 com'c
2094 3964 2224 4015 veris
2252 3962 2408 4031 (cum

1405 4039 1599 4092 lineola
1618 4058 1774 4112 supra
1795 4040 1815 4091 ἰ
1828 4039 2011 4092 mediae
2025 4042 2193 4114 vocis)
2207 4043 2408 4108 ‚Tun-ic.

1410 4122 1464 4172 C.
1490 4120 1684 4172 conicit
1707 4141 1752 4173 υ.
1770 4158 1787 4185 ,
1814 4120 1952 4172 Flor.
1984 4124 2038 4175 C.
2063 4123 2108 4173 si
2129 4133 2304 4174 comat
2325 4142 2373 4173 v.
2390 4160 2408 4187 ,

1408 4203 1545 4255 Alm.
1576 4206 1632 4256 C.
1655 4222 1691 4257 s.
1720 4205 1990 4277 continqat
2013 4224 2094 4271 υ,,
2125 4205 2286 4257 Cane.
2319 4203 2440 4258 Sin-
