3200 5159
734 447 860 514 286

1291 446 1385 509 Μ.
1425 444 1654 509 FABn
1690 417 2247 527 Qn‘mTluAm

660 650 665 657 ‚
734 568 1065 668 cogitare,
1100 586 1201 657 et,
1236 566 1292 638 si
1325 567 1473 639 fieri
1517 587 1780 667 potest,

1824 567 2132 665 quotidie
2150 625 2170 658 ,
2220 583 2236 613 ¹
2264 569 2832 668 potentissimum

735 705 836 756 est
863 712 877 756 :
916 682 1092 755 nihil
1118 710 1311 783 aeque
1335 682 1443 755 vel
1470 704 1763 783 augetur
1789 711 1988 775 cura,
2018 683 2127 757 vel
2152 685 2582 785 negligentia
2605 686 2832 759 inter-

632 810 693 879 41
736 801 923 875 cidit.
953 801 1188 892 Quare
1215 820 1283 873 et
1303 799 1504 899 pueri
1527 801 1756 872 statim
1773 858 1793 891 ‚
1819 804 1897 872 ‘ut
1915 803 2245 902 praecepi,
2276 829 2492 902 quam
2519 802 2835 903 plurima

735 916 1076 1005 ediscant,
1112 936 1212 1005 et,
1250 942 1689 1014 quaecunque
1713 936 1872 988 aetas
1894 943 2179 1015 operam
2198 917 2526 1018 juvandoe
2553 918 2831 992 ²studio

735 1030 1089 1103 memoriae
1115 1029 1334 1119 dabit,
1369 1031 1647 1102 devoret
1677 1031 1877 1104 initio
1927 1032 2217 1105 taedium
2255 1035 2428 1107 illud
2466 1056 2534 1108 et
2577 1034 2839 1133 scripta.

739 1167 806 1220 et
846 1144 1061 1219 lecta³
1101 1145 1352 1245 saepius
1388 1145 1821 1235 revolvendi,
1864 1168 1933 1219 et
1975 1150 2172 1247 quasi
2211 1150 2546 1223 eumdem
2588 1150 2834 1222 cibum

736 1259 1243 1333 remandendi:
1282 1261 1473 1359 quod
1515 1261 1748 1360 ipsum
1796 1261 1929 1335 hoc
1974 1264 2123 1335 fieri
2170 1285 2390 1364 potest
2437 1265 2654 1339 levius
2672 1264 2729 1354 4,
2774 1265 2834 1337 si

736 1402 958 1476 pauca
985 1376 1330 1474 primum,
1361 1396 1428 1447 et
1459 1403 1613 1475 quae
1645 1376 1890 1448 odium
1909 1376 1935 1421 ⁵
1982 1404 2130 1457 non
2171 1382 2508 1470 afferant,
2538 1380 2834 1481 coeperi—

737 1517 896 1562 mus
929 1490 1265 1579 ediscere3
1316 1512 1469 1563 tum
1513 1490 1827 1590 quotidie
1878 1493 2175 1594 adjicere
2211 1495 2524 1594 singulos
2554 1522 2789 1569 versus
2812 1552 2835 1586 ,

736 1633 1042 1703 quorum
1069 1606 1357 1679 accessio
1382 1606 1607 1678 labori
1634 1634 1918 1681 sensum
1949 1608 2362 1684 incrementi
2387 1639 2533 1685 non
2558 1613 2833 1703 afferat,

739 1722 812 1794 in
848 1721 1252 1796 summam⁶
1285 1723 1374 1795 ad
1406 1723 1769 1798 infinitum
1805 1754 2024 1827 usque
2056 1731 2440 1829 perveniat;
2472 1751 2538 1801 et
2568 1730 2839 1830 poetica

738 1839 930 1938 prius
945 1853 1001 1927 7,
1035 1859 1187 1910 tum
1221 1860 1607 1931 oratorum,
1645 1841 2018 1915 novissime
2066 1843 2278 1917 etiam
2318 1844 2653 1917 solutiora
2697 1869 2835 1915 nu-

738 1953 981 2043 meriS‚
1029 1976 1097 2026 et
1146 1956 1362 2055 magis
1403 1955 1493 2028 ab
1535 1954 1716 2029 usu8
1752 1957 2030 2032 dicendi
2066 1981 2366 2050 remota,
2401 1959 2637 2060 qualia
2670 1980 2837 2032 sunt

634 2083 701 2150 42
731 2067 1413 2169 jurisconsultorum.
1465 2071 1880 2144 Difficiliora
1926 2073 2117 2171 enim
2143 2067 2415 2161 {debent
2453 2101 2626 2164 esse,
2676 2100 2838 2174 quaa·

740 2205 1091 2276 exercent,
1121 2212 1261 2284 quo
1290 2187 1377 2258 sit
1403 2186 1622 2259 levius
1653 2188 1884 2287 ipsum
1912 2189 2089 2262 illud
2111 2247 2129 2281 ‚
2156 2191 2226 2263 in
2256 2190 2447 2290 quod
2478 2209 2833 2279 exercent3

735 2338 1030 2390 exercitatio
1049 2356 1060 2369 ·
1088 2336 1169 2390 nil
1188 2356 1320 2410 eque
1340 2351 1561 2411 augetur
1580 2350 1641 2392 ut
1662 2358 1746 2391 cu·

738 2435 795 2468 ra
824 2435 839 2450 ·
881 2416 961 2469 vel
1001 2416 1260 2468 intercidit
1302 2428 1359 2469 ut
1402 2417 1741 2491 neqliqamtia.

736 2495 862 2546 Mox
907 2495 1090 2547 Ambr.
1138 2513 1165 2546 2
1188 2534 1204 2559 ,
1247 2496 1479 2567 plurime
1522 2498 1740 2551 discant.

736 2574 942 2640 Guelf.‚
962 2593 1019 2646 p.
1045 2574 1266 2627 discant.

816 2670 858 2703 ι.
898 2652 1349 2721 Potentissimum2
1367 2655 1428 2705 R.
1461 2654 1551 2723 13,
1574 2657 1739 2709 Cum.

737 2730 931 2795 Andr„
954 2732 1298 2802 potissimum.
1326 2734 1418 2784 En.

812 2828 860 2862 2.
892 2808 1091 2860 Studio.
1117 2809 1176 2861 Id
1201 2822 1306 2876 est,
1338 2824 1449 2863 arte
1483 2825 1534 2875 et
1556 2812 1743 2865 indus·

738 2889 855 2938 tria.
899 2888 1024 2938 Non
1059 2886 1453 2949 desideraturus
1495 2910 1610 2942 eras
1647 2911 1744 2945 vo-

739 2986 883 3033 cem,
903 2968 947 3019 εὶ
970 2966 1195 3019 abesset.
1210 2965 1462 3040 Proecepit
1482 2968 1594 3021 haec
1607 2973 1747 3024 Nos·

739 3048 861 3098 εει-Ἰ
879 3082 897 3111 ,
927 3063 973 3112 t,
994 3045 1089 3107 353
1121 3059 1173 3097 et
1196 3047 1274 3114 11,
1300 3064 1350 3116 7,
1376 3049 1442 3101 25
1467 3067 1577 3121 seq.

810 3124 861 3176 3.
878 3123 951 3174 Et
971 3123 1308 3175 lecta.Turic.
1330 3124 1468 3191 qur.
1491 3128 1744 3178 omittunt

734 3221 863 3255 cum
895 3201 1029 3275 Alrn.
1061 3204 1187 3255 Mox
1214 3205 1421 3271 Turio„
1453 3204 1744 3257 revolandi.

739 3283 901 3335 Cane.
937 3281 1262 3347 remordendi
1292 3302 1391 3356 pro
1417 3286 1649 3341 remand.
1683 3298 1744 3339 et

738 3363 936 3413 omittit
956 3371 1006 3412 et
1028 3373 1149 3422 ante
1171 3361 1375 3433 scripta.

809 3442 861 3507 4.
884 3440 1079 3493 Levius.
1100 3440 1270 3508 Laid„
1296 3441 1485 3507 lenias,
1507 3462 1605 3513 per
1623 3442 1743 3515 sph.

736 3520 884 3573 haud
919 3520 1109 3585 dubie,
1144 3539 1243 3572 nec
1281 3522 1470 3592 egebat
1499 3522 1744 3594 loquaci-

736 3613 847 3653 tate
861 3597 1211 3671 improbantis
1226 3613 1370 3652 recte
1384 3600 1596 3670 quidem
1611 3600 1744 3655 Gib-

726 3681 873 3732 eoni.
899 3706 968 3719 —
990 3679 1100 3730 RB.
1133 3694 1183 3748 7,
1215 3694 1270 3729 ιι
1304 3677 1507 3733 habent
1530 3699 1743 3753 quoqne

738 3758 921 3813 lenius.
954 3761 1046 3811 En.

811 3838 859 3891 5.
879 3837 1069 3889 Odium
1081 3857 1099 3899 ‚·
1121 3839 1195 3889 sic
1209 3838 1384 3890 Turio.
1403 3838 1540 3891 Flor.
1559 3838 1740 3891 Ambr.

740 3933 802 3981 ει,
827 3914 1001 3968 Guelf.
1037 3917 1160 3967 Exc-
1194 3915 1407 3970 Samen.
1432 3918 1594 3969 Cant.
1622 3936 1743 3969 cum

737 3994 876 4046 Alm.
898 3994 1047 4047 Bodl.
1064 3998 1217 4048 Voss,
1247 4012 1293 4060 1,
1312 3997 1377 4062 3,
1393 3995 1556 4048 Andr.
1583 4009 1635 4048 et
1656 3996 1746 4049 ali-

737 4087 874 4144 quot
894 4074 1298 4146 Burm..Reliqtti
1322 4073 1552 4137 toedt'um.
1572 4075 1740 4129 Modo

728 4154 894 4223 pauci
925 4152 1107 4207 Ambr.
1144 4171 1205 4223 2,
1222 4152 1435 4219 Guelf.;
1462 4154 1589 4209 item
1616 4174 1742 4209 mox

1822 2342 1999 2394 Turic.
2024 2342 2163 2395 Flor.
2189 2341 2306 2412 (hie
2340 2360 2370 2394 a
2397 2361 2475 2414 pr.
2502 2342 2698 2413 manu)
2733 2341 2840 2394 ad·

1819 2432 2022 2472 servant
2032 2462 2051 2488 ,
2071 2440 2194 2473 cum
2211 2422 2348 2479 Alm.
2371 2423 2635 2474 Omittunt
2651 2422 2836 2496 sinqu-

1824 2497 1898 2553 los
1918 2502 2098 2552 Turio.
2131 2500 2272 2552 Flor.
2296 2500 2434 2554 Alm.
2460 2499 2620 2569 Quod
2650 2502 2829 2552 Tur-ic.

1820 2578 1995 2631 Guelf.
2031 2580 2154 2631 Exc.
2184 2576 2429 2645 Santen.,
2460 2577 2725 2643 addicere,
2750 2576 2833 2628 le·-

1821 2660 1937 2709 vius
1961 2675 2104 2710 cane.
2127 2659 2225 2708 Pro
2249 2656 2320 2708 ad
2344 2656 2442 2727 inf.
2469 2653 2646 2707 Gueif.
2665 2653 2830 2707 Goth.

1821 2733 2053 2804 (tacente
2072 2734 2259 2805 Gesn.)
2281 2753 2344 2786 ac
2368 2735 2425 2798 i.‚
2452 2750 2574 2785 cum
2589 2736 2744 2784 Vos&
2773 2749 2802 2784 2
2816 2770 2838 2799 ‚

1819 2814 1965 2865 Jens.
1987 2811 2121 2864 Vide
2144 2811 2236 2864 lib.
2261 2812 2338 2876 X,
2360 2831 2477 2884 cap.
2509 2829 2562 2881 7,
2585 2808 2632 2879 S.
2664 2811 2834 2877 24.—

1829 2890 2016 2943 odium
2037 2889 2234 2942 laboris
2252 2890 2430 2963 hujus·
2443 2890 2576 2961 Vide
2597 2889 2834 2957 imvm,

1824 2988 1943 3041 cap.
1969 2971 2031 3036 3,
2066 2968 2110 3040 §.
2146 2970 2232 3022 30.
2268 2972 2365 3023 Hic
2401 2970 2647 3041 quidem,
2685 2968 2837 3041 quod

1825 3065 1945 3098 raro
1984 3049 2034 3098 ei
2074 3050 2365 3117 contingit,
2412 3048 2621 3099 taedium
2669 3048 2834 3099 modo

1823 3127 2059 3196 positum
2078 3126 2344 3196 eleganter
2365 3127 2484 3183 odio
2500 3129 2717 3179 variavit
2728 3164 2747 3194 ,
2764 3145 2837 3179 ne

1823 3204 1964 3263 idem
1986 3221 2293 3257 recurreret.

1894 3281 1945 3334 6.
1978 3283 2046 3334 In
2075 3301 2354 3337 summam.
2389 3286 2656 3338 Omittunt
2682 3286 2830 3337 Avie-

1824 3358 1971 3410 ΡοιιΙ.
2004 3361 2129 3411 Mox
2162 3380 2260 3431 pro
2296 3362 2366 3421 ad
2393 3362 2522 3415 dant
2551 3381 2613 3414 ac
2645 3363 2755 3415 RR.
2782 3380 2836 3433 7,

1826 3437 1888 3504 8,
1907 3455 1942 3507 9
1966 3436 2085 3508 (hic
2104 3456 2133 3489 a
2158 3458 2239 3510 pr.
2257 3436 2458 3513 manu),
2482 3458 2564 3507 ιο,
2590 3458 2609 3494 ι
2625 3443 2862 3510 ndens..

1825 3529 1877 3568 et
1905 3517 2050 3587 apud
2072 3518 2246 3569 Burm.
2264 3523 2417 3573 Voss.
2446 3538 2494 3573 α.
2520 3523 2614 3573 En.

1897 3613 1946 3665 7.
1983 3595 2167 3661 Prius,
2197 3607 2329 3650 tum.
2369 3602 2578 3665 Turic.,
2617 3611 2838 3673 pastum

1823 3674 2012 3746 (etiam
2053 3678 2338 3730 oratorium
2351 3679 2388 3751 ).
2430 3682 2599 3734 Cam.
2618 3718 2637 3748 ‚
2682 3682 2837 3754 prius

1818 3757 2169 3825 postmodum.

1895 3834 1944 3886 8.
1969 3836 2052 3886 Ab
2076 3855 2172 3887 usu
2193 3835 2417 3888 dicendi.
2442 3836 2504 3888 ld
2526 3852 2632 3904 est,
2657 3852 2834 3891 orato·
2921 3884 2927 3889 .

1825 3916 1933 3981 rio,
1962 3934 2030 3967 ne
2053 3916 2191 3968 forte
2215 3896 2384 3970 nsnm‘
2402 3916 2651 3989 loquendi
2676 3918 2835 3969 intel-

1823 3993 1981 4065 ligas,
2023 3998 2117 4066 qui
2152 4010 2232 4048 est
2273 3999 2430 4049 etiam
2467 3999 2721 4053 remotior
2760 3996 2829 4049 ab

1825 4072 2014 4126 orandi
2047 4079 2354 4147 majestate,
2385 4094 2545 4147 quam
2573 4075 2829 4132 JCtorum

1821 4153 1911 4211 illa
1936 4158 2184 4213 carmina.
