3200 5159
634 470 1292 540 ms‘rrru'rloms
1327 469 1583 539 onAT.
1625 472 1786 537 Lm.
1821 472 1911 551 x,
1960 495 2014 538 1.
2293 492 2375 561 77

271 593 583 668 sidentes
606 609 625 640 ¹
677 593 919 668 studiis
974 593 1118 668 deae
1168 595 1499 695 propius²
1553 591 1928 668 audirent?
1974 595 2092 669 cui
2148 596 2376 696 magis

270 736 440 781 suas
462 731 635 782 artes
670 711 963 812 aperiret
981 710 1337 783 *familiare
1354 708 1385 756 3
1409 735 1682 788 numen
1706 708 2069 782 Minerva?
2094 707 2125 772 4
2148 711 2379 783 dicent

275 822 440 897 haee
471 824 750 924 plenius
798 826 1038 897 futura
1082 822 1407 896 secula⁵:
1455 851 1649 897 nunc
1697 824 1892 898 enim
1930 822 2372 897 ⁶caeterarum
2411 843 2491 900 9².

271 937 549 1039 fulgore
577 935 908 1012 virtutu'm
944 938 1096 1010 laus
1128 939 1252 1011 ista
1277 937 1777 1038 praestringitur
1795 969 1814 1028 3
1842 957 1968 1010 nos
2000 959 2237 1012 tamen
2273 965 2379 1010 sa-

271 1079 394 1125 cra
427 1052 810 1148 litterarum
843 1052 1144 1126 colentes
1179 1053 1424 1140 feras7,
1459 1053 1723 1140 Caesar,
1758 1051 1815 1123 si
1855 1079 2001 1124 non
2039 1050 2382 1124 ⁸tacitum.

267 1169 409 1242 hoc
438 1170 866 1269 praeterimus
879 1185 936 1260 9,
961 1190 1030 1241 et
1054 1169 1443 1269 Virgiliano
1472 1189 1654 1242 certe
1682 1195 1884 1241 versu
1912 1189 2276 1260 testamur,

472 1347 642 1408 Inter
666 1347 1016 1408 victrices'⁰
1040 1342 1332 1406 hederam
1358 1345 1474 1405 tibi
1503 1365 1748 1427 serpere
1770 1342 2000 1405 lauros.

267 1502 518 1603 Elegia
537 1531 818 1603 quoque
842 1518 892 1549 ¹¹
919 1506 1196 1577 Graecos
1223 1517 1275 1549 ¹²
1302 1530 1755 1603 provocamus
1773 1557 1794 1592 ,
1825 1503 2023 1604 cujus
2042 1502 2218 1576 mihi
2247 1523 2374 1576 ter·
2408 1523 2485 1594 93³

271 1644 396 1691 sus
415 1640 622 1718 atque
643 1618 919 1718 elegans
946 1619 1248 1692 maxime
1272 1620 1544 1692 videtur
1566 1642 1810 1692 auctor
1836 1619 2191 1694 Tibullus:
2211 1641 2376 1692 sunt
2400 1599 2418 1616 ⁵

268 1735 395 1835 qui
423 1736 857 1836 Propertium
886 1734 1165 1807 malint:
1196 1737 1476 1809 Ovidius
1503 1756 1798 1836 utroque
1827 1733 2170 1826 lascivior3
2200 1736 2376 1808 sicut

261 1971 460 2021 uerus,
481 1968 621 2007 recta
639 1954 903 2027 probans,
917 1956 1107 2012 librum
1126 1977 1282 2011 suum
1357 1959 1481 2011 iisse
1506 1957 1789 2032 quemdam
1808 1996 1826 2024 ‚
1859 1954 2016 2010 inubi
2045 1953 2177 2010 θύων
2205 1957 2250 2012 iv
2267 1953 2372 2010 ’ra‘-

267 2036 513 2086 securius
534 2036 776 2106 inspexit.
801 2036 1066 2090 Probabtt
1086 2040 1281 2108 Regius
1360 2059 1488 2107 pam
1504 2076 1520 2098 ‚
1546 2033 1609 2089 ου*
1621 2031 1730 2105 ἔρχι
1746 2075 1761 2098 ,
1788 2034 1856 2104 pani
1882 2035 2130 2106 προσόθυκι
2155 2038 2262 2093 ταῖς
2290 2039 2372 2090 ὰ-

265 2112 443 2166 codd.
470 2115 781 2185 scripturam
800 2117 967 2191 gerit,
996 2136 1103 2168 non
1132 2135 1280 2169 suam
1354 2115 1542 2182 μοσίιιις
1564 2116 1764 2182 εὐχᾶς,
1796 2113 1863 2166 ὅτι
1894 2112 2160 2181 Aspen-utri:
2179 2115 2373 2171 ’Ao-vie

268 2191 695 2245 emendationem
711 2194 1145 2265 reponebat.Vid.
1159 2196 1283 2247 Dra-
1353 2197 1423 2248 ,0710
1444 2194 1585 2250 οειῗς-

267 2269 431 2323 kenb.
456 2270 523 2323 ad
549 2273 659 2323 Liv.
686 2273 821 2344 Epit.
853 2273 952 2344 49,
980 2293 1035 2345 p.
1061 2273 1182 2344 957.
1211 2302 1280 2313 —
1430 2273 1483 2340 4.
1511 2273 1715 2326 Dicent.
1741 2272 1919 2324 Tur-ic.
1953 2269 2014 2342 (a
2043 2289 2147 2324 sec.
2178 2270 2371 2342 manu)

270 2349 456 2402 Nostri
481 2348 680 2415 codd.‚
703 2353 870 2424 gerit,
899 2366 1105 2424 except.
1129 2355 1191 2406 R.
1218 2353 1279 2418 8,
1358 2352 1532 2404 Guelf.
1548 2390 1565 2418 ‚
1587 2352 1784 2404 dicunt.

267 2430 366 2500 qui
383 2429 607 2503 gesserit.
629 2431 722 2481 Eu.
1432 2431 1483 2485 5.
1509 2430 1713 2485 Secula.
1739 2430 1948 2483 Omittit
1968 2431 2147 2481 Turio.

349 2523 393 2559 ι.
437 2508 771 2562 Proesidentes
800 2508 984 2573 studiis
1016 2507 1135 2563 deas
1169 2523 1279 2562 tam

261 2606 434 2659 prope
454 2589 719 2643 audientes
743 2592 1113 2662 imperatorem
1137 2604 1279 2643 recte

268 2667 536 2719 Gesnerus
573 2669 734 2720 refert
765 2667 832 2720 ad
865 2685 1088 2738 agonem
1118 2670 1280 2721 musi-

267 2762 428 2813 cum,
467 2765 624 2818 quem
669 2749 895 2798 instituit
931 2746 1019 2799 ille
1058 2761 1277 2801 auctore

266 2823 413 2876 Suet.
440 2825 597 2877 Dom.
623 2826 673 2893 4.
695 2824 829 2878 Vide
852 2826 981 2878 Stat.
1010 2825 1144 2900 Sylv.
1175 2829 1275 2895 111,

269 2900 338 2968 5,
371 2904 474 2970 28,
509 2903 709 2967 31-33;
746 2917 799 2956 et
831 2906 1011 2958 Nostr.
1044 2904 1136 2957 lib.
1171 2905 1277 2974 IX,

265 3001 388 3055 cap.
417 2982 479 3049 4,
506 2983 550 3055 §.
585 3000 663 3035 ιι.

341 3078 392 3114 2.
436 3063 564 3114 Deoe
596 3064 830 3134 propius.
867 3064 1173 3127 Tur-icens„
1213 3081 1278 3116 ea

263 3142 494 3215 propriis
503 3163 524 3203 ,-
550 3160 582 3194 a
608 3141 841 3194 secunda
873 3160 1036 3194 manu
1063 3162 1122 3194 eo
1150 3163 1279 3217 pro-

259 3223 398 3292 pius.
430 3219 762 3273 Florentinus
791 3220 855 3292 (a
885 3222 1054 3292 prima
1080 3220 1280 3293 manu)

264 3317 325 3351 ea
345 3317 404 3371 p.
415 3338 437 3366 ,
462 3317 583 3351 oum
609 3298 746 3351 Alm.

337 3379 390 3430 3.
435 3377 719 3431 Familiare
759 3396 952 3430 numen
993 3379 1236 3432 Minerva
1256 3400 1279 3441 ,-

263 3459 340 3511 sic
361 3456 503 3508 Ποῖ.
532 3456 687 3508 Basil.
712 3457 813 3510 Sed
831 3459 1037 3525 Τηνία,
1050 3458 1276 3530 familia

263 3555 484 3589 reanum
511 3537 780 3598 minerva,-
805 3555 834 3588 a
860 3556 964 3589 sec.
995 3554 1156 3588 manu
1174 3538 1274 3610 fa-

263 3614 524 3667 miliat-em
547 3616 767 3668 ennium
789 3616 1048 3668 minervoe.
1070 3616 1278 3684 Guelf„

254 3693 310 3766 f.
338 3712 534 3746 nomen
562 3696 822 3746 Minerva.
851 3695 1020 3764 Stoes.
1045 3694 1274 3748 Chouet.

264 3774 411 3826 Leid.
429 3812 447 3840 ‚
462 3774 519 3847 f.
550 3793 740 3826 nomen
767 3774 1039 3827 Minervoe.
1067 3775 1276 3846 Reliqui

257 3853 311 3928 f.
333 3872 531 3904 numen
551 3854 830 3920 Minervoe,
848 3872 1073 3926 quorum
1092 3868 1147 3906 et
1165 3854 1272 3906 Bal.

265 3959 339 3971 —-
373 3930 659 3984 Familiare
691 3951 886 3984 numen
918 3934 1177 3985 Minerva.
1212 3934 1277 3987 Se

269 4011 407 4063 enim
431 4012 684 4063 Minerva·
712 4010 878 4064 filium
899 4012 1138 4083 jactabat
1165 4013 1278 4063 Do-

268 4093 544 4158 mitianus,
565 4111 724 4163 qnam
750 4095 805 4146 in
825 4113 937 4146 rem
960 4106 1139 4147 narrat
1160 4091 1279 4145 Phi-

272 4168 518 4230 lostratus
535 4174 653 4240 ,Vin
683 4172 862 4246 Apoll.
884 4173 1006 4241 vn,
1033 4190 1095 4226 12
1110 4210 1128 4240 ,
1153 4190 1281 4246 per-

1428 2512 1481 2565 6.
1503 2515 1832 2565 Coeteramm.
1849 2511 2042 2576 Cama,
2056 2520 2365 2561 exterarum.

1431 2608 1479 2662 7.
1498 2594 1664 2644 Feras.
1681 2590 1856 2643 Guelf.
1868 2590 2031 2662 ‚feres
2039 2628 2057 2656 ,
2073 2607 2195 2641 cum
2210 2589 2366 2642 Voss.

1366 2688 1411 2737 ι,
1437 2671 1487 2723 3.
1512 2701 1586 2711 —
1608 2670 1806 2724 Eadem
1831 2671 2015 2722 nostri.
2041 2671 2133 2721 Eo.

1429 2751 1480 2804 8.
1510 2750 1769 2802 Tacitum.
1789 2750 1965 2799 Turio.
2002 2747 2041 2797 F
2044 2746 2141 2797 lor.
2179 2743 2245 2815 (a
2282 2765 2367 2817 pr.

1355 2848 1515 2882 manu
1536 2829 1781 2901 uterque)
1805 2838 2029 2893 tanturn.
2054 2826 2147 2878 Ille
2170 2846 2200 2879 a
2225 2846 2331 2879 see.
2347 2865 2368 2895 ‚

1355 2920 1523 2962 totum
1542 2948 1560 2975 ‚
1605 2908 1752 2980 quod
1794 2909 1962 2978 possit
1999 2906 2245 2959 blandiri.
2292 2931 2367 2946 -·

1355 2988 1537 3039 Nostri
1557 3005 1664 3038 non
1691 2986 1935 3053 tacitum,
1959 3003 2069 3037 exc.
2095 2985 2159 3037 R.
2186 2985 2248 3050 8,
2273 2987 2369 3056 qui

1357 3084 1463 3117 non
1494 3075 1702 3131 tamen,
1732 3078 1782 3116 et
1814 3064 1928 3114 Fut.
1960 3064 2051 3133 qui
2078 3072 2253 3114 tamen
2282 3073 2366 3116 ta·

1354 3145 1517 3196 citum
1533 3181 1551 3210 ‚
1575 3144 1772 3194 omisso
1798 3159 1922 3192 non.
1948 3141 2041 3191 En.

1427 3241 1479 3291 9.
1532 3222 1872 3275 Praeter-imus.
1920 3218 2365 3293 Guelferbytanus

1350 3302 1739 3375 proeteribimus.

1398 3399 1478 3434 ιο.
1503 3382 1653 3433 Inter
1669 3377 1909 3433 victrices.
1926 3379 2068 3448 Vin-g.
2090 3376 2204 3431 Eel.
2220 3379 2363 3453 vm,

1359 3460 1453 3527 13,
1476 3459 1544 3511 de
1567 3459 1826 3511 Pollione.

1396 3556 1416 3591 1
1433 3557 1450 3591 ι
1465 3578 1476 3590 .
1498 3537 1692 3610 Elegia
1704 3554 1927 3610 quoque.
1946 3537 2014 3588 H.
2035 3554 2081 3591 e.
2097 3573 2113 3603 ‚
2128 3553 2239 3588 non
2257 3536 2365 3607 epi.-

1355 3636 1420 3671 co
1443 3618 1617 3670 solum
1640 3618 1889 3669 carmine.

1397 3715 1475 3751 12.
1499 3700 1714 3771 Quoque
1730 3698 1959 3757 Gnoecos3
1977 3697 2052 3747 sic
2066 3694 2208 3748 MSS.
2226 3712 2362 3766 quos

1353 3778 1458 3830 vidi
1495 3795 1679 3829 omnes
1711 3773 2129 3847 (negligentibus
2157 3774 2271 3826 fere
2299 3777 2365 3834 iis

1357 3859 1446 3928 qui
1471 3854 1832 3924 contulerunt)
1855 3872 1964 3925 quo
1988 3870 2101 3905 acc.
2117 3856 2271 3905 Voss.
2302 3871 2361 3919 2,

1359 3949 1413 3989 et
1427 3935 1564 3990 Vall.
1586 3954 1707 3988 eum
1732 3933 1852 3988 edd.
1880 3945 2001 3985 ante
2024 3932 2144 3984 Ald.
2167 3935 2364 4002 Regius

1360 4017 1682 4086 transposuit
1709 4016 1772 4067 G.
1794 4032 1845 4085 q.
1858 4053 1876 4080 ,
1902 4017 1955 4065 e‘t
1978 4014 2053 4065 sie
2070 4011 2276 4083 reliqui.
2290 4033 2364 4052 -Α-

1358 4095 1540 4146 Nostri
1552 4111 1760 4166 quoque
1778 4095 1994 4146 Groecos.
2014 4092 2113 4143 Hic
2128 4092 2297 4145 nostri
2310 4101 2370 4154 e!

1360 4171 1538 4246 Spald.
1550 4171 1693 4225 MSS.
1709 4171 2064 4224 consentiunt.
2079 4170 2173 4222 En.
