3200 5159
753 520 882 589 580

1320 519 1412 584 M.
1453 520 1683 585 FABn
1721 517 2280 603 QUINTILIANI

754 645 976 717 maria
997 642 1311 733 transire,
1339 643 1647 716 siderum
1672 670 1910 716 cursus
1930 670 2402 745 numerosque
2421 672 2855 746 cognoscere,

751 759 1107 833 mundum
1143 759 1375 858 ipsum
1416 786 1615 859 paene
1644 759 1991 848 dimetiri,
2023 761 2328 834 minores
2356 763 2476 835 sed
2503 763 2856 837 difficilio-

750 901 856 947 res
899 895 1071 947 artes
1100 889 1117 920 ¹
1158 875 1552 974 potuerint:
1587 895 1744 947 tum
1788 875 2123 974 cogitent,
2168 900 2502 977 quantam
2537 905 2685 952 rem
2721 907 2854 979 pef-

747 1011 936 1079 tant,
989 1015 1345 1089 quamque
1389 989 1630 1061 nullus
1663 989 1751 1060 sit
1792 990 1923 1062 hoc
1954 993 2304 1090 proposito
2333 994 2625 1092 praemio
2655 994 2855 1066 labor

649 1135 704 1173 ιι
747 1106 1193 1179 recusanduS.
1230 1106 1445 1196 Quod
1478 1106 1534 1178 si
1563 1126 1799 1178 mente
1837 1109 2316 1206 conceperint,
2364 1108 2529 1181 huic
2572 1136 2852 1209 quoque

745 1222 922 1322 parti
968 1221 1239 1294 facilius
1287 1220 1622 1293 accedent
1641 1234 1693 1311 ²,
1741 1242 1819 1294 ut
1860 1222 2094 1321 ipsum
2139 1224 2271 1295 iter
2313 1250 2541 1324 neque
2587 1224 2856 1325 imper-

743 1340 980 1428 vium,
1031 1365 1261 1439 neque
1304 1338 1593 1410 saltem³
1636 1337 1896 1411 durum
1940 1360 2234 1439 putent:
2286 1368 2452 1413 narn
2500 1341 2610 1433 id,
2660 1340 2853 1440 quod

740 1442 935 1556 prius
956 1512 974 1545 ,
1000 1456 1331 1555 quodque
1358 1454 1588 1556 majus
1614 1476 1744 1545 est,
1771 1477 1852 1528 ut
1880 1455 2045 1528 boni
2076 1456 2204 1528 viri
2225 1457 2476 1548 simus,
2500 1457 2852 1531 voluntate

746 1572 1055 1644 maxime
1097 1592 1359 1644 constat
1398 1599 1413 1643 :
1472 1597 1690 1670 quam
1727 1572 1847 1670 qui
1882 1598 2040 1643 vera
2084 1572 2221 1643 fide
2264 1573 2605 1665 induerit,
2650 1575 2853 1648 facile

645 1715 707 1753 12
747 1688 1025 1760 easdem
1047 1686 1103 1779 4,
1148 1715 1302 1785 quae
1333 1688 1661 1759 virtutem
1706 1686 1985 1778 docent,
2027 1708 2201 1760 artes
2249 1688 2560 1789 accipiet.
2608 1693 2853 1791 Neque

746 1802 938 1876 enim
978 1823 1101 1875 aut
1141 1823 1283 1874 tam
1320 1801 1675 1902 perplexa,
1717 1823 1841 1873 aut
1883 1822 2025 1873 tam
2072 1829 2445 1875 numerosa
2485 1826 2654 1876 sunt
2693 1831 2850 1902 quae

745 1938 1078 2018 premunt
1096 1916 1151 2006 ⁵,
1193 1938 1273 1988 ut
1319 1943 1461 1989 non
1499 1943 1882 2016 paucorum
1929 1917 2315 1990 admodum
2349 1945 2698 1991 annorum
2734 1920 2852 1991 in-

745 2032 1051 2106 tentione
1085 2031 1478 2105 discantur:
1506 2031 1793 2131 longam

1815 2030 1846 2075 6

1876 2032 2064 2104 enim
2100 2033 2270 2105 facit
2297 2061 2580 2133 operam
2603 2093 2622 2125 ,
2653 2034 2846 2136 quod

744 2175 1256 2249 repugnamus3
1291 2147 1514 2220 brevis
1555 2169 1657 2219 est
1697 2147 2029 2219 institutio
2067 2147 2215 2219 vitae
2249 2148 2551 2221 honestae
2593 2149 2848 2221 beatae-

746 2292 921 2364 que,
971 2264 1027 2335 si
1072 2264 1353 2337 credas?
1384 2264 1403 2334 'z
1453 2284 1706 2335 natura
1747 2262 1939 2336 enim
1991 2290 2116 2335 nos
2163 2264 2252 2335 ad
2302 2258 2614 2337 mentem
2663 2267 2849 2365 opti-

826 2433 871 2467 ι.
901 2415 1065 2470 Artes.
1103 2419 1297 2470 Nescio
1336 2416 1467 2487 quid
1505 2415 1756 2468 acciderit

746 2497 1049 2548 Bur-manno
1070 2498 1429 2549 accusativum
1453 2496 1540 2548 hie
1556 2495 1757 2548 videnti

747 2589 801 2627 et
818 2577 873 2627 in
892 2574 1118 2627 formula
1134 2592 1345 2646 possum
1362 2587 1495 2627 artes
1512 2574 1754 2626 haerenti.

746 2653 896 2707 Artes
924 2651 1061 2719 aliae,
1102 2653 1327 2704 minores
1360 2653 1461 2704 illae
1499 2651 1754 2724 dignitate

748 2751 846 2787 nec
874 2745 1080 2784 tantum
1103 2732 1371 2802 ingenium
1404 2730 1501 2782 sihi
1526 2748 1756 2802 poscen-

746 2825 855 2877 tes,
904 2827 1223 2881 quamquam
1265 2806 1591 2881 difficiliores
1631 2827 1756 2879 per-

747 2901 940 2961 ceptu,
968 2888 1139 2940 maria
1167 2889 1410 2955 transire,
1441 2900 1541 2941 etc.
1563 2900 1757 2960 potue-

744 2980 891 3021 nlnt-

821 3064 872 3100 2.
892 3047 1164 3101 Accedent.
1182 3046 1507 3114 Accendent,
1521 3046 1754 3101 Florent.

748 3127 904 3198 Quod
918 3129 1095 3200 pejus,
1112 3128 1293 3178 Tur-ic.
1319 3125 1457 3178 Flor.
1479 3125 1753 3180 Guelferb.

744 3207 870 3258 Exc.
892 3205 1037 3257 Sunt.
1068 3204 1123 3259 V
1117 3205 1184 3255 iri
1203 3203 1388 3271 simul,
1411 3204 1552 3256 Flor.
1577 3204 1753 3257 Guelf.

750 3283 1118 3347 Voluntatem,
1135 3285 1262 3335 Tur.
1278 3282 1454 3336 Guelf.
1480 3285 1755 3351 Constant,

746 3365 924 3417 Turio.
945 3361 1123 3415 Guelf.
1148 3360 1317 3426 Artis,
1343 3359 1487 3411 Flor.

819 3444 871 3496 3.
888 3444 1072 3516 Neque
1087 3439 1434 3494 saltem.Vide
1449 3438 1519 3492 ad
1533 3443 1584 3507 1,
1606 3457 1650 3505 t,
1669 3438 1752 3507 24.

818 3523 871 3589 4.
905 3521 1145 3574 Easdem.
1180 3520 1341 3572 Plane
1368 3518 1569 3573 nullam
1599 3517 1754 3571 video

744 3601 906 3674 hujus
941 3601 1273 3671 pronominis
1307 3598 1598 3667 rationem:
1630 3618 1754 3651 nam

740 3682 967 3733 virtutes
993 3679 1232 3731 nondum
1266 3691 1568 3731 memoratoe
1594 3691 1719 3731 sunt
1735 3716 1753 3745 ‚

666 3778 673 3787 ·
746 3760 841 3813 sed
859 3760 1042 3812 homo.
1064 3760 1241 3827 Quat-e
1260 3756 1598 3811 scribendum
1619 3771 1753 3832 puto

652 3840 673 3857 ‘
746 3839 1183 3910 east'detn‚quoe.
1222 3858 1237 3869 ·

819 3918 868 3970 5.
896 3919 1168 3970 Premunt.
1192 3917 1368 3969 Turio.
1383 3955 1399 3982 ,
1420 3926 1749 3986 premuntur.

745 4028 818 4039 —
833 4000 964 4068 Quoe
978 4008 1260 4070 praemunt.
1279 3996 1545 4066 Cor-rupta
1572 3997 1754 4067 utique

748 4079 1026 4149 ecriptura.
1052 4077 1238 4146 Neque
1273 4089 1450 4127 tamen
1479 4084 1751 4146 petuntur,

747 4154 893 4227 quod
919 4154 1222 4206 Obrechtus
1248 4154 1485 4223 reposuit
1501 4191 1517 4219 ,
1541 4152 1753 4205 satisfa-

740 4234 847 4286 cit:
880 4250 1202 4305 quamquam
1232 4232 1461 4287 formum
1488 4235 1752 4306 passivam

1835 2415 2011 2470 Codex
2023 2419 2254 2489 optimus
2269 2436 2413 2470 nunc
2424 2417 2639 2491 praebet.
2653 2422 2845 2492 Aptius

1836 2494 1904 2547 ad
1947 2514 2158 2549 sensum
2197 2494 2407 2547 videtur
2442 2497 2843 2569 praecipiuntur,

1836 2575 1974 2626 sicut
2000 2575 2051 2640 Ι,
2082 2591 2173 2640 to,
2201 2591 2295 2643 29,
2322 2573 2521 2627 dictum
2553 2590 2630 2628 est
2658 2579 2843 2648 proeci-

1833 2670 1957 2723 pere
1981 2652 2213 2705 studium
2242 2651 2479 2724 aliquod.
2503 2653 2746 2724 —Apud
2774 2656 2838 2707 R.

1842 2730 1904 2782 13
1926 2731 2212 2803 reperimus
2233 2733 2512 2802 optimam,
2539 2749 2696 2801 quam
2719 2734 2844 2785 But-

1834 2821 2035 2861 tmann.
2062 2812 2374 2882 proposuit,
2398 2809 2706 2862 lectionem:
2723 2828 2840 2883 quoe

1832 2888 2218 2960 proecipiuntur.
2234 2890 2416 2942 Caeteri
2437 2908 2554 2962 quoe
2567 2900 2840 2962 premunt,

1838 2986 1949 3019 exc.
1977 2967 2036 3018 R.
2067 2984 2146 3035 ιι,
2173 2970 2266 3039 qui
2288 2967 2433 3020 solus
2455 2986 2574 3042 quoe
2592 2981 2844 3043 promunt

1835 3064 2046 3098 nomen.
2085 3047 2137 3099 Si
2185 3043 2240 3098 era
2285 3058 2536 3118 premunt
2573 3062 2843 3116 servatur,

1834 3125 2027 3197 supple
2055 3126 2360 3191 discentem,
2396 3139 2447 3178 et
2472 3128 2547 3178 sic
2571 3127 2803 3197 intellige
2825 3153 2839 3181 ι

1841 3229 1865 3253 α
1886 3224 2000 3276 quae
2017 3207 2232 3271 instant,
2250 3224 2364 3277 quoe
2384 3220 2506 3259 ante
2523 3209 2700 3259 omnia
2719 3223 2844 3262 sunt

1841 3305 1865 3331 α
1886 3286 2087 3336 oratori
2111 3283 2410 3337 ediscenda.
2433 3308 2456 3332 ι
2479 3286 2570 3337 En.

1907 3361 1960 3414 6.
1983 3362 2237 3436 Longam.
2252 3400 2265 3413 .
2281 3401 2294 3413 .
2316 3380 2545 3434 operam.
2566 3366 2839 3419 Tui-icens.

1834 3437 1975 3490 Flor.
2002 3439 2274 3491 Guelferb.
2309 3441 2433 3492 Exc.
2467 3442 2640 3508 Sunt,
2669 3441 2838 3515 quem

1835 3535 2004 3568 meam
2032 3518 2175 3591 facit
2209 3536 2324 3591 op„
2361 3538 2482 3571 cum
2509 3519 2642 3572 Atm.
2680 3522 2841 3575 Insti-

1837 3608 1965 3663 tuto‚
1983 3598 2121 3650 Flor.
2140 3598 2398 3665 Instincti,
2419 3599 2597 3651 Guelf.
2615 3600 2741 3652 Mox
2762 3602 2840 3653 ἰη-

1836 3679 2016 3731 tuendi
2026 3718 2043 3745 ,
2072 3676 2210 3729 Flor.
2238 3678 2410 3752 Mayt's
2432 3681 2627 3731 omittit
2648 3682 2809 3732 Caur.

1908 3775 1957 3828 7.
1971 3759 2030 3811 Si
2048 3759 2233 3810 credas.
2250 3759 2473 3821 Mirum,
2488 3761 2627 3811 viros
2646 3758 2837 3812 doctos

1834 3833 1979 3907 apud
2027 3839 2384 3889 Burmannnm
2435 3851 2636 3890 tantum
2674 3839 2838 3891 desu-

1832 3914 1959 3968 dare
1982 3919 2038 3967 in
2064 3915 2319 3968 mutando
2350 3916 2514 3968 verbo
2544 3920 2835 3989 aptissimo.

1833 3997 1915 4047 An
1952 3997 2105 4048 veriti
2147 4008 2305 4062 sunt,
2337 3995 2675 4051 christianam
2720 4018 2836 4053 esse

1831 4076 2178 4127 sententiam?
2204 4075 2305 4128 Sed
2335 4090 2477 4129 certa
2502 4091 2580 4130 est
2609 4080 2838 4149 seriptu-

1830 4170 1889 4205 τε
1918 4156 2257 4226 oppositione
2283 4154 2429 4206 verbi
2453 4174 2833 4232 repugnamus.-

1833 4248 2063 4308 aptequo
2080 4234 2300 4293 Gesner.
2323 4236 2480 4290 affert
2507 4236 2644 4291 illud
2664 4255 2840 4292 roera-
