3200 5159
694 487 1350 556 INSTITUTIONIS
1388 478 1648 555 ORAT.
1691 489 1850 556 LIB.
1893 492 2016 571 XI,
2057 492 2117 557 3.
2335 495 2455 573 401

355 610 809 712 producenda
856 614 1141 703 omnia,
1186 615 1686 714 trahendaeque
1734 637 1888 688 tum
1936 616 2242 706 vocales,
2290 644 2465 716 ape-

358 727 755 829 riendaeque
798 751 963 802 sunt
1003 731 1240 802 fauces
1276 758 1291 802 ε
1348 731 1660 829 pleniore
1689 745 1704 776 ¹
1760 751 2002 804 tamen
2045 732 2194 804 haec
2240 733 2464 804 canali

352 842 625 935 fluunt,
682 849 860 934 Vos,
910 844 1173 920 Albani
1206 846 1454 920 tumuli
1484 862 1695 949 atque
1737 848 1896 921 luci.
1943 852 2106 920 Jam
2174 849 2468 921 'cantici

352 959 692 1060 quiddam
718 963 985 1035 habent
1002 1020 1022 1052 ‚
1047 963 1450 1062 sensimque
1473 963 1804 1062 resupina
1825 985 1991 1038 sunt
2010 1021 2029 1054 ,
2055 966 2239 1038 Saxa
2263 981 2470 1065 atque

353 1075 748 1151 solitudines
774 1085 931 1150 voci
949 1077 977 1124 3
1009 1080 1432 1178 respondent.
1465 1077 1671 1151 Tales
1699 1100 1868 1153 sunt
1895 1080 2032 1152 illae
2065 1079 2472 1153 inclinatio-
2518 1102 2614 1156 168

352 1218 478 1264 nes
505 1193 725 1283 vocis,
756 1220 930 1293 quas
966 1194 1267 1266 invicem
1288 1193 1798 1267 Demosthenes
1819 1192 1849 1249 4
1879 1216 2083 1293 atque
2104 1193 2470 1269 AEschines

349 1309 805 1405 exprobrant,
845 1336 989 1382 non
1028 1309 1187 1381 ideo
1233 1309 1754 1408 improbandae3
1791 1336 2015 1406 quum
2054 1309 2242 1380 enim
2283 1330 2470 1381 uter-

352 1448 491 1521 que
527 1423 720 1496 alteri
758 1423 1076 1525 objiciat,
1113 1423 1349 1523 palam
1382 1443 1487 1495 est
1532 1445 1913 1522 utrumque
1960 1423 2201 1496 fecisse
2232 1451 2246 1494 ε
2297 1451 2466 1496 nam

353 1563 585 1636 neque
616 1537 734 1610 ille
754 1537 780 1583 ⁵
819 1566 943 1638 per
973 1538 1410 1611 Marathonis
1451 1561 1523 1610 et
1556 1539 1971 1610 Plataearum
2001 1560 2068 1611 et
2096 1537 2468 1611 Salaminis

350 1674 904 1752 propugnatores
935 1673 1115 1726 recto
1150 1679 1322 1725 sono
1341 1651 1639 1753 juravit,
1674 1680 1802 1724 nec
1829 1651 1994 1723 ille6
2023 1652 2303 1726 Thebas
2333 1682 2468 1728 ser·

352 1793 564 1839 mone
601 1766 897 1840 deflevit.
938 1769 1058 1839 Est
1089 1766 1237 1838 his?
1278 1765 1545 1839 diversa
1578 1793 1739 1855 vox,
1780 1788 1848 1839 et
1879 1766 2123 1866 paene⁸
2155 1788 2339 1840 extra
2363 1797 2468 1841 or·
2516 1784 2614 1854 169

348 1905 617 1980 ganum
640 1894 695 1970 9,
748 1880 862 1953 cui
910 1880 1136 1954 Graeci
1161 1896 1219 1927 ¹⁰
1242 1907 1516 1954 nomen
1547 1884 2033 1957 amaritudinis
2074 1883 2420 1957 dederunt
2444 1942 2463 1975 ‚

346 2086 596 2144 ceptum,
620 2093 646 2119 α
666 2091 834 2145 quum
863 2072 955 2127 tali
982 2076 1181 2128 actioni
1208 2073 1360 2128 locus

354 2172 379 2197 α
400 2162 496 2203 est.
519 2173 542 2199 υ
578 2149 803 2225 Bon-m]

425 2248 446 2283 1
456 2269 469 2282 .
486 2228 785 2284 Pleniore...
797 2231 994 2287 canali.
1014 2230 1360 2307 :Metaphora

357 2332 382 2358 ι
398 2325 480 2364 est
526 2311 686 2365 ducta
737 2330 770 2365 a
816 2313 948 2366 tubis
994 2327 1049 2366 et
1093 2314 1365 2367 canalibus

356 2413 379 2439 ι
399 2390 823 2463 aquoeductuum.
852 2394 931 2444 Ita
958 2395 1100 2445 enim
1128 2405 1358 2445 transtu·

355 2491 381 2518 ι
398 2469 460 2524 lit
501 2470 572 2523 ad
614 2471 861 2524 arteriam
905 2471 1169 2525 tracheam
1183 2510 1202 2537 ,
1249 2490 1362 2544 quae

352 2572 377 2597 α
396 2549 600 2603 canalis
622 2563 704 2602 est
725 2552 890 2605 vocis.
912 2575 936 2598 a
975 2551 1184 2604 Pseudo
1198 2553 1362 2604 ·Tur-

347 2630 535 2685 nebus.
550 2630 823 2698 VideVH,
851 2650 909 2698 2,
933 2632 1024 2686 51.

421 2728 470 2763 a.
504 2712 631 2762 Jam
662 2713 881 2773 antid,-
915 2713 991 2764 sic
1010 2711 1187 2764 Turio.
1216 2711 1355 2764 Flor.

345 2790 529 2844 Ambr.
572 2809 631 2856 2,
668 2791 842 2845 Guelf.
873 2792 1038 2845 Cam».
1073 2811 1195 2845 eum
1224 2790 1353 2845 Obr.

346 2871 464 2942 (qui
486 2883 540 2923 et
563 2889 687 2923 mox
709 2869 984 2936 habentia,
1012 2871 1188 2942 male).
1216 2872 1358 2925 Nam

346 2966 392 2999 c.
399 2947 636 3021 ‚reliqui.
651 2949 971 3022 Sensumque
991 2951 1355 3024 respinasunt,

345 2988 525 3079 Time.
550 3027 869 3110 Sensumque
892 3028 1184 3100 respinant,
1216 3029 1355 3081 Flor.

348 3105 427 3157 Ex
451 3104 556 3158 hoc
580 3100 756 3159 maliin
783 3107 1038 3159 efficere.
1071 3109 1362 3179 sensimque

349 3184 732 3256 resupinantur.
760 3214 835 3224 —-
861 3186 1043 3237 Nostri
1068 3188 1191 3258 jam
1229 3205 1360 3239 can·

345 3262 454 3318 tici.
480 3265 574 3316 Eo.

397 3342 512 3398 3.V
508 3343 589 3395 oei
599 3343 877 3415 responden
885 3356 920 3396 t.
929 3382 941 3395 .
951 3383 963 3395 .
975 3343 1359 3398 inclinationes.

346 3422 614 3475 omittunt
630 3421 761 3474 Tur.
789 3422 930 3474 Flor.
959 3421 1117 3474 solito
1142 3439 1362 3496 propter

347 3501 755 3555 homoeoarcton
793 3521 990 3555 errore.
1041 3503 1360 3577 Utramque,

346 3582 527 3633 Turio.
550 3579 694 3633 Flor.
723 3609 798 3620 --
826 3582 927 3632 Pro
965 3582 1078 3635 voci
1105 3581 1241 3634 Van.
1267 3580 1359 3635 lib.

349 3660 462 3713 RB.
493 3662 554 3727 8,
576 3676 641 3729 9,
666 3678 804 3712 voce.
828 3662 924 3713 En.

424 3739 475 3806 4.
503 3738 872 3792 Demosthenes
901 3749 1057 3812 atque
1076 3737 1360 3793 AEschines.

358 3845 383 3869 ιι
401 3823 466 3872 V.
483 3819 547 3872 G.
569 3819 663 3872 Ille
682 3818 809 3872 huic
823 3839 921 3891 pro
938 3821 1137 3873 Coron.
1159 3839 1207 3872 c.
1229 3837 1318 3890 9ο,
1335 3845 1358 3869 ιι

347 3900 441 3972 (p.
456 3896 581 3951 Rsk.
599 3898 732 3963 322,
759 3898 817 3969 3)
842 3921 865 3944 ιι
881 3895 1096 3966 'nram
1112 3896 1195 3952 ‘nir
1215 3896 1364 3964 φανὴ

353 4004 378 4028 ιι
399 3975 482 4030 nni
525 3976 738 4045 'ysynfleic
781 3975 865 4029 nai
909 3978 1221 4047 λαρυγγίζειν.
1270 3980 1365 4031 Hic

353 4082 379 4107 ι
396 4077 524 4111 vero
549 4054 739 4128 διήυιι
760 4071 814 4111 et
842 4054 968 4111 τίνοι
995 4058 1077 4114 ‹ri-‘e
1109 4058 1258 4124 φονῖς
1289 4057 1367 4110 illi

358 4163 385 4188 ι
405 4138 593 4211 obiicit
615 4156 751 4210 0³72
779 4153 833 4191 et
856 4157 935 4211 sq.
953 4162 975 4187 ι
995 4136 1205 4209 (contra
1221 4139 1362 4191 Ctes.

348 4237 471 4293 pag.
492 4218 617 4272 usk.
636 4217 783 4287 602).
816 4242 839 4265 σι
857 4217 1238 4289 Jusjuranaelum
1270 4236 1366 4289 per

534 4308 586 4375 4.

1447 2099 1470 2122 σι
1490 2073 1844 2130 Marathonis.
1866 2117 1878 2129 .
1901 2116 1913 2128 .
1941 2088 2356 2151 propugnatores
2385 2092 2466 2131 est

1447 2176 1470 2200 α
1490 2173 1538 2207 e.
1554 2157 1658 2220 60,
1677 2175 1777 2228 pro
1798 2158 2010 2209 Corona
2031 2181 2054 2205 ιι
2081 2156 2168 2228 (p.
2194 2157 2317 2210 Rsk.
2341 2175 2464 2228 297,

1449 2251 1466 2284 1
1484 2234 1550 2303 ι).
1580 2234 1743 2286 -Vide
1763 2236 1865 2302 IX,
1890 2255 1917 2288 2
1935 2274 1954 2302 ,
1977 2235 2224 2303 62;X11‚
2254 2253 2345 2301 ro,
2375 2237 2492 2303 ²4⁸

1451 2336 1474 2359 σι
1492 2315 1825 2366 Lamentatio
1868 2328 2046 2367 autem
2088 2313 2350 2367 AEscbinis
2394 2314 2462 2369 de

1449 2391 1722 2457 astabis,
1744 2412 1792 2444 c.
1813 2393 1911 2463 49,
1934 2406 2121 2444 contra
2141 2391 2465 2464 Ctesiphon·-

1449 2485 1645 2524 «tem»
1623 2470 1762 2543 »(p.
1799 2471 1926 2525 Rsk.
1968 2469 2135 2541 544)·
2178 2481 2287 2521 «No
2267 2472 2461 2536 oglon-r·

1448 2551 1598 2622 ‘eps'
1638 2549 1936 2618 ‘Alcameni'
1977 2571 2059 2603 ‘¹'ss
2093 2566 2259 2611 πύλη,
2291 2571 2362 2603 ‘3'ss
2349 2568 2462 2616 'xm'

1449 2629 1834 2694 «mampsis,
1857 2627 2161 2700 ὅμπρίοιιςοι
2152 2629 2299 2692 ’κιόῃ
2321 2646 2455 2685 ete.»

1442 2710 1734 2764 Gesner-us.

1514 2791 1563 2845 5.
1580 2793 1768 2865 Neque
1780 2789 1931 2844 ille...
1948 2809 2044 2843 nec
2060 2791 2171 2845 ille.
2183 2793 2243 2844 In
2259 2792 2462 2864 duplici

1442 2868 1562 2937 ille,
1591 2870 1711 2922 vide
1730 2874 1802 2936 11,
1827 2870 1887 2934 8,
1912 2887 1989 2922 ιι.
2024 2872 2242 2923 Rectum
2269 2890 2458 2924 sonum

1441 2962 1495 3000 et
1543 2967 1831 3002 sermonem
1878 2951 2130 3019 conjungi
2178 2949 2455 3023 eidemque

1438 3029 1514 3079 rei
1541 3026 1897 3096 significandae
1930 3025 2169 3079 adhiberi
2201 3042 2459 3100 apparet,

1441 3106 1583 3159 velut
1612 3106 1772 3159 modo
1797 3106 1968 3178 §.162
1986 3146 2004 3174 ,
2029 3126 2204 3161 vocem
2230 3111 2459 3161 sermoni

1437 3188 1796 3259 proximam...
1816 3207 2000 3241 sonum
2022 3189 2312 3261 simplicem
2326 3229 2341 3254 ‚
2370 3192 2459 3243 cui

1442 3269 1735 3338 opponitur
1969 3270 2106 3320 vocis
2132 3267 2212 3338 (5.
2246 3271 2376 3339 170)
2403 3284 2455 3323 et

1436 3345 1673 3418 plasma,
1707 3345 1801 3397 sed
1841 3344 1943 3397 tale
1982 3346 2130 3417 quod
2165 3346 2456 3419 reprehen-

1443 3428 1592 3477 sione
1615 3423 1775 3494 vulgo
1795 3423 1921 3474 huic
1936 3422 2199 3475 vocabulo
2224 3424 2457 3476 haerente

1442 3516 1620 3555 eareat
1641 3523 1654 3553 τ
1674 3501 1796 3554 vide
1815 3502 1883 3553 de
1899 3501 2158 3572 plasmate
2180 3505 2228 3568 1,
2253 3504 2314 3568 8,
2342 3521 2389 3554 2.

1515 3584 1568 3634 6.
1594 3581 1708 3634 Nec
1731 3579 1839 3632 ille.
1867 3580 1999 3631 Van.
2024 3579 2115 3631 nb.
2140 3578 2192 3650 (a
2217 3599 2325 3632 sec.
2348 3599 2456 3632 ma-

1446 3666 1577 3726 nu),
1597 3662 1706 3713 RR.
1731 3662 1791 3723 8,
1816 3677 1880 3728 9,
1906 3678 1999 3712 nec
2024 3660 2121 3712 hic.
2146 3662 2239 3712 En.

1518 3759 1566 3811 7.
1595 3743 1685 3792 list
1703 3742 1797 3793 his.
1819 3741 2092 3792 Tur-icens,
2117 3740 2258 3792 Flor.
2272 3778 2289 3804 ,
2310 3752 2363 3793 et
2380 3742 2460 3796 luis

1444 3820 1662 3873 diversa.
1689 3821 1882 3884 Caum,
1905 3830 1954 3870 et
1973 3830 2049 3871 est
2074 3817 2125 3871 Ιι.
2151 3819 2204 3872 d.

1519 3901 1571 3952 8.
1598 3901 1774 3951 Paene.
1792 3899 1926 3951 Van.
1948 3899 2039 3952 lib.
2065 3900 2120 3969 (a
2144 3918 2251 3952 sec.
2270 3903 2456 3972 manu)

1444 3981 1553 4032 RR.
1578 3977 1727 4042 3,5,
1753 3980 1814 4046 8,
1838 3996 1899 4049 9,
1931 3996 2025 4045 ιο,
2053 3996 2135 4045 ιι,
2155 3978 2329 4050 plene.
2359 3983 2451 4032 En.

1518 4078 1566 4130 9.
1594 4060 1763 4110 Extra
1799 4077 2074 4134 organum.
2108 4058 2242 4111 Vide
2276 4058 2319 4128 §.
2354 4061 2454 4128 40,

1444 4153 1557 4191 not.
1582 4157 1643 4205 α,
1668 4156 1788 4208 pag.
1814 4137 1919 4190 315
1943 4136 2167 4208 hujusce
2192 4137 2452 4191 editionis.

1524 4234 1606 4271 ῐο.
1641 4217 1808 4270 Groeci
1843 4235 2036 4270 nomen
2071 4217 2453 4270 amaritudinis.

2141 4306 2208 4358 26
