3200 5159
647 493 1302 565 INSTITUTIONIS
1338 493 1594 559 ORAT.
1630 491 1800 557 LIB.
1840 491 1998 573 XII,
2050 515 2071 556 1
2094 514 2144 555 1.

995 617 1312 716 adeoque
1378 615 1638 687 discere
1708 614 1995 686 meliora
2058 611 2454 685 volentibus

355 647 551 694 mam
618 620 864 721 genuit
900 651 919 710 ;

2323 489 2443 556 581

354 758 763 836 promptum
794 757 925 826 est,
951 758 1028 808 ut
1057 761 1214 808 vere
1247 731 1545 804 intuenti
1575 729 1840 802 mirum
1871 730 1954 802 sit
1981 728 2160 801 illud
2191 727 2453 827 magis,

357 854 579 925 malos
627 880 766 926 esse
818 874 960 924 tam
1004 849 1287 922 multos».
1346 852 1530 920 Nam
1580 868 1657 919 ut
1696 861 1919 945 aqua¹
1971 844 2313 945 piscibu8‚
2377 863 2456 915 ut
2493 857 2553 910 13

355 965 535 1038 sicca
590 964 878 1039 terrenis
904 1022 925 1055 ‚
971 965 1437 1037 circumfusus
1485 962 1689 1034 nobis
1734 960 2009 1062 spiritus
2052 958 2457 1056 volucribus

351 1082 722 1172 convenit3
766 1083 861 1153 ita
888 1101 1066 1153 certe
1110 1079 1383 1152 facilius
1430 1105 1573 1152 esse
1619 1075 2010 1176 oportebat,
2064 1073 2457 1148 secundum

357 1217 740 1289 naturam„
802 1223 1018 1296 quam
1081 1217 1326 1267 contra
1378 1221 1537 1267 eam
1595 1193 1842 1265 vivere.
1905 1194 2209 1263 Caetera²
2254 1216 2456 1279 vero,

358 1310 623 1382 etiamsi
656 1331 926 1383 aetatem
956 1331 1263 1382 nostram
1293 1336 1437 1381 non
1463 1308 1684 1407 spatio
1708 1305 2079 1380 senectutis
2096 1363 2116 1397 ,
2140 1304 2260 1378 sed
2287 1325 2464 1378 tem-

355 1450 520 1522 pore
546 1423 575 1469 3
628 1424 1106 1521 adolescentiae
1147 1425 1554 1513 metiamur,
1601 1423 1885 1495 abunde
1927 1420 2185 1494 multos
2219 1420 2308 1491 ad
2353 1419 2464 1490 di-

354 1541 696 1614 scendum
729 1569 949 1614 annos
988 1542 1289 1614 habent:
1341 1541 1581 1613 omnia
1625 1541 1815 1613 enim
1859 1538 2172 1612 breviora
2220 1536 2465 1611 reddet

360 1656 563 1740 ordo,
600 1676 665 1729 et
693 1656 903 1747 ratio,
940 1676 1006 1728 et
1035 1656 1308 1728 moduS.
1356 1656 1491 1729 Sed
1537 1655 1747 1755 culpa
1791 1655 1989 1726 estin
2031 1651 2463 1754 praeceptori-
2498 1660 2563 1727 14

359 1771 491 1843 bus
522 1771 747 1870 prima
764 1769 817 1862 4,
861 1771 983 1870 qui
1025 1771 1323 1843 libenter
1357 1769 1674 1843 detinent
1706 1797 1879 1870 quos
1908 1788 2421 1868 occupaverunt
2439 1826 2472 1857 ,.

361 1888 614 1987 partim
645 1887 1022 1986 cupiditate
1057 1887 1317 1958 diutius
1351 1886 1673 1985 exigendi
1705 1886 2173 1975 mercedulaS,
2205 1886 2464 1985 partim

364 2001 781 2090 ambitione,
813 2028 955 2100 quo
989 2000 1346 2073 difficilius
1372 2001 1458 2073 sit
1491 2000 1679 2099 quod
1716 2002 2167 2100 pollicentur,
2205 2000 2464 2100 partim

360 2114 570 2187 etiam
603 2116 958 2187 inscientia
989 2115 1340 2205 tradendi,
1371 2116 1480 2189 vel
1508 2115 2019 2215 negligentia53
2047 2116 2362 2214 proxima
2388 2114 2463 2188 in

362 2229 599 2320 nobie„
644 2231 767 2330 qui
810 2232 1062 2302 morari
1101 2231 1173 2301 in
1211 2257 1292 2301 eo
1327 2230 1515 2329 quod
1551 2232 1911 2321 novimuS,
1961 2257 2173 2329 quam
2204 2229 2462 2302 discere

362 2372 516 2453 quae
555 2345 882 2418 nondum
928 2347 1220 2437 scimus»,
1265 2346 1518 2419 melius
1556 2334 1909 2447 putamus.
1964 2349 2146 2445 Nam
2197 2367 2275 2417 ut
2318 2344 2459 2418 ⁶de
2500 2358 2570 2413 15·

364 2535 527 2584 ticum
551 2532 695 2605 apud
719 2536 887 2588 Cicer.
920 2532 987 2587 de
1008 2526 1157 2588 Orat.
1182 2538 1235 2601 1,
1263 2535 1331 2605 47
1355 2556 1368 2586 ε

369 2632 392 2657 ι
410 2611 619 2681 Quibus
656 2613 711 2665 id
750 2632 1060 2683 persuasum
1099 2628 1270 2678 esset,
1314 2627 1372 2665 ut

369 2712 392 2736 ιι
410 2690 543 2743 nihil
568 2693 783 2745 mallent
809 2711 864 2745 se
884 2711 998 2746 esse
1016 2710 1177 2764 quam
1196 2691 1369 2744 bonos

369 2793 392 2817 α
412 2772 578 2836 viros,
614 2773 677 2825 iis
716 2771 978 2844 reliquam
1011 2772 1224 2825 facilem
1253 2792 1369 2826 esse

369 2873 392 2897 ιι
411 2849 728 2904 doctrinam.
752 2876 775 2900 ιι

444 2948 485 2981 ι.
515 2930 585 2981 Ut
600 2950 759 3004 aqua.
787 2933 856 2984 Ut
871 2942 1059 3005 atque,
1082 2932 1222 2986 Flor.
1248 2934 1373 2985 Tor-

366 3011 528 3077 renis,
570 3008 743 3072 idem„
776 3012 1155 3081 Cir-cumfusum
1168 3049 1185 3077 ,
1230 3012 1371 3064 Flor.

367 3087 541 3141 Guelf.
568 3090 701 3142 Cerit
728 3106 829 3159 pro
858 3100 991 3142 certe
1019 3091 1158 3143 Flor.
1185 3092 1376 3143 Coetero

369 3187 473 3240 pro
496 3180 676 3221 coetera
693 3169 869 3222 Guelf.
896 3170 1075 3223 Etiam
1099 3170 1378 3236 scietatem,

372 3248 511 3301 Flor.
549 3249 651 3302 Sed
685 3268 897 3323 corpore
941 3247 1378 3316 adulescentiam,

372 3326 497 3379 Tur.
514 3327 654 3379 Flor.
671 3325 797 3398 (nisi
811 3327 952 3401 quod
970 3347 1032 3380 ex
1048 3327 1155 3381 hoc
1169 3347 1381 3401 corpore

372 3421 579 3461 tantum
593 3409 840 3479 affertur)
853 3408 1029 3463 Guelf.
1047 3428 1209 3481 marg.
1223 3409 1377 3462 Basil.

373 3489 696 3554 Motiamur,
728 3490 906 3541 Turic-
947 3488 1033 3540 Ad
1066 3489 1343 3542 dicendum
1358 3527 1376 3554 ,

376 3569 538 3621 Goth.
553 3568 677 3639 (tac.
689 3569 890 3640 G.esn).
907 3570 1378 3638 Ratioetmundos,

374 3647 515 3700 Flor.
535 3649 596 3700 R.
622 3667 665 3700 e.
692 3650 939 3712 mundus,
962 3647 1139 3701 Guelf.

449 3741 498 3777 2.
519 3728 729 3779 Coetera.
746 3727 978 3797 Respicit
996 3724 1064 3779 ad
1079 3727 1226 3798 prim
1244 3726 1377 3779 illud

377 3816 430 3856 et
454 3806 647 3876 majus,
676 3802 723 3875 §.
758 3820 777 3855 t
793 3821 835 3856 ι.

444 3885 497 3938 3.
525 3885 779 3956 Tempore
816 3883 1189 3938 adolescentia.
1221 3887 1377 3938 Tem-

373 3983 500 4056 ppt,
526 3983 689 4036 quum
713 3964 1009 4036 opponitur
1031 3968 1180 4036 quasi
1204 3967 1377 4037 spatio

372 4038 452 4092 τὸν
475 4061 601 4109 ampo
607 4063 629 4094 r
648 4042 944 4113 significare
970 4056 1123 4096 acute
1146 4044 1202 4095 in
1224 4043 1378 4097 sche-

373 4117 455 4171 dis
484 4133 664 4172 monet
686 4120 1042 4194 Spaldingius.

438 4196 489 4264 4.
511 4197 752 4253 Prima...
775 4208 1177 4273 occupaverunt.
1199 4202 1377 4254 Tui-ie.

1450 2535 1591 2591 Flor.
1613 2536 1789 2603 Guelss
1803 2575 1819 2603 ‚
1837 2537 2008 2607 prima
2028 2538 2122 2611 qui
2143 2537 2364 2589 libenter
2376 2535 2462 2587 de·

1452 2616 2040 2689 tinentoccupaverunt,
2059 2636 2179 2669 cum
2200 2615 2459 2667 Almelov.

1451 2694 1637 2748 Prima
1667 2696 1888 2749 libenter
1905 2694 2192 2748 detinentes
2206 2713 2432 2767 puerum
2443 2735 2461 2762 ,

1448 2777 1603 2827 Voss.
1629 2792 1678 2827 α.
1700 2776 1764 2827 Ρ.
1790 2775 1826 2827 1.·
1847 2774 2190 2826 detinentibus
2208 2792 2459 2845 puerum,

1452 2853 1616 2907 Goth.
1635 2856 1799 2908 Cnn.
1826 2868 1880 2906 et
1902 2852 2022 2907 edd.
2045 2866 2168 2905 ante
2191 2852 2324 2905 Obr.
2349 2871 2461 2905 acc.

1453 2935 1679 3006 Capper.
1702 2937 1895 2987 Nostra
1919 2935 1972 2985 in
1997 2951 2164 3003 marg.
2183 2932 2339 2985 Basil.
2365 2950 2462 2985 no·-

1454 3026 1565 3065 tata
1585 3012 1655 3064 ab
1674 3012 1805 3066 Obr.
1826 3014 1995 3083 primo
2017 3023 2233 3082 recepta
2248 3024 2346 3063 est.
2366 3014 2464 3063 Cu·-
2487 3050 2492 3055 ·

1455 3093 1761 3165 piditatem,
1784 3091 1927 3143 Flor.
1961 3091 2199 3156 Divitiis,
2228 3089 2463 3143 Florent.

1459 3172 1635 3225 Guelf.
1663 3170 2054 3236 mercedulam,
2087 3170 2258 3222 Cute.
2282 3169 2470 3225 Ambiv-

1463 3254 1535 3305 tio
1548 3291 1564 3316 ,
1579 3254 1758 3305 Turio.
1779 3251 1922 3303 Flor.
1943 3250 2117 3302 Guelf.
2149 3251 2303 3321 Quod
2321 3250 2468 3322 diffl,

1461 3333 1638 3385 Turi-e.
1661 3331 1800 3383 Flor.
1825 3331 1907 3383 Sit
1929 3330 2180 3382 omittunt
2197 3331 2470 3383 Tur-icens.

1458 3411 1602 3464 Flor.
1641 3410 1816 3463 Guelf.
1858 3409 2220 3480 [nsipientiam
2234 3446 2251 3473 ,
2291 3411 2468 3462 Turio.

1459 3490 1600 3542 Flor.
1634 3489 1976 3560 Insipientia‚
2003 3487 2181 3539 Guelf.
2216 3488 2466 3554 Inscitia,

1460 3569 1621 3622 Goth.
1643 3567 1769 3640 (tac.
1786 3564 1971 3637 Gesn.)
1989 3569 2149 3620 Cau».
2171 3566 2290 3619 Ald.
2313 3567 2464 3621 Basil.

1461 3663 1514 3702 et
1539 3651 1850 3721 posteriorr.
1876 3660 2001 3700 ante
2023 3647 2161 3701 Obr.
2187 3647 2464 3713 deenti,

1456 3731 1730 3782 Turicens.

1532 3810 1582 3861 5.
1626 3807 1728 3861 Vel
1763 3805 2098 3881 neqliqentia.
2146 3804 2247 3860 Vel
2288 3805 2467 3879 negle-

1453 3887 1616 3962 gendi
1630 3925 1645 3951 ‚
1675 3888 1851 3939 'Fut-ic.
1877 3885 2016 3937 Flor.
2042 3885 2220 3938 Guelf.
2242 3883 2360 3956 (sed
2378 3883 2468 3936 hie

1458 3984 1556 4036 per
1578 3964 1646 4034 i).
1679 3965 1983 4017 Proximam
2009 3963 2064 4013 in
2090 3964 2262 4030 nobis,
2285 3964 2463 4015 Tun-ic.

1460 4042 1766 4094 Proximam
1787 4041 1958 4105 nobis,
1979 4041 2145 4092 Cum
2162 4040 2229 4093 In
2247 4059 2307 4094 eo
2325 4042 2469 4114 quod

1450 4121 1608 4173 nobis
1625 4119 1841 4182 discere,
1866 4120 2043 4171 Turic.
2066 4117 2208 4170 Flor.
2234 4116 2411 4170 Guelf.

1532 4201 1587 4253 6.
1602 4202 1752 4254 Nam
1770 4211 1828 4251 ut
1849 4199 1930 4252 de.
1950 4197 2149 4264 Guelf.‚
2168 4216 2293 4249 nam
2311 4209 2364 4252 et
2384 4197 2465 4251 de.
