3200 5159
775 485 814 549 8
1590 484 2056 550 EDITORIS

773 632 973 694 moria
995 639 1354 720 sequuntur,
1383 641 1448 707 et
1476 624 1618 690 haec
1643 628 1730 691 ita
1755 627 2188 716 explicantem
2225 656 2252 685 α
2275 626 2438 693 dum
2461 626 2862 695 antecedenss

751 776 803 805 ..ι
828 763 963 812 tem
998 746 1282 810 litteram
1321 744 1670 821 memoria,
1712 766 1833 808 nec
1871 762 2262 835 sequentem
2291 747 2532 811 intuitu
2563 769 2868 837 sequun-,

775 890 800 919 c«
823 862 974 927 tur?
995 891 1021 920 n
1056 859 1252 943 Quod
1278 858 1440 948 quid
1467 860 1579 940 sit,
1605 875 1748 935 aut,
1775 861 1830 926 si
1856 860 2016 950 quid
2044 877 2169 940 est,
2198 861 2537 951 quomodo
2562 885 2643 926 ex
2669 884 2856 927 more

765 975 878 1040 illo
907 977 1269 1041 litterarum
1302 974 1571 1039 nomina
1602 965 1782 1062 prius
1809 997 2007 1063 quam
2038 976 2281 1041 formas
2314 952 2610 1040 discendi
2636 978 2853 1040 enasci

714 1073 993 1181 ‘queat’
1039 1101 1173 1157 non
1214 1089 1688 1180 facile'aliquis
1730 1088 2003 1171 dixerit,
2046 1114 2301 1182 neque,
2347 1089 2677 1182 quidquid
2713 1108 2850 1170 est,

740 1193 1088 1272 'deteriore
1113 1204 1277 1269 illud
1302 1205 1598 1269 oratione
1622 1204 1906 1293 proferri
1927 1209 2165 1293 potuit.
2191 1207 2401 1288 Quale
2423 1222 2646 1271 autem
2669 1204 2846 1270 istud

744 1303 881 1384 ⁷viri
923 1320 1254 1411 judicium
1295 1337 1426 1398 est,
1471 1343 1690 1409 quum·
1728 1321 1796 1384 in
1842 1323 2337 1408 perversissima
2379 1321 2488 1385 illa
2525 1319 2848 1409 loquendi

750 1415 965 1499 forma
990 1439 1049 1515 1,
1080 1441 1148 1517 4,
1178 1435 1247 1516 5,
1281 1458 1417 1526 quoe
1435 1437 1752 1522 (musica)
1775 1437 1882 1501 vel
1899 1437 2033 1502 sola
2055 1442 2231 1504 omni
2253 1437 2596 1503 studiorum
2621 1460 2847 1526 qenere

745 1550 889 1641 plus
918 1537 1152 1616 'habeat
1186 1554 1391 1642 operis
1417 1575 1611 1641 quam
1646 1556 2100 1631 ostentationis,
2140 1554 2521 1619 facillimam
2557 1538 2842 1618 certississ

752 1688 1066 1757 mamque
1110 1668 1176 1729 in
1215 1684 1366 1731 ante
1408 1670 1583 1731 omni
1619 1668 2050 1733 inserentium
2093 1668 2424 1735 medelam
2455 1667 2746 1756 respuit,
2777 1682 2844 1730 et

746 1780 1105 1847 ablativum
1140 1757 1595 1873 comparandi,
1632 1786 1932 1873 quamvis
1967 1765 2185 1851 statim
2211 1786 2594 1874 subjiciatur
2615 1806 2838 1874 quam,

745 1917 1109 1983 agnoscens
1123 1947 1139 1976 ,
1161 1896 1341 1962 hunc
1358 1899 1727 1987 approbare
1747 1918 2025 1965 conatur
2046 1900 2343 1968 adhibito
2367 1901 2650 1967 ablativo
2675 1901 2841 1965 aesti-

742 2012 998 2092 tuandi,
1042 2014 1252 2103 qualis
1293 2032 1391 2079 est
1426 2016 1494 2079 in
1532 2015 1749 2081 hisce:
1785 2046 1812 2075 a
1836 2041 1958 2081 uno
1996 2016 2095 2082 die
2131 2018 2281 2106 plus
2314 2018 2481 2093 vixi,
2516 2038 2716 2106 quam
2743 2016 2838 2078 vi—

749 2157 775 2186 «
799 2128 1091 2194 vendum
1126 2130 1284 2210 fuit,
1309 2160 1336 2189 ι»
1375 2131 1873 2221 similibusque?
1907 2133 2081 2217 Quid
2118 2157 2319 2223 porro
2356 2131 2833 2198 intolerabilius

742 2267 939 2334 quam
965 2245 1147 2334 quod
1177 2249 1244 2310 in
1271 2246 1525 2312 difficili
1550 2248 1664 2312 illo
1696 2246 1781 2312 de
1810 2251 2281 2337 cognominum
2309 2248 2563 2336 origine
2586 2248 2735 2311 loco
2766 2246 2830 2324 Ι,

737 2364 810 2439 4,
842 2359 952 2438 25,
985 2383 1186 2449 quem
1214 2375 1600 2446 corruptum
1630 2360 1836 2448 magis
1866 2363 2063 2425 etiam
2093 2362 2417 2450 corrupit,
2444 2360 2657 2452 posita
2681 2373 2833 2447 post

732 2494 968 2536 vocem
1002 2470 1232 2538 Scauri
1262 2473 1512 2561 majore
1550 2474 2117 2562 interpunctione,
2152 2500 2401 2542 novum
2440 2498 2704 2542 sensum
2742 2475 2831 2538 ita

737 2587 1036 2665 inchoat,
1071 2586 1375 2678 Taliaque
1411 2602 1473 2653 et
1507 2612 1586 2652 ex
1623 2611 1772 2653 casu
1803 2596 2186 2657 nascentium
2207 2619 2226 2656 .·
2264 2593 2408 2658 hinc
2431 2593 2822 2683 Aqrippa....

730 2716 944 2784 erunt,
988 2720 1063 2769 ut
1109 2703 1383 2795 taliaque
1433 2705 1517 2769 sit
1561 2728 1683 2793 pro
1733 2706 1884 2771 talia
1922 2733 2207 2801 quoque,
2257 2711 2324 2774 in
2369 2734 2502 2799 quo
2552 2732 2822 2775 securus

728 2821 939 2884 utitur
965 2817 1158 2882 valde
1196 2816 1464 2883 lubricis
1498 2819 1794 2886 virorum
1832 2822 2182 2890 doctorum
2214 2824 2300 2889 ad
2332 2824 2498 2888 Vell.
2537 2826 2599 2903 1,
2636 2823 2819 2904 8‚·2‚

726 2932 901 2998 Flor.
945 2934 1055 3011 IV,
1101 2953 1175 3013 2,
1216 2932 1335 3020 95,
1381 2932 1971 3023 disputationibus;
2019 2961 2167 3027 quae
2211 2956 2289 3004 ut
2327 2939 2457 3004 alio
2502 2937 2817 3005 adhibitae

720 3048 1100 3114 certissimae
1130 3048 1287 3128 sint,
1324 3064 1477 3113 sunt
1500 3065 1719 3115 tamen
1748 3074 1785 3115 a
1807 3051 2213 3136 Quintiliano
2239 3071 2307 3117 et
2331 3052 2415 3117 ab
2443 3050 2573 3118 hoc
2608 3053 2815 3141 potis—

626 3223 629 3226 ,
716 3164 957 3229 simum
987 3163 1312 3242 loco,‘ubi
1343 3165 1662 3252 particula
1695 3179 1756 3230 et
1787 3166 2163 3247 intercedit,
2189 3169 2621 3234 alienissimae.
2647 3169 2813 3251 Quae

717 3280 971 3370 singula
1012 3280 1165 3347 ideo
1203 3283 1619 3362 monuimuS,
1659 3298 1733 3347 ut
1769 3284 2055 3349 nimiam.
2079 3275 2568 3374 Sarpii'famam
2597 3285 2812 3349 immi·

711 3416 1105 3476 nueremus,
1139 3410 1342 3485 atque
1374 3417 1458 3459 ne
1489 3397 1640 3485 quis
1677 3379 1851 3462 illius
1884 3419 2087 3487 opere
2117 3396 2202 3464 ad
2239 3398 2602 3488 Spaldingii
2636 3421 2806 3487 opus

709 3509 1181 3576 infirmandum
1203 3510 1608 3578 abuteretur.
2749 3535 2764 3540 ·

791 3623 968 3708 Quid
999 3623 1083 3689 de
1107 3627 1505 3714 Buttmanno
1534 3627 1864 3709 dicemus,
1893 3631 2076 3721 quod
2098 3634 2237 3724 jam
2263 3634 2435 3700 fama
2463 3656 2600 3699 non
2624 3655 2795 3724 prae-

707 3737 982 3805 dixerit?
1003 3739 1168 3807 Satis
1189 3763 1310 3829 per
1334 3764 1405 3808 se
1429 3746 1937 3812 commendatur
1954 3749 2055 3813 vir
2084 3749 2195 3815 ille
2221 3751 2468 3838 ingenii
2491 3750 2795 3815 acumine

704 3870 770 3917 et
808 3853 1107 3920 doctrina
1142 3858 1751 3946 praestantissimus,
1787 3860 1872 3926 de
1906 3862 2140 3931 litteris
2175 3881 2314 3929 tum
2354 3865 2613 3953 graeciS,
2652 3881 2796 3930 tum

700 3970 921 4036 latinis
956 3970 1129 4037 bene
1164 3976 1474 4056 meritus,
1517 3974 1753 4065 dignus
1788 3978 2150 4070 Spaldingii
2181 4003 2537 4062 successor,
2569 3998 2636 4047 et
2664 3984 2793 4047 exi-

695 4082 868 4148 mius
890 4084 1276 4166 Quintiliani
1299 4089 1649 4178 interpres.
1675 4093 1796 4158 Cui
1828 4111 1899 4158 ut
1923 4095 2133 4185 justas
2162 4095 2392 4163 laudes
2416 4097 2790 4186 rependere
