3200 5159
644 428 1297 497 INSTITUTlONlS
1333 427 1588 493 ORAT.
1630 429 1792 494 LIB.
1832 430 1990 510 XII,
2031 455 2094 518 9.
2293 431 2417 499 505

328 552 498 624 suris
519 551 758 650 datur.)
779 609 798 642 ,
828 573 980 625 tum
1004 579 1218 625 causae
1249 552 1707 639 contrarium,
1734 554 1899 650 quia
1918 569 1935 599 ¹
1968 551 2422 653 planeadver·

329 667 523 758 sarii,
557 669 736 740 fiunt
754 690 821 741 et
841 668 1145 759 inimici,
1177 690 1243 740 et
1266 668 1974 766 quantulumcunque
1996 667 2132 739 eis²
2162 668 2416 739 virium

333 801 461 869 est,
512 782 935 855 contumelia
967 804 1281 881 augetur.
1320 784 1542 880 Super
1575 782 1815 855 omnia
1857 782 2034 880 perit
2078 782 2227 872 illa,
2267 809 2418 879 quae
2465 813 2524 847 ια

331 894 720 992 plurimum
767 897 1060 969 oratori3
1099 918 1166 970 et
1198 897 1622 969 auctoritatis
1671 917 1737 969 et
1771 897 1933 968 fidei
1978 898 2212 987 affert,
2261 923 2421 969 mo-

333 1010 583 1102 destia,
629 1014 685 1085 si
725 1041 769 1085 a
803 1015 949 1087 viro
989 1015 1176 1087 bono
1225 1014 1298 1085 in
1340 1014 1658 1086 rabulam
1702 1014 2232 1113 latratoremque
2274 1041 2427 1087 con·

332 1127 656 1218 vertitur,
705 1129 1131 1227 compositus
1169 1156 1312 1200 non
1353 1128 1444 1200 ad
1481 1129 1807 1201 animum
1839 1128 2092 1229 judicis
2120 1186 2139 1217 ‚
2177 1129 2296 1201 sed
2339 1129 2426 1200 ad

335 1242 769 1315 stomachum
804 1243 1186 1342 litigatoris,
1221 1246 1650 1340 Frequenter
1681 1243 1890 1314 etiam
1920 1242 2180 1342 species
2213 1243 2426 1314 liber·
2471 1255 2532 1307 13

330 1355 525 1427 tatis-'⁵
554 1357 890 1430 deducere
915 1359 1002 1430 ad
1028 1359 1489 1431 temeritatem
1519 1359 1728 1449 solet,
1759 1386 1904 1432 non
1936 1359 2153 1450 causis
2179 1359 2423 1450 modo,

335 1473 453 1545 sed
490 1474 653 1573 ipsis
681 1502 996 1573 quoque,
1033 1478 1156 1573 qui
1193 1476 1550 1565 dixerunt,
1583 1476 2083 1574 periculosam:
2122 1501 2248 1547 nec
2283 1477 2426 1548 im-

334 1588 575 1661 merito
617 1590 954 1662 Pericles⁵
1001 1585 1263 1663 solebat
1304 1612 1575 1696 optare,
1613 1617 1701 1660 ne
1741 1589 1930 1687 quod
1963 1587 2096 1661 sibi
2135 1588 2428 1660 verbum

336 1704 406 1773 in
462 1726 772 1778 mentem
821 1707 1082 1779 veniret
1108 1766 1126 1797 ,
1181 1733 1345 1805 quo.
1368 1704 1669 1807 populus
1729 1706 2198 1779 offenderetur
2229 1734 2244 1776 τ
2308 1706 2430 1777 sed

336 1819 523 1917 quod
575 1819 690 1893 ille
740 1821 824 1893 de
871 1820 1173 1923 populo,
1217 1823 1292 1893 id
1339 1848 1466 1920 ego
1515 1822 1600 1895 de
1644 1822 1972 1896 omnibus
2014 1820 2265 1912 sentio,
2312 1821 2432 1919 qui

343 1936 785 2008 tantumdem
815 1958 1107 2037 possunt
1139 1964 1427 2010 nocere:
1464 1964 1631 2009 nam
1663 1964 1816 2035 quae
1845 1937 2081 2025 fortia,
2113 1936 2286 2007 dum
2322 1935 2434 2006 di-

341 2071 626 2141 cuntur,
658 2052 1108 2143 videbantur,
1143 2055 1350 2127 stulta
1367 2113 1386 2146 ,

1424 2080 1651 2155 quum
1679 2052 2005 2125 laeserunt
2026 2109 2045 2142 ,
2078 2070 2430 2123 vocantur.

340 2169 546 2240 Nunc
585 2168 795 2267 quia⁶
825 2171 1136 2243 varium7
1183 2173 1325 2245 fere
1362 2169 1796 2272 propositum
1848 2168 2210 2269 agentium
2260 2167 2434 2258 fuit,
2481 2187 2541 2254 14

417 2335 461 2370 1.
493 2319 628 2388 Quia
652 2319 873 2392 plane...
905 2321 1129 2374 inimici.
1160 2320 1348 2374 Insoli-

340 2409 424 2447 tus
444 2398 586 2448 vocis
602 2396 766 2468 plane
784 2401 1005 2469 positus.
1027 2402 1162 2452 Nam
1185 2419 1347 2472 quum

340 2488 669 2547 exspectares
703 2477 775 2528 ita
809 2477 1008 2530 dictum
1049 2501 1071 2524 αι
1093 2481 1216 2551 quia
1255 2478 1346 2531 ad-

347 2576 370 2599 «
389 2556 601 2606 versarii
616 2555 749 2606 fiunt
761 2555 921 2627 plane
938 2559 1183 2624 inimicis·
1205 2576 1347 2610 nunc

336 2631 500 2704 plane
518 2631 587 2684 ad
610 2645 775 2684 totam
800 2635 1089 2686 orationem
1115 2647 1347 2705 spectat,

338 2732 439 2784 pro
460 2731 525 2764 eo
546 2712 691 2785 quod
708 2713 919 2785 plenius
937 2716 1010 2767 ita
1029 2715 1209 2768 efferri
1229 2733 1348 2787 pos-

342 2793 410 2844 sis
440 2813 462 2836 u
484 2793 604 2863 quia
633 2791 686 2842 id
712 2789 871 2862 plane
897 2792 1141 2858 efficitur,
1166 2806 1227 2845 ut
1253 2793 1349 2845 ad-

346 2871 605 2922 «versarii
636 2870 764 2922 fiant
801 2883 852 2922 et
891 2872 1101 2923 inimici.
1124 2895 1147 2919 a·
1185 2872 1345 2923 Recte

341 2961 518 3001 autem
544 2948 808 3001 distinctio
838 2949 905 3001 ab
935 2949 1208 3003 Obrechto
1243 2952 1350 3021 pri-

340 3046 486 3080 mum
505 3029 709 3081 invecta
729 3041 835 3093 est,
855 3046 923 3081 ne
934 3032 1154 3100 jungas:
1183 3028 1349 3101 noui)

346 3129 370 3151 κ
391 3105 521 3158 fiunt
538 3105 694 3177 plane
709 3105 994 3159 adversarii
1014 3120 1065 3158 et
1085 3107 1299 3159 inimici.
1321 3131 1344 3154 ι

416 3203 463 3238 a.
504 3185 597 3238 Eis
612 3207 631 3246 ,·
672 3186 746 3238 sie
782 3186 960 3238 Turic.
1000 3185 1142 3239 Flor.
1186 3187 1345 3238 Csur.

333 3265 442 3332 Jis,
466 3265 639 3317 Guelf.
666 3263 828 3317 Goth.
853 3266 996 3318 Jens.
1019 3262 1143 3336 (tac.
1165 3265 1351 3333 Gesn.)

344 3356 397 3396 et
421 3340 540 3395 edd.
571 3355 691 3414 ante
714 3343 866 3395 Basil.
890 3346 980 3416 qui
1000 3343 1108 3411 his,
1129 3363 1251 3395 cum
1272 3361 1350 3395 re-

341 3420 515 3493 liquis.
542 3420 743 3475 Vitium
766 3420 1005 3494 sphalma
1025 3420 1179 3474 Tarv.
1202 3419 1351 3491 quod

344 3503 669 3573 repetierunt
703 3503 1025 3572 posteriores
1064 3514 1186 3553 aute
1225 3499 1348 3553 Bad.

343 3600 466 3634 cum
490 3582 609 3652 ipso
633 3579 751 3631 Ald.
778 3580 991 3633 Jurium
1005 3618 1024 3646 ,
1050 3580 1212 3632 Cant.

417 3662 468 3713 3.
499 3660 706 3714 Orator-i
732 3670 785 3711 et
807 3659 1144 3712 auctoritatis.
1176 3657 1351 3711 Guelf.

343 3750 396 3791 et
415 3740 622 3791 omittit.
643 3738 922 3811 Iasi-abula
934 3776 952 3803 ‚
974 3738 1155 3789 Turic.
1179 3735 1355 3808 Infra·

344 3818 518 3871 bulum
535 3858 554 3886 ,
595 3818 736 3871 Flor.
785 3817 852 3869 In
897 3816 1163 3882 tabulam,
1209 3819 1352 3870 Jens.

344 3901 501 3951 Tar-v.
517 3899 663 3971 quod
678 3896 919 3970 sphalma
936 3916 1101 3968 quum
1116 3896 1356 3964 verbose,

347 3993 411 4031 ut
426 3979 585 4044 solet,
605 3994 657 4031 et
675 3991 934 4031 memorat
952 3992 1005 4030 et
1026 3979 1240 4049 corrigit
1256 3976 1358 4029 ho-

348 4077 437 4112 mo
462 4059 640 4111 fatuus
664 4076 791 4110 sane
815 4071 867 4110 et
889 4056 1154 4127 gloriosus
1180 4057 1356 4108 Meru-

351 4137 422 4206 la,
434 4136 654 4189 mendax
669 4139 854 4189 iterum
874 4135 1017 4188 audit
1032 4137 1351 4189 Burmanno.

1428 2322 1706 2374 Latronem
1748 2317 1843 2391 qui
1855 2357 1874 2385 ‚
1911 2317 2089 2369 Turic.
2134 2316 2437 2368 Latronem-

1428 2419 1557 2473 que,
1578 2397 1719 2450 Flor.

1498 2479 1550 2545 4.
1583 2477 1865 2530 Libertatis.
1897 2475 2129 2527 Florent.
2148 2514 2166 2542 ‚
2196 2473 2436 2527 liberatis.

1426 2560 1473 2610 T
1475 2559 1607 2610 uric.
1633 2557 1804 2623 Flor.,
1832 2557 1952 2627 ipsis
1977 2573 2183 2627 quoque
2209 2553 2441 2605 dixerint

1427 2635 1822 2708 opericulosam.
1847 2636 2009 2686 Cane.
2026 2672 2044 2700 ‚
2067 2632 2435 2704 periculosum.

1426 2714 1529 2781 ld.‚
1551 2716 1606 2765 in
1630 2723 1817 2766 mente.
1834 2714 1962 2764 Tur.
1979 2711 2143 2778 Pleu,
2159 2729 2252 2784 eqo
2272 2711 2443 2763 omni-

1430 2796 1541 2848 bus.
1563 2794 1750 2859 Caum,
1765 2812 1811 2843 e.
1827 2804 1938 2845 eto.
1957 2791 2098 2843 Flor.
2116 2791 2211 2864 qui
2230 2793 2436 2847 omittit.

1428 2873 1431 2878 '
1501 2873 1550 2926 5.
1574 2870 1815 2925 Pericles.
1839 2871 1974 2924 Plut.
1992 2873 2046 2923 in
2062 2873 2210 2934 Vita,
2228 2889 2283 2942 p.
2305 2870 2436 2937 284:

1421 2949 1518 3001 ’Διὶ
1541 2950 1654 3019 σρός
1681 2947 1734 3002 τὸ
1764 2950 1901 3014 mm
1922 2948 2131 3016 βαδίζον
2157 2946 2323 3012 »ὅχηο
2348 2947 2442 3003 τοῖς

1428 3029 1556 3084 θεοῖς
1572 3025 1697 3095 padi
1720 3028 1844 3097 ῥὶἶμι
1856 3025 2001 3092 {ufir
2027 3026 2231 3078 ιἰπισιῖν
2257 3023 2444 3083 εἴκοντος

1429 3106 1584 3159 αὑτοῦ
1629 3105 1750 3175 apic
1803 3103 1885 3158 ‘niv
1935 3101 2233 3172 οροκιιμὶνιιν
2282 3102 2443 3173 χρείαν

1431 3184 1739 3256 ἀνάρμοστον.
1767 3187 2103 3257 Quamquam
2129 3187 2183 3236 in
2205 3183 2288 3236 his
2312 3183 2443 3236 nihil

1430 3268 1647 3340 proprie
1672 3265 1738 3318 de
1768 3265 2098 3337 offensione3
2123 3278 2181 3316 ut
2202 3264 2445 3326 videatur

1433 3359 1524 3399 aut
1551 3344 1868 3398 Plutarchus
1902 3343 2095 3411 latius,
2128 3345 2447 3396 aut.Noster

1432 3426 1707 3496 angustius
1730 3421 1982 3476 extulisse
2003 3420 2216 3473 Periclis
2241 3432 2450 3474 senten-

1434 3504 1576 3555 tiam.
1598 3531 1672 3542 -
1695 3501 1779 3554 Sic
1803 3501 1990 3572 incipit
2013 3503 2242 3552 rusticus
2269 3512 2448 3551 orator

1433 3581 1576 3655 apud
1592 3582 1666 3633 La
1681 3581 1951 3648 Fontaine,
1964 3579 2055 3654 lib.
2067 3579 2157 3645 xl,
2169 3578 2274 3630 fab.
2291 3595 2338 3647 7.
2351 3580 2444 3630 En.

1503 3662 1554 3714 6.
1569 3663 1730 3714 Nunc
1743 3660 1866 3732 quia
1883 3660 2102 3714 varium.
2120 3661 2263 3711 Jens.
2276 3697 2293 3725 ‚
2310 3678 2451 3711 nunc

1435 3742 1529 3814 qui
1566 3742 1788 3792 varium.
1819 3739 2056 3805 Tarvis.‚
2095 3737 2235 3788 hunc
2270 3736 2363 3809 qui
2399 3758 2444 3790 v.

1435 3817 1576 3870 Flor.
1597 3855 1615 3884 ‚
1644 3834 1773 3869 vere.
1810 3816 2083 3869 Guelferb.
2100 3854 2118 3883 ,
2148 3815 2447 3887 facilitatis.

1436 3897 1633 3963 Goth„
1655 3898 1809 3948 modo
1837 3897 2048 3948 tradere.

1510 3994 1560 4047 7.
1584 3974 2035 4046 Varium-..fuit,
2052 3983 2157 4024 et...
2176 3972 2447 4025 Iabomvit.

1436 4051 1781 4108 Memorabile
1805 4052 1964 4125 hujus
1988 4052 2209 4124 perfecti
2233 4050 2448 4120 ἀορίστου
2479 4049 2485 4054 ’
2542 4121 2546 4125 .

1435 4131 1579 4205 apud
1625 4151 1795 4204 prosa:
1836 4134 2147 4204 scriptorem
2186 4129 2208 4199 (
2221 4148 2341 4183 nam
2382 4130 2449 4183 de
