3200 5159
638 509 1280 578 INSTITUTIONIS
1315 511 1566 601 ORAT,
1608 513 1767 579 ΗΒ.
1805 510 1928 592 xl,
1975 535 2034 578 2.
2247 512 2371 580 265

303 633 465 713 dem
496 659 643 707 non
687 633 990 722 invenit,
1034 633 1245 723 fuisse
1298 654 1533 707 tamen
1580 655 1809 732 gratos
1850 661 2010 733 erga
2055 661 2125 708 se
2176 634 2426 735 'deos3

196 794 205 805 ·
304 747 488 825 exitu
524 747 884 848 comperit.
911 750 1091 820 Nam
1126 747 1233 820 vix
1259 775 1341 820 eo
1372 747 1588 821 limen
1607 762 1635 795 ²
1669 775 1973 847 egresso,
2003 747 2378 821 triclinium
2408 758 2473 812 13

304 860 483 934 illud
515 888 734 962 supra
779 860 1093 934 convivas
1143 859 1468 951 corruit³‚
1515 882 1727 960 atque
1763 861 1854 934 ita
1884 859 2265 952 confudit&
2305 881 2383 934 ut

304 1001 449 1049 non
474 1002 600 1049 ora
625 974 838 1048 modo
868 1001 1383 1074 oppressorum,
1417 976 1537 1048 sed
1566 974 1884 1048 membra
1907 975 2113 1047 etiam
2143 974 2382 1048 omnia

308 1089 732 1189 requirentes
749 1088 839 1160 ad
853 1090 1284 1188 sepulturam
1311 1089 1681 1189 propinqui
1705 1089 1899 1161 nulla
1918 1109 2079 1161 nota
2105 1108 2384 1188 possent

309 1202 713 1276 discernere.
730 1206 919 1276 Tum
940 1203 1330 1275 Simonides
1350 1202 1602 1276 dicitur
1627 1229 1899 1276 memor
1917 1201 2224 1293 ordine-⁶,
2242 1229 2382 1302 quo
2455 1262 2462 1272 .

308 1319 607 1418 quisque
631 1317 1094 1409 discubuerat,
1124 1345 1410 1416 corpora
1434 1318 1577 1391 suis
1597 1318 2125 1391 reddidisse.Est
2148 1338 2379 1390 autem
2415 1327 2480 1395 ¹4

306 1433 605 1533 magna⁶
652 1435 828 1507 inter
867 1455 1174 1508 auctores
1230 1434 1590 1525 dissensio,
1627 1436 1989 1508 Glaucone
2033 1432 2343 1533 Carystio
2365 1488 2385 1521 ,

303 1608 463 1664 keub.
484 1611 556 1664 ad
581 1613 692 1665 Liv.
715 1608 965 1678 XXXIX,
996 1611 1077 1678 13,
1110 1611 1203 1684 3.).
1232 1614 1308 1665 Ex

302 1688 443 1743 Alm.
472 1689 506 1741 i.
527 1689 685 1743 lamo.
703 1690 863 1743 Goth.
894 1690 1314 1744 desiderabantur

301 1788 334 1821 a
357 1789 441 1841 pr.
480 1787 638 1821 mauu
677 1787 798 1821 mox
839 1768 1307 1842 subterpunssendo

300 1846 515 1900 sustulit
534 1884 554 1913 ,
597 1865 694 1899 nec
740 1847 1029 1919 quidquam
1071 1850 1310 1920 reposuit

299 1925 435 1996 (err.
460 1927 619 1980 Gesn.
635 1925 675 1998 ).

384 2022 427 2057 t.
454 2006 602 2058 Deos.
637 2003 813 2061 Guelf.
838 2006 1029 2069 Cauta,
1051 2022 1157 2069 eos,
1183 2022 1307 2056 cum

298 2082 441 2137 Alm.
467 2096 526 2135 ut
562 2084 755 2150 fertur,
790 2102 948 2155 quein
972 2097 1146 2135 tamen
1183 2101 1305 2135 eum

298 2162 478 2213 Turio.
494 2161 633 2214 Flor.
649 2176 884 2214 nostrum
899 2160 1026 2214 dare
1037 2163 1278 2233 suspicor
1288 2199 1307 2227 ,

303 2237 451 2311 quod
474 2237 543 2290 ab
560 2238 688 2292 Obr.
712 2239 836 2291 inde
860 2239 1079 2292 obtinet.
1100 2237 1306 2310 Reliqui

305 2320 585 2379 omittunt;
623 2315 691 2368 ad
726 2335 859 2389 qnos
892 2316 1047 2370 rediit
1081 2316 1303 2388 Cnpper.

304 2413 403 2447 cor
437 2395 525 2446 ille
556 2394 812 2447 Zenodoti
842 2413 951 2446 non
982 2393 1182 2446 habens
1209 2412 1306 2446 uec

296 2479 453 2546 jecur
470 2474 706 2526 Cratetis.
731 2475 1056 2525 Burmannus
1076 2472 1310 2525 similiter

303 2553 528 2605 confusa
560 2550 914 2613 demonstrat,
949 2563 1008 2601 ut
1030 2550 1171 2622 apud
1198 2552 1306 2603 Liv.

304 2631 360 2696 1,
387 2646 445 2681 ²1
469 2667 487 2695 ,
509 2630 571 2696 3,
612 2628 706 2681 ubi
736 2642 912 2680 tamen
946 2647 1053 2681 non
1085 2627 1311 2680 admittit

306 2707 575 2762 Dmltenb.
614 2725 714 2761 sese
758 2706 970 2759 dantem
1004 2704 1163 2771 Obr.;
1206 2726 1315 2759 non

307 2785 504 2859 probo.
529 2786 748 2838 —ValL
771 2785 862 2840 lib.
887 2786 992 2837 ΗΒ.
1015 2802 1077 2855 7,
1109 2803 1159 2838 tt
1180 2824 1198 2852 ,
1215 2803 1313 2839 eos.

310 2865 580 2916 Omittunt
601 2862 747 2915 Poul.
766 2861 901 2915 Van.
919 2861 1009 2915 Ιὼ.
1034 2862 1142 2933 (hic
1158 2882 1188 2915 a
1207 2881 1312 2915 sec.

310 2942 506 3014 mauu)
526 2944 635 2995 RR-
656 2944 720 3008 8,
741 2960 805 3012 9,
836 2958 916 2994 ιο.
941 2944 1033 2993 Eu.

387 3038 436 3074 a.
459 3022 540 3073 Eo
562 3020 744 3073 limen.
768 3021 906 3073 Flor.
936 3022 1117 3073 inserit
1140 3018 1282 3072 uitta
1295 3057 1313 3085 ‚

310 3119 436 3153 cum
455 3099 592 3152 Alm.
616 3118 726 3152 non
749 3101 922 3152 Turic.
949 3098 1116 3168 (vide
1132 3098 1230 3164 XI,
1262 3114 1277 3148 t
1298 3135 1315 3163 ,

314 3177 442 3248 78.).
475 3180 555 3231 De
578 3189 841 3230 structura
863 3189 1086 3249 recepte
1110 3174 1227 3228 vide
1253 3179 1318 3243 V,

324 3272 418 3321 ιο,
440 3255 528 3325 96.

385 3334 438 3387 3.
473 3334 687 3386 Corruit.
717 3333 925 3399 Turio„
947 3332 1174 3405 eorfuit.

386 3413 437 3480 4.
467 3411 744 3484 &qs-adit,
769 3423 856 3473 ατς
886 3412 962 3462 sic
993 3409 1154 3464 Goth.
1197 3427 1317 3461 cum

316 3494 470 3545 Voss.
489 3509 540 3559 a,
556 3489 700 3544 nodl.
723 3503 775 3544 et
788 3489 910 3543 edd.
932 3503 1054 3541 aute
1070 3487 1188 3541 Ald.
1204 3507 1316 3541 acc.

316 3570 444 3625 Bad-
473 3571 843 3643 confunditur,
856 3571 1030 3623 Turic.
1054 3569 1193 3621 Flor.
1210 3568 1319 3639 (hic

321 3649 534 3723 quidem
577 3665 608 3700 a
639 3666 745 3701 sec.
776 3645 967 3719 manu)
991 3647 1152 3699 Cute.
1187 3644 1321 3716 (sed

316 3728 703 3798 hiesubjuncto
718 3727 876 3778 etiam
890 3724 991 3794 ut).
1012 3724 1321 3796 confundit,

320 3808 494 3861 Guelf.
520 3807 747 3877 (omisso
771 3810 879 3874 ut).
922 3803 1212 3877 Covtfundit
1234 3815 1321 3870 ut,

318 3885 461 3938 Flor.
476 3902 598 3937 cum
616 3883 753 3936 Alm.
770 3883 977 3953 Reliqui
991 3881 1226 3935 contudit
1246 3891 1321 3935 ut.

320 3962 489 4017 Modo
523 3979 676 4033 super
707 3960 869 4014 Goth.
916 3962 1042 4013 Mox
1078 3971 1321 4032 ponant,

321 4042 463 4096 Flor.
494 4040 669 4094 Guelf.
704 4043 812 4093 Pru
838 4040 1200 4094 contundendo
1227 4060 1326 4093 au-

327 4135 431 4174 tem
458 4124 783 4175 Burmannus
807 4123 962 4173 etiam
988 4119 1178 4192 probat
1200 4139 1325 4172 nos-

324 4214 495 4267 trum,
520 4198 793 4273 appellans
822 4198 1003 4252 locum
1026 4198 1178 4254 ovid.
1212 4200 1327 4252 Me-

1386 1626 1512 1666 tam.
1540 1616 1616 1677 V,
1641 1612 1737 1675 58,
1770 1630 1969 1683 suaque
1992 1610 2060 1664 ad
2084 1612 2385 1664 Petronium

1387 1705 1635 1744 annotata
1659 1711 1707 1743 c.
1742 1692 1856 1744 105.
1887 1721 1954 1732 -
1975 1689 2168 1743 Eadem
2193 1690 2387 1755 nostri,

1385 1773 1485 1823 nisi
1513 1769 1657 1841 quod
1676 1769 1824 1821 abest
1842 1767 2081 1820 contudit
2103 1778 2178 1818 ut.
2203 1769 2294 1819 Eu.

1458 1848 1508 1902 ⁵.
1538 1847 1748 1901 Ordine.
1775 1845 1892 1898 Ald.
1916 1844 1977 1916 (e
2000 1846 2146 1915 Regii
2170 1845 2390 1914 conjec-

1383 1929 1539 1991 tura)
1579 1926 1805 1991 ordinis,
1834 1943 1956 1976 cum
1980 1924 2126 1977 editt.
2166 1936 2388 1995 postet-r.

1385 2017 1505 2057 ante
1522 2006 1693 2056 Burm.
1711 2022 1822 2056 acc.
1840 2003 2063 2074 Capper.
2078 2000 2385 2057 —SolusR.

1386 2099 1448 2152 7,
1471 2082 1680 2135 ordinis.
1705 2082 1798 2133 Eo.
1823 2109 1892 2122 -
1916 2079 2109 2133 Ordine
2122 2096 2228 2151 quo
2245 2078 2388 2151 quis—

1383 2179 1496 2234 que.
1536 2162 1657 2213 aare
1695 2178 1858 2231 quum
1889 2161 1957 2211 sit
1981 2155 2385 2223 constansllibb.

1384 2253 1511 2293 vett.
1549 2241 1804 2311 scripturn
1819 2277 1837 2303 ,
1872 2237 2036 2290 nolim
2072 2236 2206 2289 illud
2244 2236 2389 2308 quod

1384 2320 1686 2389 conjectura
1699 2315 2133 2369 commendarunt
2144 2315 2391 2381 VV.DD.,

1386 2395 1579 2448 ordinis
1592 2396 1838 2468 praeferri.
1852 2393 1952 2448 sed
1967 2413 2034 2446 ne
2044 2407 2391 2465 transponere

1389 2474 1599 2546 quidem
1622 2492 1728 2546 quo
1751 2474 1930 2525 ordine
1949 2471 2190 2544 quisque,
2209 2470 2292 2524 vel
2315 2473 2390 2523 ita

1387 2552 1676 2621 intelligere
1703 2554 1915 2615 attinet,
1936 2550 2030 2603 sed
2055 2551 2278 2602 referam
2304 2568 2392 2600 or-

1393 2630 1513 2682 dine
1536 2629 1603 2682 ad
1624 2628 1908 2683 reddidisse.
1939 2629 1998 2681 lu
2022 2630 2166 2681 omni
2190 2628 2288 2681 alia
2314 2647 2395 2679 ra·

1396 2711 1537 2759 tione
1558 2708 1742 2774 Quint.
1762 2707 2086 2759 desc-tabuisset
2107 2707 2397 2776 scripturus

1392 2786 1625 2852 videtur,
1659 2805 1767 2837 uon
1790 2785 2130 2839 discubuerat.
2163 2787 2300 2838 Nam
2321 2786 2397 2837 sic

1396 2878 1447 2916 et
1470 2865 1655 2917 Cicero
1698 2887 1721 2910 ιι
1742 2862 1888 2934 quod
1918 2866 2265 2926 meminisset,
2288 2880 2396 2934 quo

1401 2964 1423 2986 ι
1444 2958 1628 2991 eornm
1670 2938 1791 2992 loco
1830 2941 2051 3010 quisque
2083 2940 2346 2993 cubuisset.
2366 2961 2390 2986 ι

1394 3017 1527 3070 Vide
1557 3016 1602 3089 §.
1633 3035 1661 3071 a
1691 3018 1872 3070 ordine
1891 3015 2133 3086 refutare.

1465 3097 1518 3149 6.
1552 3099 1810 3168 Magna...
1845 3096 2097 3147 dissensio.
2140 3097 2251 3148 Nos
2275 3096 2397 3167 qui·

1396 3175 1516 3229 dem
1533 3174 1735 3227 erudita
1757 3171 1887 3235 hoec,
1900 3174 2126 3243 Jupiter,
2145 3185 2198 3224 et
2214 3173 2398 3242 ingens

1396 3256 1749 3307 controversia
1763 3252 1914 3304 latuit
1925 3288 1944 3317 ,
1967 3250 2398 3305 intercidentibus

1397 3351 1600 3397 eorum,
1621 3334 1713 3402 qui
1727 3335 2017 3401 agitaruut,
2039 3331 2401 3399 grammatico-

1396 3429 1514 3463 rum
1528 3408 1793 3480 operibus.
1806 3409 1956 3475 Quos
1971 3426 2137 3478 quum
2151 3423 2404 3475 agnosca·
2458 3458 2464 3465 ,

1399 3506 1514 3540 mus
1549 3486 1862 3558 plerosque,
1890 3482 2226 3537 Alexandrini
2259 3482 2398 3536 illius

1398 3568 1562 3620 musei
1572 3566 1813 3618 alumnos
1823 3602 1841 3630 ,
1852 3567 2122 3636 negotium
2134 3575 2309 3615 tamen
2324 3564 2400 3615 fa-

1398 3657 1612 3699 cessunt
1633 3642 1926 3716 Eurypylus
1952 3655 2004 3695 et
2032 3640 2250 3713 Apollas
2279 3639 2403 3693 Cal-

1397 3722 1672 3776 limachus.
1709 3721 1950 3788 Quorum
1985 3720 2175 3791 prioris
2214 3718 2400 3769 notitia

1399 3804 1517 3857 erui
1550 3818 1706 3872 posse
1733 3800 1938 3852 videtur
1977 3798 2121 3852 nulla
2157 3797 2305 3871 (vide
2325 3799 2401 3861 X,

1399 3882 1462 3948 6,
1482 3881 1597 3952 4.);
1627 3879 1838 3933 alterius
1860 3896 2053 3930 nomen
2073 3878 2118 3930 si
2139 3876 2400 3929 diversum

1404 3974 1483 4014 est
1505 3960 1572 4012 ab
1601 3958 1696 4012 illo
1724 3958 1995 4010 clarissimi
2022 3968 2224 4028 poete,
2248 3954 2404 4027 plane

1404 4037 1705 4091 ludificatur
1721 4054 1818 4088 nos
1832 4053 1984 4087 casus
1995 4070 2013 4097 ,
2033 4051 2196 4103 quum
2213 4031 2418 4086 Suidas·

1404 4116 1489 4187 (v.
1535 4114 1827 4183 Σιμωνίδης)
1865 4111 2202 4175 Callimachi,
2247 4129 2402 4182 quem

1406 4197 1598 4249 diserte
1616 4196 1918 4265 Cyrenaeum
1940 4203 2123 4258 vocat,
2146 4192 2404 4262 epigram-
