3200 5159
1312 502 1424 577 M.
1465 502 1694 565 FAssu
1731 501 2287 584 QUINTILIANI

766 647 1105 728 praecepta
1138 625 1535 725 reliquerit?
1562 626 1822 725 dignus
1849 627 1958 700 vel
1989 628 2140 727 ipso
2170 629 2521 730 proposito
2539 686 2559 721 ,
2595 648 2673 700 ut
2697 652 2869 702 eum

663 760 731 815 25
766 742 965 814 scisse
995 740 1233 813 omnia
1257 739 1378 812 illa
1402 741 1789 814 credamus,
1818 746 1944 814 Aa·
1983 744 2314 843 perficere
2346 766 2623 817 tantum
2653 768 2866 843 opust,

764 858 1150 947 arduum23
1197 878 1264 929 et
1311 884 1523 930 nemo
1576 858 1884 956 perfecit.
1941 862 2124 931 Ante
2183 859 2428 933 omnia
2480 859 2736 933 sufficit
2768 858 2866 930 ad

764 972 1315 1046 exhortationem
1358 973 1752 1046 studiorum
1779 974 1833 1063 3,
1876 1001 2020 1046 non
2066 975 2310 1047 cadere
2344 975 2422 1047 in
2466 1001 2702 1047 rerum
2743 1000 2870 1045 na-

764 1108 1034 1177 turam,
1071 1108 1149 1159 ut
1181 1086 1583 1187 quidquid4
1611 1114 1755 1164 non
1786 1109 1886 1160 est
1921 1089 2222 1180 factum,
2266 1117 2355 1163 ne
2391 1089 2540 1162 fieri
2578 1088 2868 1186 quidem

765 1204 1010 1304 possit3
1053 1203 1257 1275 tum⁵
1297 1204 1569 1293 omnia,
1612 1230 1764 1302 quae
1803 1231 2060 1304 magna
2101 1226 2266 1277 sunt
2302 1227 2513 1303 atque
2554 1204 2865 1278 admira-

766 1321 970 1411 bilia,
1013 1341 1293 1420 tempus
1340 1320 1664 1419 aliquod,
1709 1347 1851 1419 quo
1883 1322 2198 1421 primum
2235 1323 2711 1410 efficerentur,
2749 1320 2869 1392 ha·

665 1457 732 1511 36
766 1436 1023 1510 buisse.
1054 1437 1427 1526 Quantum
1461 1435 1705 1508 enim⁶
1731 1437 1956 1535 poesis
1982 1438 2072 1508 ab
2098 1439 2409 1509 Homero
2440 1458 2506 1509 et
2529 1435 2865 1536 Virgilio,

764 1572 1040 1625 tantum
1068 1550 1426 1649 fastigium
1460 1552 1726 1650 accepit
1762 1551 2161 1652 eloquentia
2188 1580 2230 1625 a
2261 1552 2734 1626 Demosthene
2764 1571 2872 1623 at-

765 1693 904 1766 que
956 1667 1333 1755 Cicerone3
1378 1668 1680 1765 denique
1727 1668 2078 1768 quidquid
2127 1690 2227 1741 est
2272 1669 2663 1768 optimum,
2707 1687 2872 1739 ante

768 1810 913 1855 non
937 1785 1460 1855 fuerat.Verum
1484 1785 1753 1857 etiamsi
1779 1786 1937 1885 quis
1965 1813 2246 1857 summa
2273 1786 2623 1884 desperet,
2653 1780 2873 1881 (quod

767 1926 892 1973 cur
916 1900 1146 1989 faciat,
1183 1900 1295 1972 cui
1324 1900 1719 2000 ingenium,
1743 1901 2087 1992 valetudo,
2112 1900 2427 1990 facultas»,
2453 1915 2871 2000 7praecepto-

768 502 895 591 590
972 508 977 513 ’

844 2087 890 2122 1.
917 2070 1002 2121 At.
1029 2069 1235 2136 Guelf.,
1258 2070 1573 2122 ad.--At...
1595 2070 1774 2144 perfe-
1838 2075 1999 2145 justoe
2038 2090 2204 2125 causoe
2246 2072 2302 2124 in
2338 2071 2592 2124 diversum
2635 2069 2865 2123 trahant.

765 2149 853 2202 cit.
906 2147 1171 2219 Objectio.
1214 2148 1355 2199 Ante
1404 2149 1620 2215 omnia,
1670 2163 1771 2201 etc.

767 2228 1077 2300 Responsio.

843 2326 889 2360 2.
924 2308 1165 2360 Arduum
1176 2328 1196 2367 ,·
1230 2307 1304 2357 sic
1326 2307 1600 2359 Tur-icens.
1633 2305 1772 2357 Flor.

765 2386 940 2438 Guelf.
966 2384 1126 2438 Goth.
1151 2385 1312 2436 Cam».
1338 2384 1430 2435 Est
1454 2383 1659 2435 addunt
1688 2403 1775 2435 re-

764 2464 913 2536 liqui.
945 2463 1184 2536 Peg-ficit,
1208 2464 1383 2514 Turie.
1409 2460 1584 2515 Guelf.
1610 2461 1771 2515 Goth.

764 2543 996 2614 (tacente
1009 2545 1209 2613 Genu).
1221 2542 1308 2594 Ad
1321 2542 1742 2593 exon-citationem
1754 2582 1773 2609 ,

763 2625 941 2675 Turio.
953 2621 1039 2673 Ad
1053 2620 1492 2687 exercitationem,
1502 2620 1676 2673 Guelf.
1689 2621 1776 2672 Ad

768 2700 1145 2765 hortationem,
1185 2699 1351 2751 Cau.
1396 2713 1480 2766 et,
1514 2701 1741 2769 junctim
1758 2736 1775 2767 ,

764 2777 1064 2832 Gothanus.

839 2859 889 2911 3.
915 2857 1217 2912 Studiorum
1232 2896 1252 2924 ,
1276 2874 1383 2908 non
1407 2855 1587 2908 cadere
1614 2858 1669 2909 in
1695 2876 1776 2908 re—

767 2956 916 2999 ram;
959 2940 1034 2990 sio
1071 2935 1198 2988 Bad.
1239 2937 1429 2998 tacite3
1469 2936 1740 2987 inventum
1756 2972 1774 3002 ,

768 3029 831 3068 ut
859 3015 1087 3082 videtur,
1123 3016 1178 3065 in
1202 3013 1339 3066 vall.
1380 3026 1432 3066 et
1466 3016 1541 3066 sic
1573 3013 1771 3087 Gryph.

764 3094 913 3150 Gibs.
941 3108 994 3149 et
1016 3095 1104 3147 alii
1127 3093 1270 3166 apud
1295 3096 1470 3146 Burm.
1496 3094 1572 3146 St.
1597 3112 1777 3165 capere

768 3174 838 3228 id.
869 3193 905 3226 r.
920 3213 937 3241 ‚
962 3175 1236 3226 Tur-icens.
1268 3173 1410 3225 Flor.
1438 3172 1613 3225 Guelf.
1649 3175 1772 3225 Exc-

765 3253 912 3307 Sant.
939 3271 1061 3304 cum
1088 3251 1225 3304 Alm.
1252 3251 1382 3322 (nisi
1411 3251 1557 3323 quod
1583 3270 1645 3304 ex
1668 3249 1774 3303 hoc

765 3332 978 3406 caper-id
995 3331 1079 3403 id)
1098 3332 1249 3384 Basil.
1271 3333 1346 3384 St.
1371 3349 1476 3382 non
1500 3348 1687 3401 cupere
1709 3349 1774 3399 r.,

764 3412 929 3466 Goth.
956 3410 1078 3483 (tac.
1102 3410 1289 3482 Gesn.)
1312 3410 1465 3462 Voss.
1498 3426 1526 3460 2
1551 3409 1634 3479 (nt
1662 3428 1775 3462 sns-

766 3494 937 3565 picot,
970 3489 1085 3541 vide
1117 3488 1324 3560 Burm.)
1354 3489 1515 3541 Cnnv.
1552 3488 1629 3540 Se.
1665 3506 1773 3540 non

760 3588 948 3642 capere
976 3588 1046 3633 r.,
1076 3570 1220 3622 Jens.
1252 3569 1483 3639 (tacente
1511 3566 1696 3638 Geen.)
1719 3579 1774 3618 et

765 3662 986 3721 postet-r.
1022 3660 1144 3699 ante
1180 3646 1308 3698 Bad.
1340 3647 1418 3698 St.
1453 3663 1557 3697 non
1587 3663 1772 3715 capere

760 3730 824 3782 id
843 3748 913 3792 r.,
939 3726 1149 3799 reliqui.
1165 3725 1300 3778 Vide
1321 3744 1445 3776 mox
1471 3724 1553 3776 26.
1580 3725 1649 3774 Id
1670 3743 1770 3796 pro

765 3811 821 3862 in
851 3813 903 3862 in
927 3809 1103 3860 Turio.
1129 3807 1255 3858 Non
1283 3824 1466 3877 capere
1497 3823 1606 3855 non
1634 3803 1774 3856 vide·

762 3904 851 3943 tur
868 3886 1049 3941 referri
1064 3903 1222 3957 posse
1238 3887 1338 3937 nisi
1359 3883 1426 3935 ad
1447 3901 1530 3935 res
1550 3883 1773 3935 nimium

762 3985 981 4040 magnas
999 4006 1015 4034 ,
1041 3964 1186 4037 quod
1209 3964 1334 4017 hinc
1354 3964 1618 4022 alienum;
1647 3981 1776 4015 noe-

762 4063 899 4101 tram
931 4048 1153 4099 formam
1187 4041 1352 4095 habes
1388 4044 1545 4094 etiam
1572 4041 1651 4108 ll,
1682 4058 1772 4112 17,

760 4129 866 4197 34,
898 4126 995 4178 hoc
1012 4141 1228 4197 *qaoque
1250 4124 1304 4175 in
1329 4133 1570 4175 naturam
1600 4139 1772 4174 rerum

758 4208 933 4275 cadit,
967 4219 1027 4260 ut
1048 4204 1176 4260 daos
1201 4204 1451 4276 sapientes
1477 4201 1768 4275 aliquande

1927 2151 1981 2218 4.
2026 2152 2098 2202 Ut
2135 2151 2412 2224 quidquid.
2461 2152 2539 2202 Eo
2582 2147 2865 2224 quicquid,

1854 2232 2030 2282 Tur-ic.
2052 2228 2193 2281 Flor.
2209 2228 2387 2282 Guelf.
2408 2231 2521 2282 Nec
2525 2226 2652 2301 fieri
2659 2266 2678 2294 ‚
2701 2230 2863 2279 Qut.

1854 2306 1985 2361 Obr.
2030 2307 2183 2378 Quod
2205 2326 2307 2379 pro
2331 2308 2574 2381 quidem,
2598 2306 2774 2361 Guelf.
2794 2336 2867 2346 -

1855 2388 2034 2439 Nostri
2059 2382 2257 2458 nefien'
2273 2386 2500 2460 quidm.
2527 2390 2620 2437 En.

1928 2466 1977 2519 5.
2024 2466 2180 2519 Tum.
2203 2505 2215 2517 .
2237 2506 2248 2517 .
2289 2465 2546 2527 habaina
2584 2467 2660 2519 sic
2695 2465 2862 2516 Can.

1858 2547 2048 2598 Cum...
2070 2544 2321 2599 habuisse.
2335 2547 2511 2597 Tur-ic.
2527 2543 2668 2596 Flor.
2686 2541 2864 2595 Guelf.

1856 2641 1980 2675 cum
2005 2622 2193 2675 Almel.
2223 2623 2419 2693 Quin...
2448 2623 2706 2689 habuisse,
2732 2621 2862 2675 Obr.

1860 2702 2050 2753 Cum...
2064 2699 2364 2767 habuerint,
2383 2701 2589 2771 reliqui,
2604 2703 2706 2752 nisi
2721 2696 2867 2771 quod

1856 2778 2178 2845 habuerunt,
2212 2778 2374 2833 Goth.
2398 2785 2554 2835 Voss.
2583 2798 2632 2832 2.
2667 2777 2870 2850 Aliqua

1854 2876 1985 2928 quo,
2014 2859 2288 2911 Tur-icens.
2319 2859 2383 2910 A.
2407 2858 2547 2930 quod
2559 2897 2579 2926 ,
2602 2857 2869 2911 Guelf.-

1854 2935 2049 2988 Eadem
2073 2940 2241 2989 nostri
2260 2935 2432 2989 codd.
2459 2937 2550 2988 En.

1923 3015 1976 3066 6.
1999 3016 2218 3068 Enim...
2242 3014 2486 3067 Homero.
2507 3015 2651 3067 Nam
2676 3027 2728 3068 et
2744 3032 2865 3086 poe-

1857 3102 1933 3145 tas
1963 3095 2028 3145 ab
2062 3092 2308 3157 homero,
2339 3094 2516 3145 Turio.
2550 3091 2684 3163 (nisi
2720 3089 2868 3162 quod

1855 3170 2054 3240 omero)
2073 3171 2307 3223 Floreat.
2335 3185 2387 3224 et
2409 3174 2464 3225 in
2487 3185 2663 3223 ratum
2687 3168 2864 3222 Guelf-

1854 3266 1976 3300 cum
1998 3249 2187 3301 Almel.
2222 3250 2364 3301 Nam
2398 3259 2450 3301 et
2473 3251 2635 3320 poesis
2664 3250 2730 3301 ab
2759 3248 2865 3315 H„

1854 3328 2016 3380 Cann’.
2039 3328 2180 3380 Nam
2207 3340 2461 3401 quantum
2486 3329 2651 3403 poesis
2671 3330 2738 3380 ab
2761 3329 2865 3394 H„

1854 3407 2031 3460 Guelf.
2067 3407 2128 3478 (a
2164 3426 2325 3460 manu
2358 3408 2505 3482 sem).
2535 3408 2865 3474 Vastt‘dium,

1853 3485 1997 3538 Flor.
2022 3486 2261 3559 Accipit,
2291 3487 2452 3540 Goth.
2476 3490 2621 3541 JenS.
2649 3500 2700 3539 et
2728 3499 2865 3558 post.

1853 3579 1974 3619 ante
1994 3566 2147 3618 Basa.
2172 3566 2224 3617 A
2248 3569 2499 3620 omittunt
2519 3569 2699 3620 Tur-ic.
2724 3565 2863 3618 Flor.

1850 3647 2012 3698 Cnn’.
2028 3663 2150 3696 cum
2169 3643 2307 3696 Alm.
2328 3646 2433 3716 Qui
2447 3665 2669 3710 summa,
2686 3647 2863 3697 Turio.

1851 3723 1993 3776 Flor.
2018 3722 2194 3777 Guelf.
2220 3723 2272 3792 (a
2300 3740 2382 3793 pr.
2410 3724 2612 3796 manu).
2638 3722 2791 3793 Quod
2810 3724 2866 3774 in

1852 3802 2122 3855 Guelferb.
2151 3821 2182 3855 a
2206 3802 2441 3856 secunda
2471 3822 2633 3856 manu
2662 3803 2862 3857 lacuna

1853 3885 2183 3954 inscriptum.

1926 3980 1978 4032 7.
2010 3964 2377 4034 Proeceptooe53
2407 3963 2481 4015 sic
2505 3962 2645 4015 Flor.
2673 3980 2861 4033 quam-

1855 4061 2015 4115 quam
2042 4061 2142 4114 per
2163 4060 2218 4107 e,
2256 4043 2348 4113 qui
2382 4044 2796 4114 superscriptum
2820 4057 2862 4091 s.

1852 4122 2172 4193 Proeceptore
2186 4160 2204 4188 ,
2228 4122 2408 4174 Turic.
2439 4121 2748 4193 Proeoeptor,
2776 4137 2862 4172 re-

1849 4201 2010 4274 liqui..
