3200 5159
598 511 605 520 .
682 444 1338 515 INSTITUTIONIS
1374 445 1629 511 ORAT.
1672 448 1834 514 LIB.
1872 450 2031 530 XII,
2082 475 2136 517 1.

2334 459 2461 544 4¹7

356 593 509 646 tum
529 631 549 665 ,
571 573 763 674 quod
780 630 799 664 ,
826 574 883 645 si
903 573 1005 646 vis
1024 573 1145 649 illa
1168 561 1443 644 dicendi
1464 570 1808 646 malitiam
1830 574 2257 672 instruxerit,
2286 579 2466 653 nihil

357 690 446 762 sit
472 689 772 790 publicis
812 690 1233 792 privatisque
1274 688 1485 761 rebus
1526 690 1987 788 perniciosius
2029 691 2465 794 eloquentia,

358 831 627 905 nosque
652 820 671 851 ¹
714 807 876 907 ipsi,
920 807 1044 905 qui
1087 834 1213 907 pro
1252 803 1431 876 virili
1473 826 1670 902 parte
1705 808 2021 880 conferre
2063 808 2329 908 aliquid
2375 812 2468 884 ad

358 921 762 996 facultatem
809 923 1093 997 dicendi
1138 920 1371 996 conati
1410 946 1690 1013 sumus,
1734 922 2033 1022 pessime
2075 951 2472 1001 mereamur

362 1037 451 1110 de
485 1039 695 1112 rebus
719 1039 1081 1131 humanis,
1113 1039 1171 1112 si
1204 1034 1461 1111 latroni
1501 1052 2029 1137 comparamus²
2064 1040 2470 1136 haecsarma,

364 1240 418 1279 et
440 1245 670 1299 poenam.
698 1228 907 1283 Gradus
935 1244 1014 1283 est
1039 1229 1107 1283 ab
1143 1243 1255 1283 arte
1277 1248 1378 1282 no-

362 1321 517 1360 cente
535 1309 601 1361 ad
626 1323 871 1362 naturam
895 1328 1198 1362 novercam.
1228 1311 1376 1373 Jam‚

362 1404 463 1460 pro
504 1385 597 1440 illo
642 1388 787 1460 quod
838 1388 1246 1460 exspectabatur
1289 1388 1379 1441 sed

363 1467 521 1518 etiam
532 1505 551 1533 ‚
597 1485 792 1538 magno
830 1486 953 1522 cum
991 1468 1192 1522 affectu
1214 1469 1377 1520 inter-

357 1547 489 1617 jecit
518 1569 530 1597 ε
575 1546 719 1616 Quid
743 1548 807 1600 de
836 1547 985 1601 nobis
1008 1547 1227 1620 loquor?
1259 1547 1377 1599 Ele-

361 1637 550 1696 ganter
566 1638 743 1677 autem
762 1626 1065 1678 instruxerit
1081 1625 1280 1678 dictum
1298 1637 1377 1677 est

366 1705 838 1778 quasiarmaverit,
864 1705 957 1758 sed
972 1705 1166 1774 levius,
1186 1719 1246 1758 ut
1260 1724 1383 1777 pos—

368 1797 449 1837 set
487 1804 609 1836 mox
651 1787 922 1854 insurgere
957 1786 1126 1837 oratio
1164 1786 1225 1838 iis
1264 1803 1378 1856 quoe

362 1878 730 1918 memorantur
744 1867 930 1933 parmis.
971 1862 1143 1916 Habet
1166 1882 1292 1917 sane
1314 1865 1385 1917 Id

363 1946 595 2018 aliquam
610 1958 885 1998 structurae
899 1943 1255 2010 insolentiam,
1272 1961 1377 2015 qua

362 2042 426 2081 ut
439 2026 765 2092 levarentur,
782 2023 987 2096 aliquot
1006 2024 1379 2091 editoresomi-

366 2119 577 2171 serunt,
614 2106 741 2158 satis
768 2103 952 2156 leviter
972 2102 1065 2155 illi.
1113 2101 1375 2175 Equidem

363 2204 666 2259 pronomen
712 2184 885 2242 refero
942 2182 1010 2235 ad
1055 2196 1380 2255 praeceptum

366 2264 530 2318 modo
554 2264 766 2330 datum,
803 2276 863 2314 ut
881 2262 964 2313 vir
983 2262 1142 2316 bonus
1168 2264 1236 2314 sit
1260 2280 1380 2314 ora-

368 2359 456 2399 tor
478 2386 496 2410 .‚
542 2365 641 2399 nec
677 2342 967 2415 quidquam
1006 2342 1243 2413 intelligo
1280 2344 1381 2394 nisi

364 2426 502 2479 illud
515 2427 691 2498 ipsum
705 2423 796 2484 sit,
812 2424 1197 2476 nominativum
1210 2439 1380 2492 agno-

354 2517 522 2560 'ocens
545 2507 599 2557 in
620 2502 887 2557 vocabulo
910 2499 1005 2566 Id,
1029 2519 1139 2554 non
1164 2519 1381 2554 accusa-

368 2588 563 2650 tivum,
601 2583 755 2655 quasi
792 2579 1161 2635 subaudiendo
1193 2582 1380 2653 μνη-οἰ.-

360 2666 458 2738 pio
469 2703 487 2732 ,
506 2664 619 2717 dico
630 2700 650 2727 ,
676 2680 790 2734 quae
812 2661 1036 2715 fortasse
1056 2658 1244 2729 aliquis
1260 2679 1382 2732 proa-

369 2745 481 2797 bet.
506 2744 610 2797 Sed
634 2740 1018 2813 simplicissima
1036 2741 1171 2791 ratio
1191 2753 1298 2808 eat,
1322 2754 1382 2793 ut

366 2827 445 2876 ita
492 2822 605 2874 haec
656 2818 941 2890 cogitando
995 2820 1383 2872 continuaverit

365 2904 591 2956 Noster:
629 2924 652 2949 α
671 2902 752 2952 vir
776 2899 952 2951 bonus
972 2899 1038 2951 sit
1057 2911 1264 2965 orator,
1288 2900 1384 2950 sit-

296 2967 325 3020 ,'
374 3005 400 3030 n
422 3001 525 3054 que
539 2981 594 3033 id
611 2979 687 3051 (id
704 2992 803 3045 est,
817 2976 958 3049 talia)
972 2995 1081 3028 non
1095 2989 1382 3049 propterea

377 3084 403 3111 ι
424 3060 597 3114 solum
609 3097 626 3125 ‚
645 3055 741 3110 sed
759 3080 782 3104 n
798 3095 817 3123 ‚
833 3070 935 3109 etc.
952 3056 1381 3108 —Buttmannus

371 3140 736 3214 Spaldingium
778 3140 834 3190 in
869 3136 953 3189 his
975 3135 1383 3206 interpretandis

370 3218 686 3289 Quintiliani
723 3215 898 3269 verbis
934 3228 1195 3267 errantem
1228 3217 1384 3267 mira·

370 3314 489 3356 ture
517 3298 716 3369 quippe
731 3296 981 3347 attentius
994 3291 1109 3345 haec
1132 3292 1386 3363 relegenti

368 3392 521 3452 patet
544 3376 676 3429 nihil
688 3377 751 3428 iis
766 3392 881 3427 esse
905 3373 1052 3445 quod
1070 3391 1101 3425 a
1124 3387 1385 3426 consueta

370 3454 628 3530 loquendi
644 3455 813 3506 forma
826 3450 1059 3517 recedat,
1074 3470 1250 3525 neque
1265 3470 1386 3504 ana-

370 3534 661 3599 coluthon,
685 3530 782 3585 sed
801 3533 1156 3601 interruptum
1181 3542 1385 3581 tantum

372 3616 709 3687 aliquatenus
737 3629 853 3664 ease
878 3628 1193 3662 sermonem.
1218 3610 1389 3663 Nimi-

372 3713 495 3748 rum
521 3692 758 3762 legitimo
781 3690 938 3762 plane
970 3687 1182 3742 vinculo
1211 3687 1407 3766 coliae-s

372 3787 495 3827 rent
516 3771 631 3826 haec
654 3770 723 3822 Id
748 3787 855 3820 non
881 3786 942 3820 eo
971 3777 1235 3819 tantum...
1266 3786 1389 3819 cum

373 3854 481 3908 illis
505 3851 551 3924 §-
576 3853 638 3915 3,
675 3849 903 3921 Lonqius
927 3846 1093 3899 tendit
1123 3846 1222 3898 Ιιοσ
1233 3846 1388 3920 judi-

374 3932 519 3985 cium
543 3947 735 3981 meum.
762 3926 855 3979 ma
879 3939 1083 3990 autem,
1115 3926 1307 3998 quibus
1334 3924 1393 3977 hi

378 4025 568 4066 sensus
600 4006 942 4072 distineatur,
992 4003 1135 4074 Quid
1159 4003 1225 4056 de
1251 4004 1395 4057 nobis

380 4081 612 4162 loquor?
654 4086 844 4138 Rerum
879 4084 988 4157 ipsa
1022 4096 1245 4148 natura,
1290 4098 1390 4137 etc.

378 4170 531 4242 prius
544 4164 689 4219 dicta
703 4166 1015 4219 continuant
1030 4163 1137 4217 hoc
1152 4164 1262 4220 fere
1284 4181 1397 4218 sen—

598 4253 650 4324 4.

1459 1245 1555 1280 su:
1588 1251 1612 1276 ι
1631 1229 1748 1283 Hoc
1787 1249 1898 1282 non
1926 1228 2048 1284 ideo
2077 1242 2283 1283 tantum
2321 1232 2476 1301 dico,

1463 1329 1488 1353 κ
1507 1308 1652 1380 quod
1689 1311 1989 1381 perniciosa
2014 1310 2142 1363 alias
2165 1310 2473 1365 hominibus

1463 1389 1573 1439 «sit
1616 1386 1951 1459 eloquentia,
1993 1407 2199 1460 nosque
2237 1393 2328 1461 qui
2358 1410 2475 1444 eam

1463 1488 1488 1512 κ
1506 1466 1794 1533 tradimus,
1834 1470 2064 1539 pessime
2097 1469 2163 1520 de
2189 1469 2347 1522 rebus
2359 1471 2476 1523 ‘hu-

1463 1567 1486 1592 α
1506 1548 1675 1599 manis
1706 1566 2029 1610 mereamur3
2069 1548 2324 1622 quodque
2358 1555 2476 1623 ipsa

1464 1646 1486 1671 κ
1505 1637 1696 1685 natura
1711 1626 1765 1677 in
1785 1624 1931 1678 dono
1945 1629 2090 1680 vocis
2114 1646 2344 1682 noverca
2358 1631 2479 1682 fue-

1467 1727 1490 1752 «
1509 1706 1583 1757 rit
1608 1726 1620 1756 ε
1658 1704 1869 1776 longius
1891 1705 2064 1758 tendit
2091 1706 2198 1760 hoe
2216 1709 2478 1779 judicium

1467 1806 1489 1831 κ
1509 1803 1687 1836 meum
1728 1806 1739 1837 :
1788 1803 1912 1837 nam
1965 1805 2033 1838 ne
2075 1806 2221 1860 posse
2260 1789 2474 1862 quidem

1465 1886 1489 1910 a
1509 1877 1776 1917 oratorem
1789 1865 1904 1917 fleri
1915 1881 1935 1930 ,’
1947 1868 2050 1917 nisi
2061 1869 2229 1919 virum
2240 1867 2446 1922 bonum
2456 1908 2474 1937 ,

1464 1966 1486 1991 κ
1506 1943 1796 1996 contendo.
1823 1968 1846 1991 π
1875 1944 2109 1997 Videtur·
2134 1960 2312 2000 autem
2347 1950 2476 2001 But-

1457 2034 1678 2075 tmanno
1698 2021 2124 2076 subaudiendum
2153 2044 2267 2078 esse
2290 2026 2477 2080 solem·

1455 2119 1524 2154 ne
1538 2100 1710 2154 inhoc
1725 2120 1884 2154 sensu
1894 2102 2109 2155 verbum
2128 2103 2287 2166 mileu
2305 2125 2412 2178 quo
2431 2110 2478 2160 si

1457 2181 1738 2234 consitium
1762 2180 1982 2253 aliquod
2007 2181 2299 2250 indicatur,
2323 2188 2477 2259 aequi

1461 2279 1587 2315 sane
1603 2260 1765 2314 debet
1776 2271 1839 2313 ut
1845 2283 1865 2323 ,-
1881 2260 1967 2314 hic
1980 2301 1997 2328 ‚
2011 2260 2105 2314 ubi
2119 2280 2270 2317 causa
2286 2278 2338 2317 et
2352 2285 2476 2319 vera

1458 2359 1609 2393 mens
1650 2340 1971 2394 definitionis
2001 2341 2135 2393 datm
2162 2342 2336 2395 verbis
2372 2345 2477 2399 illis

1458 2418 1842 2487 introducitur,
1880 2418 2054 2474 solum
2080 2418 2334 2473 idoneum
2364 2437 2476 2476 erat

1458 2501 1617 2574 quod.
1650 2498 1744 2552 Eo.

1538 2596 1582 2633 ι.
1610 2581 1821 2654 Nosque
1849 2579 1950 2652 ipsi
1958 2602 1977 2643 ‚·
2024 2582 2100 2633 sic
2122 2581 2300 2634 Turio.
2326 2581 2475 2635 Flor.

1461 2658 1595 2729 (nisi
1614 2659 1762 2731 quod
1775 2660 1832 2713 hi
1856 2664 1967 2732 ipsa
1981 2674 2035 2713 et
2049 2664 2305 2714 continuo
2322 2680 2438 2735 quoe
2458 2663 2482 2734 )

1459 2738 1642 2792 Ambr.
1674 2755 1732 2805 τι,
1769 2739 1945 2793 Guelf.
1972 2742 2097 2793 Exc.
2128 2740 2272 2792 Sant.
2307 2743 2474 2794 Cane.

1461 2836 1584 2870 cnm
1607 2816 1768 2870 Goth.
1803 2820 1958 2871 Voss.
1989 2835 2007 2869 ι
2032 2857 2049 2885 ,
2075 2835 2133 2885 2,
2153 2818 2214 2885 3,
2241 2832 2296 2871 et
2324 2820 2477 2875 editt.

1460 2909 1585 2948 ante
1609 2894 1808 2969 Gryph.
1831 2896 1907 2947 Ex
1929 2895 2063 2949 Alm.
2091 2916 2184 2950 nos
2205 2917 2413 2972 quoque
2436 2902 2476 2954 ι’.

1461 2973 1673 3047 Reliqui
1696 2973 1783 3027 sed
1805 2993 1898 3027 nos
1929 2993 2136 3047 quoque
2159 2977 2196 3027 i.
2237 2977 2480 3049 Praepos-

1464 3065 1573 3104 tera
1609 3053 1842 3117 ratione,
1884 3071 1990 3123 qua
2025 3071 2180 3106 suum
2221 3054 2477 3109 damnum

1464 3133 1636 3202 majus
1669 3129 1989 3203 eloquentiae
2034 3133 2377 3187 incommodo
2414 3138 2482 3188 si-

1427 3209 1703 3279 .gnificet,
1734 3223 1788 3261 et
1810 3227 1931 3261 mox
1964 3222 2139 3264 tamen
2170 3231 2199 3264 a
2237 3230 2331 3265 sua
2357 3233 2483 3285 per·-

1464 3307 1593 3342 sona
1610 3325 1628 3355 ‚
1679 3308 1776 3360 per
1815 3287 2038 3359 figuram
2086 3290 2316 3362 aliquam
2359 3313 2479 3346 mo-

1462 3366 1670 3433 destiae,
1699 3366 1765 3418 ad
1787 3379 2028 3419 naturam
2053 3368 2222 3440 ipsam
2246 3371 2478 3425 recedat.

1464 3448 1638 3499 Nimia
1660 3445 1759 3499 sibi
1779 3446 1937 3512 licere
1961 3461 2106 3501 ratus
2125 3465 2231 3517 est,
2256 3455 2347 3524 qui
2366 3451 2479 3506 haee

1465 3529 1714 3593 mutavit,
1757 3541 1816 3579 ut
1847 3526 1935 3580 sed
1955 3547 2164 3602 quoque
2193 3531 2487 3586 undeunde
2547 3549 2558 3556 ·

1468 3608 1796 3662 extunderet.
1836 3609 1896 3659 ln
1931 3622 2133 3661 mutata
2170 3624 2348 3664 autem
2384 3631 2481 3679 ea,

1468 3707 1582 3759 quae
1612 3685 1789 3739 adhuc
1824 3686 2055 3739 obtinuit
2090 3691 2385 3760 scriptura,
2423 3690 2484 3743 id

1468 3786 1685 3839 quoque
1709 3767 2030 3834 notandum,
2064 3769 2211 3841 quod
2231 3770 2378 3822 nulla
2404 3784 2486 3824 est

1467 3847 1742 3901 diversitas
1772 3865 1955 3899 earum
1986 3866 2192 3915 rerum,
2235 3863 2349 3921 quoe
2387 3869 2486 3922 per

1474 3944 1579 3978 non
1609 3936 1816 3977 tantum
1833 3939 1884 3977 et
1905 3925 2048 3978 sed...
2077 3945 2282 4000 quoque
2306 3947 2484 4001 oppo-

1472 4018 1673 4057 nuntur
1689 4005 1930 4056 invicem.
1954 4004 2059 4056 Pro
2075 4004 2176 4057 uili
2193 4003 2292 4058 uili
2304 4016 2485 4080 parte,

1471 4084 1650 4138 Tur-ic.
1682 4083 1786 4134 Pro
1808 4080 1910 4133 uili
1933 4084 2038 4136 utri
2052 4102 2138 4155 p.‚
2163 4083 2302 4137 Flor.

1549 4180 1598 4215 α.
1627 4165 2026 4234 Compar-amus;
2056 4165 2130 4217 sic
2153 4163 2329 4217 Turio.
2346 4164 2485 4220 Flor.

2136 4270 2200 4326 27
