3200 5159
786 468 914 536 588

1354 471 1448 537 Μ.
1489 470 1717 538 FABII
1755 475 1876 558 QU
1885 477 2317 544 INTILIANI

784 593 1148 687 senectutis
1171 608 1189 639 ¹
1237 621 1543 693 quaerere
1577 598 1957 703 auditores,
1999 602 2085 675 de
2122 629 2264 702 quo
2302 604 2602 706 quisque
2633 603 2841 677 vellet
2863 661 2882 696 ,

688 735 751 775 υ
773 708 1129 811 jubebat².
1155 713 1333 803 Quae
1358 713 1640 785 tandem
1663 742 1769 787 ars
1795 716 2008 815 digna
2031 718 2274 792 litteris
2290 719 2606 794 Platoni³
2634 719 2893 794 defuit?

786 825 980 915 Quot
1012 826 1260 898 seculis
1303 829 1697 903 Aristoteles
1729 831 1995 923 didicit,
2040 854 2118 905 ut
2151 861 2294 906 non
2330 836 2560 907 solum
2604 863 2758 936 quae
2799 834 2893 906 ad

784 939 1236 1041 philosophos
1254 963 1461 1043 atque
1476 966 1663 1017 orato
1672 972 1774 1018 res
1790 948 2157 1046 pertinent,
2175 950 2464 1023 scientia
2479 950 2888 1050 complecte-

791 1077 1017 1149 retur,
1056 1058 1177 1129 sed
1211 1060 1629 1132 animalium
1660 1083 2110 1163 satorumque
2146 1087 2423 1139 naturas
2462 1094 2707 1141 omnes
2749 1094 2893 1166 per·

792 1171 1140 1270 quireret?
1188 1174 1336 1247 lllis
1383 1176 1626 1247 enim4
1666 1177 1812 1250 haec
1867 1178 2286 1253 invenienda
2325 1183 2651 1274 fuerunt,
2687 1182 2894 1254 nobis

788 1289 1269 1388 cognoscenda
1293 1313 1479 1365 sunt.
1515 1295 1652 1367 Tot
1673 1320 1800 1366 nos
1827 1296 2390 1393 praeceptoribus,
2425 1318 2525 1369 tot
2556 1297 2894 1397 exemplis

792 1593 912 1626 eum
965 1573 1210 1638 inlusit-e,-
1261 1578 1504 1629 revocavi
1548 1580 1801 1649 principis

790 1653 1035 1705 editionis
1060 1656 1374 1726 scripturam
1390 1692 1407 1719 ,
1433 1654 1660 1706 luxatam
1686 1675 1805 1708 ora·

791 1736 988 1786 tionem
1026 1736 1311 1804 praa-ferens
1350 1748 1404 1787 et
1440 1735 1720 1806 stribligini
1747 1738 1801 1788 in

789 1815 1007 1865 vetustis
1024 1827 1076 1865 et
1091 1814 1301 1884 caligini
1320 1817 1371 1865 in
1384 1813 1535 1885 vulga
1544 1816 1804 1867 tis.Proxi·

794 1912 876 1946 me
900 1906 1023 1964 post
1046 1892 1176 1946 illud
1202 1891 1416 1946 inlustre
1437 1896 1490 1946 in
1514 1895 1696 1947 Turio.
1725 1895 1802 1948 le-

787 1973 930 2040 gitur
954 1985 1028 2024 tot
1049 1971 1192 2044 quod
1206 1990 1407 2023 summa
1427 1976 1728 2039 senectutis,
1748 1976 1804 2026 in

664 1446 679 1467 ·
792 1403 1114 1476 instruxit
1159 1407 1572 1507 antiquitas,
1620 1429 1700 1479 ut
1743 1408 1957 1507 possit
1998 1408 2215 1481 videti
2260 1409 2455 1485 nulla
2496 1411 2722 1484 sorte⁵
2771 1420 2897 1482 na·

1883 1577 2154 1631 Platonem
2186 1593 2241 1633 et
2270 1579 2611 1633 Aristotelem
2644 1583 2895 1635 devenia-

1883 1675 2021 1710 mus.
2064 1658 2140 1708 lta
2185 1676 2247 1709 ex
2284 1671 2435 1729 parte
2469 1657 2684 1730 quidem
2715 1676 2893 1710 veram

1881 1734 2064 1788 videar
2109 1737 2423 1803 Quintiliani
2474 1757 2691 1790 manum
2736 1741 2892 1790 resti-

1881 1825 2059 1879 tuere,
2082 1815 2127 1865 si
2148 1815 2362 1885 vestigia
2385 1814 2644 1868 Codicum
2667 1834 2893 1888 sequens

1883 1892 1956 1943 ita
1989 1892 2214 1944 scribam
2242 1914 2255 1944 ε
2298 1904 2360 1944 ut
2379 1894 2627 1968 Gorgiam
2658 1894 2892 1966 (scilicet

1884 1973 2198 2044 transeam),
2216 1973 2311 2045 qui
2326 1991 2542 2026 summoe
2563 1975 2893 2027 senectutis...

789 2051 1021 2104 Florent.
1039 2050 1213 2103 Guelf.
1236 2061 1411 2124 totque
1431 2070 1638 2104 summa
1660 2071 1720 2117 s.,
1747 2053 1801 2104 in
1867 2050 2088 2123 jubebat
2103 2072 2119 2100 .·
2140 2068 2259 2123 quoe
2279 2052 2546 2104 tandem...
2569 2053 2790 2105 Platoni
2809 2054 2896 2106 de·-

794 2129 1124 2204 quibuslatet
1137 2131 1378 2201 ignotum
1391 2130 1802 2184 scribisnomen.
1874 2129 2028 2200 suit?
2052 2140 2183 2202 quot
2214 2129 2399 2184 secult's
2431 2131 2752 2201 Aristoteles,
2783 2146 2891 2185 etc.

869 2226 914 2260 1.
948 2208 1238 2260 Senectutis
1267 2226 1495 2280 quoerere
1516 2210 1804 2273 auditores,-

792 2290 867 2340 sic
881 2288 1041 2340 Goth.
1058 2287 1182 2358 (tac.
1201 2288 1388 2357 Gesn.)
1400 2292 1552 2341 Voss.
1572 2307 1622 2354 2,
1637 2289 1802 2341 Caur.

793 2369 911 2421 ΔΜ.
930 2367 1057 2420 Bad.
1072 2367 1326 2422 Obrecht.
1344 2369 1632 2422 Senectutis
1653 2368 1807 2422 habet

789 2448 932 2520 quod
941 2466 1100 2519 quere
1111 2448 1392 2513 auditoris,
1401 2449 1578 2500 Turic.
1603 2449 1801 2501 Senect.

789 2526 1049 2597 (vacnum
1070 2526 1159 2578 hic
1184 2527 1444 2599 spatium)
1467 2545 1626 2599 quere
1648 2529 1803 2580 audi-

790 2606 930 2672 toris,
955 2605 1096 2657 Flor.
1127 2606 1181 2657 S.
1208 2605 1460 2677 habetque
1482 2625 1707 2678 quoerere
1727 2628 1801 2675 a.,

789 2682 963 2734 Guelf.
996 2682 1048 2734 S.
1081 2699 1308 2753 qua-rere
1338 2684 1634 2750 audituros,
1665 2686 1797 2738 Alm.

792 2774 845 2816 et
869 2762 1074 2832 aliquot
1103 2761 1224 2814 edd.
1254 2762 1399 2834 apud
1426 2765 1601 2816 Burm.
1628 2766 1682 2818 S.
1717 2766 1802 2819 hic

791 2860 1015 2915 quoerere
1032 2843 1311 2908 auditor-ex,
1320 2845 1350 2894 J
1354 2862 1465 2896 ene.
1482 2844 1606 2915 (tac.
1619 2845 1802 2915 Gesn.)

791 2936 844 2973 et
868 2921 990 2973 edd.
1022 2933 1144 2973 ante
1167 2921 1286 2973 Ald.
1325 2923 1379 2975 S.
1408 2921 1463 2974 id
1485 2942 1536 2996 q.
1562 2944 1645 2991 a.,
1679 2926 1802 2977 reli-

792 3003 882 3072 qui
912 2999 1035 3053 inde
1060 3019 1088 3052 a
1116 3001 1270 3053 Basil.
1300 3002 1524 3073 Quisque
1551 3002 1804 3076 disputari

790 3079 975 3145 vellet,
999 3081 1160 3131 Cant.
1182 3079 1300 3132 Ald.
1325 3080 1546 3146 Jubeat,
1566 3082 1799 3135 Florent.

794 3161 1042 3224 Videbat,
1070 3161 1231 3211 ciui».
1261 3189 1333 3199 --
1357 3161 1537 3212 Nostri
1574 3161 1800 3216 Codices

787 3239 1061 3293 senectutis
1082 3256 1309 3310 quaerere
1329 3239 1607 3293 auditores.
1632 3243 1724 3293 En.

865 3336 913 3370 2.
936 3317 1210 3390 Gorgias...
1214 3318 1450 3388 jubebat.
1469 3318 1678 3371 Sincera
1699 3339 1796 3374 nos

790 3397 1102 3467 Quintiliani
1124 3397 1286 3450 verba
1307 3401 1362 3449 in
1386 3397 1530 3452 hisce
1558 3419 1669 3453 non
1697 3400 1797 3454 ha-

790 3478 948 3544 bere,
978 3489 1125 3548 patet
1159 3489 1270 3528 tum
1300 3495 1361 3529 ex
1391 3479 1522 3529 mira
1553 3477 1797 3532 lectionis

790 3560 1040 3610 varietate
1052 3595 1068 3621 ,
1085 3568 1196 3607 tum
1212 3574 1274 3607 ex
1289 3558 1407 3627 ipso
1418 3559 1798 3611 sententiarum

791 3655 945 3689 nexu.
971 3658 993 3681 ι
1007 3638 1080 3687 Ut
1093 3635 1158 3686 de
1174 3637 1405 3688 Homero
1426 3647 1719 3700 taceam...;
1741 3650 1798 3690 ut

796 3737 818 3761 ι
840 3716 1086 3786 Hippiam
1136 3728 1418 3767 transeam.
1440 3752 1452 3764 .
1472 3753 1484 3764 .
1517 3737 1528 3766 z
1574 3716 1796 3787 Gorgias

794 3819 817 3842 α
839 3812 1071 3868 quoque.
1091 3833 1103 3845 .
1124 3833 1137 3844 .
1160 3817 1182 3841 n
1224 3794 1480 3860 Quanam
1522 3813 1699 3865 quaeso
1741 3800 1795 3848 in

788 3874 984 3943 Gorgia
1001 3885 1146 3924 tanta
1161 3873 1417 3940 gravitas,
1442 3884 1501 3923 ut
1524 3872 1644 3925 illos
1664 3892 1797 3944 prae-

788 3954 981 4004 teriens
1012 3954 1065 4002 in
1088 3949 1232 4002 hunc
1258 3952 1409 4021 quasi
1430 3952 1688 4021 impetum
1711 3950 1793 4002 fa-

788 4032 888 4085 ciat
915 4032 1098 4100 Quint.
1112 4032 1137 4080 ἰ’
1153 4031 1387 4102 Apparet
1410 4031 1591 4101 itaque
1613 4029 1793 4082 locum

787 4113 857 4163 ita
882 4108 1314 4163 constituendum
1339 4128 1481 4175 esse,
1505 4122 1564 4161 ut
1592 4111 1793 4162 Home-

781 4206 899 4239 rum
939 4201 991 4239 et
1028 4185 1290 4258 sophistas
1330 4201 1694 4255 transeuntes,
1737 4190 1793 4241 in

1885 2209 1988 2262 Sed
2016 2222 2289 2279 r'nanent
2311 2209 2448 2262 male
2471 2227 2610 2264 sarta
2636 2212 2893 2285 quaedam.

1886 2288 2145 2359 Narnhoc
2166 2289 2528 2360 «quaerere,de
2545 2310 2653 2363 qno
2670 2296 2895 2366 quisque

1891 2390 1913 2412 ι
1933 2366 2089 2420 vellet
2112 2392 2134 2416 ιι
2165 2371 2321 2421 nimis
2342 2369 2568 2422 breviter
2595 2370 2796 2423 dictum
2818 2375 2894 2424 vi·

1884 2445 2041 2498 detur
2067 2468 2080 2498 z
2120 2465 2294 2519 neque
2334 2462 2510 2500 tamen
2537 2449 2759 2503 verbum
2784 2451 2895 2505 dis-

1881 2526 2088 2597 putari,
2122 2525 2265 2597 quod
2291 2529 2542 2598 princeps
2566 2528 2727 2580 editio
2753 2530 2895 2583 inse-

1885 2608 1980 2673 rit,
2005 2606 2332 2678 adoptarim:
2358 2607 2450 2660 sed
2468 2607 2601 2661 illud
2620 2608 2894 2684 habetque,

1883 2705 1977 2739 seu
2013 2687 2164 2741 habet
2194 2687 2372 2760 quod,
2408 2688 2553 2759 quod
2589 2691 2641 2741 in
2677 2694 2894 2744 vetustis

1881 2764 2028 2817 libris
2044 2769 2371 2838 conspicitur
2384 2781 2506 2821 ante
2519 2768 2738 2822 verbum
2754 2788 2892 2844 quoe-

1885 2861 2018 2909 rere,
2054 2844 2251 2898 indicio
2277 2860 2382 2914 est,
2415 2846 2567 2899 aliter
2596 2847 2756 2919 plane
2776 2835 2889 2902 hec

1884 2921 2012 2974 olim
2045 2922 2179 2975 lecta
2208 2943 2349 2988 esse;
2380 2943 2605 2996 quorum
2630 2933 2790 2980 ca'usa
2819 2927 2890 2980 ad

1881 3001 2126 3055 meliores
2146 3002 2332 3070 libros,
2347 3017 2439 3057 aut
2458 3003 2527 3056 ad
2547 3004 2784 3059 feliciora
2806 3009 2890 3059 in-

1879 3081 2035 3149 genia
2065 3098 2320 3150 provoco.

1952 3158 2003 3210 3.
2044 3158 2277 3213 Platoni.
2319 3161 2585 3230 Platonis,
2605 3165 2883 3217 Turicens.

1879 3236 2018 3291 Flor.
2043 3237 2217 3290 Guelf.
2243 3239 2403 3293 Goth.
2430 3241 2660 3311 (tacente
2679 3242 2884 3313 Gesn.).

1878 3315 2027 3382 Fuit,
2064 3317 2240 3369 Guelf.
2280 3318 2417 3389 Quot
2448 3319 2668 3388 scilicet,
2705 3320 2885 3374 Guelf.

1867 3412 2039 3465 marg.
2082 3396 2239 3448 Basil.
2280 3397 2435 3467 Quod
2466 3397 2688 3465 saeculis,
2718 3400 2882 3452 Cau».

1877 3477 1907 3526 J
1911 3494 2022 3528 ens.
2034 3473 2264 3546 (tacente
2278 3475 2481 3547 Geso.)
2497 3477 2700 3530 Didicit
2713 3479 2791 3530 ait
2806 3481 2888 3531 ait

1879 3572 2013 3619 non,
2038 3557 2215 3608 Turic.
2243 3555 2383 3608 Flor.
2409 3558 2520 3607 Aut
2538 3555 2610 3606 ad
2631 3569 2883 3625 oratores,

1876 3635 2037 3686 Cim.
2064 3634 2208 3686 Onus
2224 3635 2571 3706 perquireret,
2595 3633 2736 3686 Flor.
2762 3636 2883 3687 Om-

1878 3714 1960 3767 nis
1976 3716 2358 3786 perquirerent,
2385 3712 2562 3765 Guelf.

1947 3793 1998 3859 4.
2032 3791 2213 3843 Enim.
2248 3793 2514 3845 Omittunt
2533 3792 2712 3843 Turic-
2739 3791 2879 3843 Flor.

1875 3869 1971 3922 Illi
1991 3872 2131 3922 enim
2157 3871 2296 3937 inm,
2316 3871 2478 3922 Cam.
2495 3899 2567 3909 —-·—
2581 3867 2698 3920 Ille‘s
2719 3870 2880 3921 adm.

1875 3949 2194 4022 conjunctio
2211 3968 2422 4003 causam
2437 3949 2653 4015 indicat,
2663 3968 2760 4001 cur
2773 3963 2881 4001 tam

1872 4031 2126 4082 immensa
2143 4026 2243 4081 sibi
2256 4027 2549 4094 videantur,
2562 4045 2676 4098 quir
2690 4031 2886 4099 praesti·

1873 4110 2033 4161 terint
2057 4108 2149 4160 illi.
2725 4162 2728 4167 ,

1945 4190 1996 4243 5.
2018 4190 2181 4243 Sorte.
2209 4189 2378 4255 Pion,
2391 4188 2566 4262 forte,
2590 4206 2714 4241 cnm
2736 4188 2882 4240 Ala.
