3200 5159
661 530 1320 599 INSTITUTIONIS
1362 533 1620 599 ORAT.
1665 535 1828 601 LIB.
1869 538 1958 617 X,
2001 539 2063 604 3.

2287 538 2410 623 ¹49

321 649 506 724 enirn
550 651 926 752 diligentiae
968 653 1315 726 scribendi
1354 655 1566 727 etiam
1605 656 1955 755 fatigati03
1986 679 2055 731 et
2085 657 2368 730 abunde
2392 713 2412 747 ,

319 767 376 843 si
409 783 667 859 vacet¹,
698 768 873 841 lucis
914 769 1150 868 spatia·
1178 769 1578 859 sufficiun13
1612 793 1987 872 occupatos
2023 774 2098 845 in
2132 794 2411 846 noctem

321 885 679 958 necessitas
717 886 897 985 agit:
935 906 1036 958 est
1071 906 1311 958 tamen
1348 886 1742 960 lucubratio
1766 946 1784 978 ‚
1820 891 2090 987 quoties
2127 890 2215 963 ad
2254 914 2412 963 eam

320 996 556 1097 integri
590 1027 672 1074 ac
701 1000 935 1074 refecti
959 1000 1322 1093 venimus,
1353 1001 1702 1101 optimum
1731 1005 1966 1078 secreti
2000 1033 2243 1105 genus,
2276 1005 2412 1077 Sed

2452 1015 2518 1069 28

318 1112 670 1191 silentium
720 1137 790 1189 et
842 1142 1181 1207 secessus,
1235 1138 1306 1189 et
1361 1117 1682 1216 undique
1737 1119 1914 1192 liber
1969 1120 2286 1211 animus,
2338 1139 2416 1191 ut

320 1246 514 1304 sunt²
545 1233 853 1306 maxime
886 1233 1232 1333 optanda,
1267 1234 1359 1308 ita
1389 1234 1580 1306 non³
1610 1262 1886 1336 semper
1919 1257 2207 1337 possunt
2240 1264 2415 1309 con-

315 1343 619 1444 tingere3
653 1347 950 1446 ideoque
987 1374 1133 1420 non
1177 1348 1444 1436 statim,
1489 1348 1541 1421 si
1593 1350 1767 1449 quid
1807 1350 2188 1450 obstrepet,
2229 1351 2417 1451 abji-

321 1458 545 1537 ciendi
577 1461 904 1537 codices4
936 1483 1178 1553 erunt,
1206 1484 1277 1535 et
1302 1463 1778 1563 deplorandus
1808 1465 1993 1554 dies;
2032 1492 2274 1537 verum
2311 1465 2420 1537 in-

319 1575 709 1653 commodis
756 1566 1340 1676 repugnandum,
1386 1597 1454 1649 et
1492 1577 1606 1650 hic
1652 1579 2012 1652 faciendus
2055 1606 2223 1652 usus
2244 1579 2293 1667 ⁵,
2344 1599 2422 1650 ut

320 1690 582 1783 omnia,
621 1718 777 1792 quae
810 1692 1203 1792 impedient
1218 1692 1275 1784 ⁶,
1308 1692 1541 1765 vincat
1573 1694 1906 1769 intentio:
1943 1723 2162 1797 quam
2192 1696 2248 1767 si
2284 1716 2424 1767 tota

319 1828 546 1879 mente
576 1807 656 1878 in
681 1833 857 1907 opus
882 1807 1115 1907 ipsum
1151 1807 1477 1881 direxeris
1495 1865 1515 1899 ‚
1541 1808 1720 1881 nihil
1752 1836 2034 1900 eorum,
2062 1837 2218 1909 quae
2252 1836 2425 1883 ocu-

315 1919 428 2013 lis,
467 1924 575 1996 vel
630 1923 916 1997 auribus
958 1923 1350 2013 incursant,
1381 1924 1485 1996 ‚ad
1531 1926 1859 1998 animum
1895 1927 2266 2026 perveniet.
2311 1928 2421 1998 An

316 2053 509 2110 vero⁷
541 2037 1002 2139 frequenter8
1038 2039 1246 2111 etiam
1285 2039 1614 2111 fortuitas>
1649 2040 1783 2112 hoc
1817 2040 2141 2139 cogitatio
2162 2055 2219 2087 ¹⁰
2257 2067 2425 2140 prae·

309 2221 599 2274 sponsores
616 2203 815 2257 habere
831 2202 1104 2257 videamur
1117 2204 1329 2275 optime

311 2283 717 2339 emendationis.
755 2287 874 2336 Fuit
908 2302 1072 2355 quum
1110 2282 1329 2335 alteram

319 2366 632 2436 scripturam
657 2366 732 2417 sic
761 2367 1163 2436 interpretarer:
1201 2376 1331 2414 tem-

316 2461 415 2515 pus
438 2443 583 2515 quod
628 2456 721 2495 aut
757 2445 976 2494 nimium
1007 2441 1334 2513 impenditur

317 2541 528 2590 somno,
555 2536 654 2575 aut
679 2536 864 2575 natura
885 2524 998 2594 ipsa
1019 2523 1192 2575 cidem
1213 2520 1333 2574 sub-

316 2599 554 2669 trahitur,
572 2620 741 2673 quum
762 2603 1030 2653 insomnes
1051 2619 1233 2653 sumus
1254 2619 1336 2653 ca·

318 2698 374 2732 su
391 2719 410 2747 ‚
440 2694 532 2734 aut
558 2680 867 2733 valetudine
897 2680 1046 2751 (vide
1074 2683 1154 2747 X,
1180 2681 1246 2747 6,
1277 2698 1297 2732 ι
1314 2718 1332 2748 ,

315 2761 634 2814 intermissus
646 2779 790 2815 somn
799 2761 893 2829 us).
907 2758 1008 2812 Sed
1022 2758 1131 2811 hoc
1143 2777 1332 2832 parum

319 2842 628 2892 conveniret
662 2837 1024 2911 sequentibus.
1062 2839 1177 2889 Nec
1213 2856 1335 2909 per-

317 2919 497 2989 spicua
540 2920 746 2984 oratio,
792 2919 833 2969 si
872 2914 980 2968 hoc
1020 2916 1204 2969 voluit.
1241 2918 1335 2968 Ni-

317 2998 478 3049 mium
513 3015 683 3049 ausus
714 2998 941 3068 Regius,
974 2996 1214 3049 recidens
1246 2993 1336 3048 iile

316 3089 495 3130 nostra
510 3099 525 3141 ;
539 3095 702 3149 quem
720 3074 867 3128 solus
882 3076 1137 3145 expressit
1147 3073 1332 3126 Aldus.

317 3154 481 3208 Modo
497 3174 600 3228 pro
613 3154 1035 3227 supereritPaiat.
1052 3153 1335 3226 superarit,

309 3234 460 3306 quod
501 3234 718 3307 prefert
750 3232 1068 3287 Gebhardus
1096 3232 1333 3303 (Crepp.

315 3313 416 3377 m,
444 3313 568 3385 18),
599 3313 714 3365 sine
737 3330 915 3364 causa.
938 3341 1013 3351 —
1035 3312 1217 3363 Nostri
1238 3320 1339 3361 aut

319 3390 479 3443 deerit
495 3429 513 3457 ,
548 3410 664 3443 exc.
692 3390 823 3443 Vall.
854 3388 947 3442 lib.
976 3409 1005 3441 a
1032 3407 1139 3441 sec.
1174 3407 1337 3441 manu

317 3467 471 3522 valde
495 3471 728 3535 recenti,
753 3471 844 3540 qui
873 3468 1016 3521 haud
1039 3468 1213 3520 deerit.
1242 3469 1334 3520 En.

397 3567 441 3603 ι.
471 3550 534 3604 Si
563 3562 766 3603 vacet...
792 3561 1078 3621 occupatos.
1109 3546 1339 3600 Attende

320 3631 572 3702 opposita
596 3666 613 3695 ,
645 3641 790 3700 grate
823 3632 1019 3681 variata
1057 3639 1338 3679 structura.

394 3726 442 3761 2.
474 3709 546 3761 Ut
567 3720 706 3760 sunt.
728 3709 906 3759 Turic.
926 3705 991 3777 (a
1015 3725 1120 3759 sec.
1148 3708 1342 3778 manu)

321 3785 485 3841 mn.
499 3826 516 3853 ‚
541 3805 664 3861 «ματ
685 3798 824 3840 sunt.

392 3867 445 3919 3.
483 3867 572 3917 Ita
607 3884 732 3916 non.
760 3867 934 3918 Turic-
970 3865 1111 3918 Flor.
1143 3865 1340 3930 Catu,

326 3962 430 3996 non
456 3945 551 3997 ita.
578 3944 740 3997 Male.

392 4023 445 4091 4.
478 4025 708 4078 Codices.
737 4023 899 4077 Plane
926 4042 1024 4096 pro
1057 4020 1342 4088 codicillis,

319 4102 675 4176 puqillaribus
686 4102 826 4175 (vide
841 4102 885 4174 ς.
905 4102 1014 4175 32),
1025 4100 1207 4176 quales
1222 4112 1347 4153 sunt

328 4182 477 4253 apud
515 4182 775 4249 Plinium,
810 4182 843 4235 l.
882 4202 967 4250 c.‚
999 4185 1351 4238 instrumenta

317 4258 535 4333 juberis
560 4262 950 4337 extemporalia.

1482 2201 1532 2257 5.
1568 2204 1854 2257 Faciendus
1892 2224 2026 2259 usus.
2066 2205 2230 2259 Simili
2262 2205 2423 2258 modo

1409 2279 1498 2333 hic
1512 2282 1697 2352 facere
1719 2282 1929 2349 dicitur,
1961 2297 2019 2335 ut
2044 2286 2098 2335 in
2130 2283 2315 2336 viribus
2330 2283 2425 2355 fa-

1411 2360 1632 2425 ciendis,
1660 2360 1704 2432 §-
1733 2362 1797 2425 33
1813 2362 2070 2433 facienda
2081 2363 2267 2435 forma
2282 2400 2300 2429 ‚
2331 2361 2422 2415 lib.

1410 2439 1809 2512 X‚cap.6‚s.
1837 2441 1889 2492 3.
2490 2494 2495 2507 ¹

1483 2518 1534 2571 6.
1579 2518 1879 2590 Impedient
1895 2540 1915 2580 ‚-
1952 2521 2027 2573 sic
2062 2522 2238 2572 Turio.
2281 2520 2421 2572 Flor.

1411 2596 1588 2651 Guelf.
1606 2601 1767 2653 Cum
1789 2600 1934 2652 Jens.
1957 2598 2082 2669 (tac.
2099 2599 2284 2670 Gesn.)
2304 2618 2427 2652 cum

1414 2677 1535 2731 edd.
1567 2692 1691 2731 ante
1718 2679 1917 2753 Gryph.
1938 2718 1955 2744 ,
1988 2699 2101 2732 exc.
2132 2679 2259 2732 Bad.
2287 2677 2427 2732 Reli·

1416 2759 1505 2828 qui
1531 2756 1842 2829 impediunt.
1867 2760 1942 2811 Ex
1969 2758 2103 2810 Alm.
2124 2761 2276 2812 Voss.
2310 2775 2328 2809 1
2355 2759 2430 2810 af·

1413 2838 1589 2890 ferunt
1616 2838 1921 2910 impediant.
1940 2837 2221 2890 —Eadem
2243 2839 2423 2890 nostri.

1414 2917 1667 2967 Praeterea
1697 2916 1755 2966 R.
1786 2932 1876 2978 to,
1901 2916 2169 2989 impediat.
2195 2918 2289 2970 En.

1489 3011 1538 3063 7.
1565 2994 1652 3045 An
1679 3012 1812 3047 vero.
1829 2996 2006 3047 Turic.
2034 2995 2089 3066 (a
2114 3015 2217 3050 sec.
2245 2993 2428 3065 manu)

1416 3072 1491 3124 At
1509 3093 1555 3124 v.
1579 3070 1700 3123 Ald.
1725 3072 1877 3124 Basil.
1901 3073 2101 3146 Gryph.
2125 3072 2320 3145 (1536)
2342 3069 2432 3124 An

1419 3171 1528 3204 non
1540 3190 1558 3217 ,
1576 3149 1834 3203 suadente
1851 3152 2033 3224 Regio.
2053 3152 2155 3206 Sed
2176 3166 2297 3223 post
2314 3169 2433 3203 vero

1418 3231 1659 3284 inserunt
1697 3230 1742 3283 si
1772 3230 1975 3304 Gryph.
2007 3230 2216 3302 (1544)
2248 3228 2430 3356 διεζῐι.

1416 3307 1589 3361 —An
1617 3327 1793 3360 vero...
1817 3327 1921 3360 non
1941 3327 2326 3380 consequemur.
2392 3308 2411 3357 i

1415 3388 1485 3440 de
1501 3391 1602 3454 vl,
1627 3406 1654 3440 2
1669 3425 1686 3452 ‚
1707 3387 1776 3440 30
1791 3407 1806 3448 ;
1824 3388 1951 3437 item
1966 3387 2079 3438 Cic.
2104 3404 2199 3457 pro
2218 3385 2433 3438 Rabirio

1417 3465 1566 3545 perd.
1583 3506 1600 3534 ‚
1629 3485 1676 3519 c.
1705 3465 1768 3519 5:
1808 3489 1831 3512 α
1851 3467 1934 3517 An
1957 3484 2085 3518 vero
2109 3483 2287 3527 servos
2311 3480 2434 3515 nos-

1426 3570 1449 3593 ·
1471 3559 1637 3598 tros...
1673 3563 1771 3597 nos
1804 3562 2035 3617 neque...
2072 3562 2304 3615 neque...
2340 3560 2435 3595 ne-

1429 3649 1453 3676 ·
1552 3645 1598 3678 e.
1624 3648 1648 3672 ιν

1476 3644 1547 3760 (gi
1567 3706 1880 3777 Frequenter
1895 3704 2071 3755 etiam.
2087 3704 2359 3755 Tun-icens.
2382 3699 2437 3771 (a

1421 3785 1658 3839 secunda
1681 3784 1864 3857 manu)
1875 3784 1929 3854 f.
1960 3793 2013 3836 et
2035 3802 2082 3835 e.
2106 3784 2299 3847 Caum,
2322 3781 2416 3853 fre

1419 3873 1640 3936 quenter
1658 3881 1720 3915 ac
1742 3864 1918 3915 etiam.
1945 3850 2077 3913 Vide
2099 3860 2191 3914 lib.
2212 3863 2278 3928 V,
2302 3879 2349 3911 c.
2380 3878 2442 3926 2,

1421 3939 1449 4014 ς
1495 4038 1546 4091 9.
1575 4019 1828 4072 Fortuita.
1862 4018 2039 4071 Turio.
2079 4017 2219 4080 Finr.
2253 4015 2374 4087 (hie
2405 4035 2440 4070 a

1424 4118 1506 4171 pr.
1533 4099 1716 4166 manu)
1733 4099 1985 4171 fortuitu.

1507 4193 1588 4229 ro.
1619 4177 1732 4229 Hoc
1755 4176 2020 4249 cogitatio.
2042 4175 2273 4228 Gotban.
2293 4177 2437 4227 Jens.

1426 4256 1569 4328 (tac.
1602 4258 1803 4325 Gesn.)
1835 4258 1998 4311 Usar.
2017 4296 2037 4324 ,
2071 4256 2180 4310 koec
2208 4274 2289 4321 a,
2320 4273 2443 4309 cum
