<?xml version="1.0" encoding="UTF-8"?>
<!DOCTYPE html PUBLIC "-//W3C//DTD XHTML 1.0 Transitional//EN"
    "http://www.w3.org/TR/xhtml1/DTD/xhtml1-transitional.dtd">
<html xmlns="http://www.w3.org/1999/xhtml" xml:lang="en" lang="en">
 <head>
  <title>
</title>
<meta http-equiv="Content-Type" content="text/html;charset=utf-8" />
  <meta name='ocr-system' content='tesseract 3.04.00' />
  <meta name='ocr-capabilities' content='ocr_page ocr_carea ocr_par ocr_line ocrx_word'/>
</head>
<body>
  <div class='ocr_page' id='page_1' title='image "./deinstitutioneo00unkngoog_0532.png"; bbox 0 0 3200 5159; ppageno 0'>
   <div class='ocr_carea' id='block_1_1' title="bbox 548 1217 622 1654">
    <p class='ocr_par' dir='ltr' id='par_1_1' title="bbox 548 1217 622 1654">
     <span class='ocr_line' id='line_1_1' title="bbox 548 1217 622 1654; baseline -0.378 1"><span class='ocrx_word' id='word_1_1' title='bbox 548 1217 622 1654; x_wconf 59' lang='lat' dir='ltr'><strong>l</strong></span> 
     </span>
    </p>
   </div>
   <div class='ocr_carea' id='block_1_2' title="bbox 711 414 841 496">
    <p class='ocr_par' dir='ltr' id='par_1_2' title="bbox 711 414 841 496">
     <span class='ocr_line' id='line_1_2' title="bbox 711 414 841 496; baseline 0.031 -3"><span class='ocrx_word' id='word_1_2' title='bbox 711 414 841 496; x_wconf 76' lang='lat'><strong>442</strong></span> 
     </span>
    </p>
   </div>
   <div class='ocr_carea' id='block_1_3' title="bbox 1280 388 2247 496">
    <p class='ocr_par' dir='ltr' id='par_1_3' title="bbox 1280 388 2247 496">
     <span class='ocr_line' id='line_1_3' title="bbox 1280 388 2247 496; baseline 0.002 -20"><span class='ocrx_word' id='word_1_3' title='bbox 1280 411 1374 476; x_wconf 82' lang='lat' dir='ltr'><strong>M.</strong></span> <span class='ocrx_word' id='word_1_4' title='bbox 1415 388 1644 478; x_wconf 69' lang='lat' dir='ltr'><strong>men</strong></span> <span class='ocrx_word' id='word_1_5' title='bbox 1682 412 2247 496; x_wconf 70' lang='lat' dir='ltr'><strong>Qnm‘rtmmt</strong></span> 
     </span>
    </p>
   </div>
   <div class='ocr_carea' id='block_1_4' title="bbox 657 532 2838 1681">
    <p class='ocr_par' dir='ltr' id='par_1_4' title="bbox 657 532 2838 1681">
     <span class='ocr_line' id='line_1_4' title="bbox 714 532 2823 636; baseline 0.001 -30"><span class='ocrx_word' id='word_1_6' title='bbox 714 532 917 606; x_wconf 88' lang='lat' dir='ltr'><strong>cendi</strong></span> <span class='ocrx_word' id='word_1_7' title='bbox 955 533 1368 608; x_wconf 76' lang='lat' dir='ltr'><strong>facultatem</strong></span> <span class='ocrx_word' id='word_1_8' title='bbox 1403 559 1486 606; x_wconf 85' lang='lat' dir='ltr'><strong>ex</strong></span> <span class='ocrx_word' id='word_1_9' title='bbox 1516 534 1792 608; x_wconf 81' lang='lat' dir='ltr'><strong>intimis</strong></span> <span class='ocrx_word' id='word_1_10' title='bbox 1823 535 2179 636; x_wconf 76' lang='lat' dir='ltr'>sapientiae</span> <span class='ocrx_word' id='word_1_11' title='bbox 2217 535 2529 609; x_wconf 79' lang='lat' dir='ltr'><strong>fontibus</strong></span> <span class='ocrx_word' id='word_1_12' title='bbox 2562 534 2823 624; x_wconf 80' lang='lat' dir='ltr'><strong>fluere3</strong></span> 
     </span>
     <span class='ocr_line' id='line_1_5' title="bbox 717 637 2838 753; baseline -0.001 -28"><span class='ocrx_word' id='word_1_13' title='bbox 717 652 1016 751; x_wconf 86' lang='lat' dir='ltr'><strong>ideoque</strong></span> <span class='ocrx_word' id='word_1_14' title='bbox 1047 650 1491 750; x_wconf 79' lang='lat' dir='ltr'><strong>aliquamdiu</strong></span> <span class='ocrx_word' id='word_1_15' title='bbox 1506 674 1959 753; x_wconf 83' lang='lat' dir='ltr'><strong>praeceptores</strong></span> <span class='ocrx_word' id='word_1_16' title='bbox 1989 637 2274 728; x_wconf 83' lang='lat' dir='ltr'><strong>eosdem</strong></span> <span class='ocrx_word' id='word_1_17' title='bbox 2300 653 2513 728; x_wconf 84' lang='lat' dir='ltr'><strong>fuisse</strong></span> <span class='ocrx_word' id='word_1_18' title='bbox 2538 678 2838 726; x_wconf 85' lang='lat' dir='ltr'><strong>morum·</strong></span> 
     </span>
     <span class='ocr_line' id='line_1_6' title="bbox 715 766 2827 870; baseline -0.002 -28"><span class='ocrx_word' id='word_1_19' title='bbox 715 790 927 869; x_wconf 83' lang='lat' dir='ltr'><strong>atque</strong></span> <span class='ocrx_word' id='word_1_20' title='bbox 961 766 1283 842; x_wconf 75' lang='lat' dir='ltr'><strong>dicendi:</strong></span> <span class='ocrx_word' id='word_1_21' title='bbox 1321 789 1744 870; x_wconf 81' lang='lat' dir='ltr'><strong>quapropter</strong></span> <span class='ocrx_word' id='word_1_22' title='bbox 1776 769 1923 842; x_wconf 82' lang='lat' dir='ltr'><strong>haec</strong></span> <span class='ocrx_word' id='word_1_23' title='bbox 1958 768 2342 843; x_wconf 67' lang='lat' dir='ltr'>exhortatio</span> <span class='ocrx_word' id='word_1_24' title='bbox 2371 795 2530 842; x_wconf 81' lang='lat' dir='ltr'><strong>mea</strong></span> <span class='ocrx_word' id='word_1_25' title='bbox 2558 793 2704 841; x_wconf 87' lang='lat' dir='ltr'><strong>non</strong></span> <span class='ocrx_word' id='word_1_26' title='bbox 2742 792 2827 838; x_wconf 90' lang='lat' dir='ltr'><strong>eo</strong></span> 
     </span>
     <span class='ocr_line' id='line_1_7' title="bbox 714 881 2826 987; baseline -0.001 -32"><span class='ocrx_word' id='word_1_27' title='bbox 714 883 1047 982; x_wconf 78' lang='lat' dir='ltr'><strong>pertinet,</strong></span> <span class='ocrx_word' id='word_1_28' title='bbox 1075 903 1152 956; x_wconf 89' lang='lat' dir='ltr'><strong>ut</strong></span> <span class='ocrx_word' id='word_1_29' title='bbox 1171 909 1312 957; x_wconf 84' lang='lat' dir='ltr'><strong>esse</strong></span> <span class='ocrx_word' id='word_1_30' title='bbox 1333 903 1678 958; x_wconf 84' lang='lat' dir='ltr'><strong>oratorem</strong></span> <span class='ocrx_word' id='word_1_31' title='bbox 1699 899 1717 930; x_wconf 87' lang='lat'>¹</span> <span class='ocrx_word' id='word_1_32' title='bbox 1741 883 2243 987; x_wconf 85' lang='lat' dir='ltr'><strong>philosophum</strong></span> <span class='ocrx_word' id='word_1_33' title='bbox 2259 884 2508 976; x_wconf 82' lang='lat' dir='ltr'><strong>velim3</strong></span> <span class='ocrx_word' id='word_1_34' title='bbox 2538 881 2826 985; x_wconf 86' lang='lat' dir='ltr'><strong>quando</strong></span> 
     </span>
     <span class='ocr_line' id='line_1_8' title="bbox 718 998 2834 1100; baseline 0 -29"><span class='ocrx_word' id='word_1_35' title='bbox 718 1026 865 1072; x_wconf 90' lang='lat' dir='ltr'><strong>non</strong></span> <span class='ocrx_word' id='word_1_36' title='bbox 900 999 1039 1072; x_wconf 88' lang='lat' dir='ltr'><strong>alia</strong></span> <span class='ocrx_word' id='word_1_37' title='bbox 1066 1000 1223 1073; x_wconf 82' lang='lat' dir='ltr'><strong>vitae</strong></span> <span class='ocrx_word' id='word_1_38' title='bbox 1256 1022 1438 1076; x_wconf 86' lang='lat' dir='ltr'><strong>secta</strong></span> <span class='ocrx_word' id='word_1_39' title='bbox 1466 999 1746 1100; x_wconf 75' lang='lat' dir='ltr'><strong>longius</strong></span> <span class='ocrx_word' id='word_1_40' title='bbox 1765 1027 1807 1073; x_wconf 82' lang='lat' dir='ltr'><strong>a</strong></span> <span class='ocrx_word' id='word_1_41' title='bbox 1830 1000 2150 1076; x_wconf 86' lang='lat' dir='ltr'><strong>civilibus</strong></span> <span class='ocrx_word' id='word_1_42' title='bbox 2182 1001 2465 1091; x_wconf 55' lang='lat' dir='ltr'><strong>officik,</strong></span> <span class='ocrx_word' id='word_1_43' title='bbox 2499 1019 2705 1099; x_wconf 80' lang='lat' dir='ltr'><strong>atque</strong></span> <span class='ocrx_word' id='word_1_44' title='bbox 2736 998 2834 1072; x_wconf 82' lang='lat' dir='ltr'><strong>ab</strong></span> 
     </span>
     <span class='ocr_line' id='line_1_9' title="bbox 657 1114 2830 1218; baseline -0.002 -27"><span class='ocrx_word' id='word_1_45' title='bbox 657 1140 686 1191; x_wconf 92' lang='lat'>7</span> <span class='ocrx_word' id='word_1_46' title='bbox 719 1115 918 1186; x_wconf 90' lang='lat' dir='ltr'><strong>omni</strong></span> <span class='ocrx_word' id='word_1_47' title='bbox 963 1142 1260 1188; x_wconf 89' lang='lat' dir='ltr'><strong>munere</strong></span> <span class='ocrx_word' id='word_1_48' title='bbox 1295 1116 1583 1189; x_wconf 85' lang='lat' dir='ltr'><strong>oratoris</strong></span> <span class='ocrx_word' id='word_1_49' title='bbox 1617 1116 1910 1190; x_wconf 81' lang='lat' dir='ltr'><strong>recessit.</strong></span> <span class='ocrx_word' id='word_1_50' title='bbox 1947 1119 2133 1189; x_wconf 84' lang='lat' dir='ltr'><strong>Nam</strong></span> <span class='ocrx_word' id='word_1_51' title='bbox 2167 1118 2326 1218; x_wconf 82' lang='lat' dir='ltr'><strong>quis</strong></span> <span class='ocrx_word' id='word_1_52' title='bbox 2363 1114 2830 1218; x_wconf 86' lang='lat' dir='ltr'><strong>philosopho-</strong></span> 
     </span>
     <span class='ocr_line' id='line_1_10' title="bbox 715 1232 2830 1335; baseline 0.001 -32"><span class='ocrx_word' id='word_1_53' title='bbox 715 1259 877 1304; x_wconf 87' lang='lat' dir='ltr'><strong>rum</strong></span> <span class='ocrx_word' id='word_1_54' title='bbox 916 1254 1041 1305; x_wconf 85' lang='lat' dir='ltr'><strong>aut</strong></span> <span class='ocrx_word' id='word_1_55' title='bbox 1069 1233 1147 1304; x_wconf 89' lang='lat' dir='ltr'><strong>in</strong></span> <span class='ocrx_word' id='word_1_56' title='bbox 1176 1232 1514 1335; x_wconf 79' lang='lat' dir='ltr'><strong>judiciis²</strong></span> <span class='ocrx_word' id='word_1_57' title='bbox 1548 1234 1911 1334; x_wconf 63' lang='lat' dir='ltr'><strong>frequens»,</strong></span> <span class='ocrx_word' id='word_1_58' title='bbox 1940 1257 2063 1309; x_wconf 84' lang='lat' dir='ltr'><strong>aut</strong></span> <span class='ocrx_word' id='word_1_59' title='bbox 2094 1236 2318 1309; x_wconf 87' lang='lat' dir='ltr'><strong>clarus</strong></span> <span class='ocrx_word' id='word_1_60' title='bbox 2353 1235 2430 1306; x_wconf 88' lang='lat' dir='ltr'><strong>in</strong></span> <span class='ocrx_word' id='word_1_61' title='bbox 2459 1232 2830 1308; x_wconf 88' lang='lat' dir='ltr'><strong>concioni-</strong></span> 
     </span>
     <span class='ocr_line' id='line_1_11' title="bbox 716 1347 2830 1453; baseline 0 -33"><span class='ocrx_word' id='word_1_62' title='bbox 716 1347 848 1421; x_wconf 90' lang='lat' dir='ltr'><strong>bus</strong></span> <span class='ocrx_word' id='word_1_63' title='bbox 879 1349 1060 1422; x_wconf 84' lang='lat' dir='ltr'><strong>fuit?</strong></span> <span class='ocrx_word' id='word_1_64' title='bbox 1092 1351 1276 1442; x_wconf 89' lang='lat' dir='ltr'><strong>Quis</strong></span> <span class='ocrx_word' id='word_1_65' title='bbox 1305 1350 1616 1450; x_wconf 88' lang='lat' dir='ltr'><strong>denique</strong></span> <span class='ocrx_word' id='word_1_66' title='bbox 1641 1351 1724 1424; x_wconf 84' lang='lat' dir='ltr'><strong>in</strong></span> <span class='ocrx_word' id='word_1_67' title='bbox 1753 1352 1943 1453; x_wconf 82' lang='lat' dir='ltr'><strong>ipsa,</strong></span> <span class='ocrx_word' id='word_1_68' title='bbox 1977 1381 2193 1453; x_wconf 85' lang='lat' dir='ltr'><strong>quam</strong></span> <span class='ocrx_word' id='word_1_69' title='bbox 2212 1352 2241 1399; x_wconf 85' lang='lat'>³</span> <span class='ocrx_word' id='word_1_70' title='bbox 2270 1352 2578 1425; x_wconf 73' lang='lat' dir='ltr'><strong>maxime</strong></span> <span class='ocrx_word' id='word_1_71' title='bbox 2607 1349 2830 1450; x_wconf 87' lang='lat' dir='ltr'><strong>pleri-</strong></span> 
     </span>
     <span class='ocr_line' id='line_1_12' title="bbox 719 1465 2836 1567; baseline -0 -31"><span class='ocrx_word' id='word_1_72' title='bbox 719 1491 857 1563; x_wconf 85' lang='lat' dir='ltr'><strong>que</strong></span> <span class='ocrx_word' id='word_1_73' title='bbox 912 1466 1361 1567; x_wconf 80' lang='lat' dir='ltr'><strong>praecipiunt‚</strong></span> <span class='ocrx_word' id='word_1_74' title='bbox 1420 1465 1824 1567; x_wconf 79' lang='lat' dir='ltr'><strong>reipublicae</strong></span> <span class='ocrx_word' id='word_1_75' title='bbox 1871 1467 2477 1544; x_wconf 73' lang='lat' dir='ltr'><strong>administratione</strong></span> <span class='ocrx_word' id='word_1_76' title='bbox 2525 1484 2836 1538; x_wconf 79' lang='lat' dir='ltr'><strong>versatus</strong></span> 
     </span>
     <span class='ocr_line' id='line_1_13' title="bbox 724 1577 2837 1681; baseline 0.001 -32"><span class='ocrx_word' id='word_1_77' title='bbox 724 1577 859 1649; x_wconf 85' lang='lat' dir='ltr'><strong>est?</strong></span> <span class='ocrx_word' id='word_1_78' title='bbox 876 1580 1134 1680; x_wconf 74' lang='lat' dir='ltr'><strong>Atqui4</strong></span> <span class='ocrx_word' id='word_1_79' title='bbox 1156 1607 1285 1680; x_wconf 78' lang='lat' dir='ltr'><strong>ego</strong></span> <span class='ocrx_word' id='word_1_80' title='bbox 1306 1580 1513 1654; x_wconf 84' lang='lat' dir='ltr'><strong>illum</strong></span> <span class='ocrx_word' id='word_1_81' title='bbox 1533 1639 1552 1670; x_wconf 89' lang='lat'>,</span> <span class='ocrx_word' id='word_1_82' title='bbox 1578 1609 1794 1681; x_wconf 87' lang='lat' dir='ltr'><strong>quem</strong></span> <span class='ocrx_word' id='word_1_83' title='bbox 1821 1583 2142 1675; x_wconf 86' lang='lat' dir='ltr'><strong>instituo,</strong></span> <span class='ocrx_word' id='word_1_84' title='bbox 2161 1586 2568 1656; x_wconf 81' lang='lat' dir='ltr'><strong>Romanum</strong></span> <span class='ocrx_word' id='word_1_85' title='bbox 2591 1605 2837 1679; x_wconf 87' lang='lat' dir='ltr'><strong>quem-</strong></span> 
     </span>
    </p>
   </div>
   <div class='ocr_carea' id='block_1_5' title="bbox 723 1758 1746 4223">
    <p class='ocr_par' dir='ltr' id='par_1_5' title="bbox 723 1758 1738 2684">
     <span class='ocr_line' id='line_1_14' title="bbox 726 1758 1738 1831; baseline 0.007 -23"><span class='ocrx_word' id='word_1_86' title='bbox 726 1758 907 1809; x_wconf 83' lang='lat' dir='ltr'><strong>Nostri</strong></span> <span class='ocrx_word' id='word_1_87' title='bbox 933 1760 985 1825; x_wconf 84' lang='lat' dir='ltr'><strong>t,</strong></span> <span class='ocrx_word' id='word_1_88' title='bbox 1019 1778 1243 1831; x_wconf 84' lang='lat' dir='ltr'><strong>prooem.</strong></span> <span class='ocrx_word' id='word_1_89' title='bbox 1274 1763 1367 1829; x_wconf 86' lang='lat'><strong>13,</strong></span> <span class='ocrx_word' id='word_1_90' title='bbox 1405 1762 1562 1814; x_wconf 84' lang='lat' dir='ltr'><strong>sicuti</strong></span> <span class='ocrx_word' id='word_1_91' title='bbox 1595 1775 1649 1815; x_wconf 89' lang='lat' dir='ltr'><strong>et</strong></span> <span class='ocrx_word' id='word_1_92' title='bbox 1681 1764 1738 1814; x_wconf 88' lang='lat' dir='ltr'><strong>in</strong></span> 
     </span>
     <span class='ocr_line' id='line_1_15' title="bbox 727 1835 1736 1912; baseline 0.008 -26"><span class='ocrx_word' id='word_1_93' title='bbox 727 1836 870 1887; x_wconf 89' lang='lat' dir='ltr'><strong>omni</strong></span> <span class='ocrx_word' id='word_1_94' title='bbox 907 1835 1010 1890; x_wconf 75' lang='lat' dir='ltr'><strong>hae</strong></span> <span class='ocrx_word' id='word_1_95' title='bbox 1048 1858 1173 1891; x_wconf 88' lang='lat' dir='ltr'><strong>cum</strong></span> <span class='ocrx_word' id='word_1_96' title='bbox 1209 1839 1547 1912; x_wconf 78' lang='lat' dir='ltr'><strong>philosophis</strong></span> <span class='ocrx_word' id='word_1_97' title='bbox 1585 1842 1736 1912; x_wconf 72' lang='lat' dir='ltr'><strong>quasi</strong></span> 
     </span>
     <span class='ocr_line' id='line_1_16' title="bbox 724 1915 1738 1993; baseline 0.007 -26"><span class='ocrx_word' id='word_1_98' title='bbox 724 1915 832 1969; x_wconf 90' lang='lat' dir='ltr'><strong>lite.</strong></span> <span class='ocrx_word' id='word_1_99' title='bbox 854 1919 911 1969; x_wconf 89' lang='lat' dir='ltr'><strong>In</strong></span> <span class='ocrx_word' id='word_1_100' title='bbox 922 1917 1025 1988; x_wconf 81' lang='lat' dir='ltr'><strong>fon</strong></span> <span class='ocrx_word' id='word_1_101' title='bbox 1034 1920 1164 1971; x_wconf 80' lang='lat' dir='ltr'><strong>tibus</strong></span> <span class='ocrx_word' id='word_1_102' title='bbox 1179 1921 1449 1992; x_wconf 63' lang='lat' dir='ltr'><strong>sapientire</strong></span> <span class='ocrx_word' id='word_1_103' title='bbox 1474 1920 1542 1973; x_wconf 79' lang='lat' dir='ltr'><strong>ed</strong></span> <span class='ocrx_word' id='word_1_104' title='bbox 1560 1935 1738 1993; x_wconf 74' lang='lat' dir='ltr'><strong>partes</strong></span> 
     </span>
     <span class='ocr_line' id='line_1_17' title="bbox 723 1994 1735 2067; baseline 0.008 -22"><span class='ocrx_word' id='word_1_105' title='bbox 723 1994 995 2050; x_wconf 79' lang='lat' dir='ltr'><strong>vocandus</strong></span> <span class='ocrx_word' id='word_1_106' title='bbox 1013 1997 1166 2052; x_wconf 77' lang='lat' dir='ltr'><strong>locus</strong></span> <span class='ocrx_word' id='word_1_107' title='bbox 1184 1999 1403 2051; x_wconf 85' lang='lat' dir='ltr'><strong>Tuscul.</strong></span> <span class='ocrx_word' id='word_1_108' title='bbox 1426 2003 1474 2066; x_wconf 87' lang='lat'><strong>1,</strong></span> <span class='ocrx_word' id='word_1_109' title='bbox 1494 2000 1528 2052; x_wconf 88' lang='grc'>3</span> <span class='ocrx_word' id='word_1_110' title='bbox 1540 2039 1558 2067; x_wconf 84' lang='grc'>,</span> <span class='ocrx_word' id='word_1_111' title='bbox 1582 2013 1735 2062; x_wconf 84' lang='lat' dir='ltr'><strong>extr.;</strong></span> 
     </span>
     <span class='ocr_line' id='line_1_18' title="bbox 724 2076 1735 2151; baseline 0.006 -25"><span class='ocrx_word' id='word_1_112' title='bbox 724 2077 851 2127; x_wconf 86' lang='lat' dir='ltr'><strong>item</strong></span> <span class='ocrx_word' id='word_1_113' title='bbox 883 2076 1278 2148; x_wconf 82' lang='lat' dir='ltr'><strong>quodammodo</strong></span> <span class='ocrx_word' id='word_1_114' title='bbox 1307 2081 1458 2133; x_wconf 81' lang='lat' dir='ltr'><strong>Orat.</strong></span> <span class='ocrx_word' id='word_1_115' title='bbox 1492 2099 1611 2151; x_wconf 84' lang='lat' dir='ltr'><strong>cap.</strong></span> <span class='ocrx_word' id='word_1_116' title='bbox 1651 2098 1735 2132; x_wconf 61' lang='grc' dir='ltr'><strong>αι.</strong></span> 
     </span>
     <span class='ocr_line' id='line_1_19' title="bbox 727 2156 1735 2221; baseline 0.002 -13"><span class='ocrx_word' id='word_1_117' title='bbox 727 2158 886 2208; x_wconf 76' lang='lat' dir='ltr'><strong>-Et</strong></span> <span class='ocrx_word' id='word_1_118' title='bbox 908 2156 1077 2221; x_wconf 72' lang='lat' dir='ltr'><strong>libris‚·</strong></span> <span class='ocrx_word' id='word_1_119' title='bbox 1107 2161 1182 2212; x_wconf 81' lang='lat' dir='ltr'><strong>sic</strong></span> <span class='ocrx_word' id='word_1_120' title='bbox 1205 2161 1383 2212; x_wconf 86' lang='lat' dir='ltr'><strong>Turio.</strong></span> <span class='ocrx_word' id='word_1_121' title='bbox 1408 2158 1550 2210; x_wconf 89' lang='lat' dir='ltr'><strong>Flor.</strong></span> <span class='ocrx_word' id='word_1_122' title='bbox 1571 2159 1735 2211; x_wconf 60' lang='lat' dir='ltr'><strong>Cau».</strong></span> 
     </span>
     <span class='ocr_line' id='line_1_20' title="bbox 729 2236 1737 2309; baseline 0.002 -20"><span class='ocrx_word' id='word_1_123' title='bbox 729 2255 849 2289; x_wconf 86' lang='lat' dir='ltr'><strong>cum</strong></span> <span class='ocrx_word' id='word_1_124' title='bbox 878 2236 1135 2291; x_wconf 73' lang='lat' dir='ltr'><strong>Almelov.</strong></span> <span class='ocrx_word' id='word_1_125' title='bbox 1157 2240 1231 2290; x_wconf 76' lang='lat' dir='ltr'><strong>Et</strong></span> <span class='ocrx_word' id='word_1_126' title='bbox 1247 2242 1499 2291; x_wconf 88' lang='lat' dir='ltr'><strong>omittunt</strong></span> <span class='ocrx_word' id='word_1_127' title='bbox 1526 2238 1737 2309; x_wconf 81' lang='lat' dir='ltr'><strong>reliqui.</strong></span> 
     </span>
     <span class='ocr_line' id='line_1_21' title="bbox 726 2315 1738 2390; baseline 0.002 -23"><span class='ocrx_word' id='word_1_128' title='bbox 726 2315 975 2387; x_wconf 74' lang='lat' dir='ltr'><strong>Epistolt&#39;s</strong></span> <span class='ocrx_word' id='word_1_129' title='bbox 1006 2320 1200 2369; x_wconf 83' lang='lat' dir='ltr'><strong>omittit</strong></span> <span class='ocrx_word' id='word_1_130' title='bbox 1230 2317 1407 2370; x_wconf 82' lang='lat' dir='ltr'><strong>Guelf.</strong></span> <span class='ocrx_word' id='word_1_131' title='bbox 1433 2317 1738 2390; x_wconf 78' lang='lat' dir='ltr'><strong>Aliquando</strong></span> 
     </span>
     <span class='ocr_line' id='line_1_22' title="bbox 726 2393 1736 2460; baseline 0.001 -16"><span class='ocrx_word' id='word_1_132' title='bbox 726 2393 845 2458; x_wconf 74' lang='lat' dir='ltr'><strong>diu,</strong></span> <span class='ocrx_word' id='word_1_133' title='bbox 863 2393 1031 2446; x_wconf 58' lang='lat' dir='ltr'><strong>Cam.</strong></span> <span class='ocrx_word' id='word_1_134' title='bbox 1050 2395 1166 2447; x_wconf 84' lang='lat' dir='ltr'><strong>Hoc</strong></span> <span class='ocrx_word' id='word_1_135' title='bbox 1178 2398 1446 2460; x_wconf 66' lang='lat' dir='ltr'><strong>exortatio,</strong></span> <span class='ocrx_word' id='word_1_136' title='bbox 1462 2396 1736 2449; x_wconf 75' lang='lat' dir='ltr'><strong>Tur-icens.</strong></span> 
     </span>
     <span class='ocr_line' id='line_1_23' title="bbox 728 2472 1738 2540; baseline 0.001 -16"><span class='ocrx_word' id='word_1_137' title='bbox 728 2473 856 2524; x_wconf 79' lang='lat' dir='ltr'><strong>Hoec</strong></span> <span class='ocrx_word' id='word_1_138' title='bbox 888 2472 1178 2525; x_wconf 76' lang='lat' dir='ltr'><strong>cohortatio</strong></span> <span class='ocrx_word' id='word_1_139' title='bbox 1194 2512 1212 2540; x_wconf 90' lang='lat'>‚</span> <span class='ocrx_word' id='word_1_140' title='bbox 1236 2473 1412 2526; x_wconf 83' lang='lat' dir='ltr'><strong>Guelf.</strong></span> <span class='ocrx_word' id='word_1_141' title='bbox 1441 2476 1565 2526; x_wconf 84' lang='lat' dir='ltr'><strong>Exc.</strong></span> <span class='ocrx_word' id='word_1_142' title='bbox 1590 2475 1738 2527; x_wconf 66' lang='lat' dir='ltr'><strong>Sunt.</strong></span> 
     </span>
     <span class='ocr_line' id='line_1_24' title="bbox 726 2550 1736 2604; baseline 0.004 -4"><span class='ocrx_word' id='word_1_143' title='bbox 726 2552 851 2601; x_wconf 81' lang='lat' dir='ltr'><strong>Mea</strong></span> <span class='ocrx_word' id='word_1_144' title='bbox 876 2569 1000 2602; x_wconf 80' lang='lat' dir='ltr'><strong>mox</strong></span> <span class='ocrx_word' id='word_1_145' title='bbox 1022 2550 1208 2602; x_wconf 76' lang='lat' dir='ltr'><strong>abesse</strong></span> <span class='ocrx_word' id='word_1_146' title='bbox 1233 2551 1427 2603; x_wconf 87' lang='lat' dir='ltr'><strong>dicitur</strong></span> <span class='ocrx_word' id='word_1_147' title='bbox 1455 2551 1522 2603; x_wconf 81' lang='lat' dir='ltr'><strong>ab</strong></span> <span class='ocrx_word' id='word_1_148' title='bbox 1546 2552 1736 2604; x_wconf 85' lang='lat' dir='ltr'><strong>Almel.</strong></span> 
     </span>
     <span class='ocr_line' id='line_1_25' title="bbox 728 2628 1684 2684; baseline 0.003 -5"><span class='ocrx_word' id='word_1_149' title='bbox 728 2632 882 2680; x_wconf 81' lang='lat' dir='ltr'><strong>Voss.</strong></span> <span class='ocrx_word' id='word_1_150' title='bbox 902 2628 953 2680; x_wconf 84' lang='lat'><strong>3.</strong></span> <span class='ocrx_word' id='word_1_151' title='bbox 970 2630 1078 2679; x_wconf 87' lang='lat' dir='ltr'><strong>Mei</strong></span> <span class='ocrx_word' id='word_1_152' title='bbox 1095 2629 1215 2681; x_wconf 82' lang='lat' dir='ltr'><strong>libri</strong></span> <span class='ocrx_word' id='word_1_153' title='bbox 1235 2650 1345 2682; x_wconf 89' lang='lat' dir='ltr'><strong>non</strong></span> <span class='ocrx_word' id='word_1_154' title='bbox 1365 2631 1684 2684; x_wconf 79' lang='lat' dir='ltr'><strong>desiderant.</strong></span> 
     </span>
    </p>

    <p class='ocr_par' dir='ltr' id='par_1_6' title="bbox 727 2707 1746 3575">
     <span class='ocr_line' id='line_1_26' title="bbox 808 2707 1742 2781; baseline 0.003 -23"><span class='ocrx_word' id='word_1_155' title='bbox 808 2723 851 2758; x_wconf 80' lang='lat' dir='ltr'><strong>t.</strong></span> <span class='ocrx_word' id='word_1_156' title='bbox 877 2707 1146 2758; x_wconf 78' lang='lat' dir='ltr'><strong>Oratorem</strong></span> <span class='ocrx_word' id='word_1_157' title='bbox 1166 2708 1561 2781; x_wconf 71' lang='lat' dir='ltr'><strong>philosophum.</strong></span> <span class='ocrx_word' id='word_1_158' title='bbox 1578 2709 1742 2778; x_wconf 86' lang='lat' dir='ltr'><strong>Quod</strong></span> 
     </span>
     <span class='ocr_line' id='line_1_27' title="bbox 730 2784 1742 2856; baseline 0.002 -20"><span class='ocrx_word' id='word_1_159' title='bbox 730 2784 819 2837; x_wconf 84' lang='lat' dir='ltr'><strong>hic</strong></span> <span class='ocrx_word' id='word_1_160' title='bbox 859 2785 1125 2838; x_wconf 77' lang='lat' dir='ltr'><strong>Gesnerus</strong></span> <span class='ocrx_word' id='word_1_161' title='bbox 1167 2788 1407 2856; x_wconf 74' lang='lat' dir='ltr'><strong>agnoscit</strong></span> <span class='ocrx_word' id='word_1_162' title='bbox 1455 2786 1742 2838; x_wconf 72' lang='lat' dir='ltr'><strong>Domitiani</strong></span> 
     </span>
     <span class='ocr_line' id='line_1_28' title="bbox 731 2864 1743 2937; baseline 0.002 -19"><span class='ocrx_word' id='word_1_163' title='bbox 731 2864 1035 2919; x_wconf 83' lang='lat' dir='ltr'><strong>demerendi</strong></span> <span class='ocrx_word' id='word_1_164' title='bbox 1059 2864 1292 2918; x_wconf 80' lang='lat' dir='ltr'><strong>studium</strong></span> <span class='ocrx_word' id='word_1_165' title='bbox 1310 2906 1328 2934; x_wconf 88' lang='lat'>‚</span> <span class='ocrx_word' id='word_1_166' title='bbox 1355 2866 1423 2921; x_wconf 89' lang='lat' dir='ltr'><strong>de</strong></span> <span class='ocrx_word' id='word_1_167' title='bbox 1448 2885 1515 2919; x_wconf 86' lang='lat' dir='ltr'><strong>eo</strong></span> <span class='ocrx_word' id='word_1_168' title='bbox 1540 2868 1743 2937; x_wconf 77' lang='lat' dir='ltr'><strong>egimus</strong></span> 
     </span>
     <span class='ocr_line' id='line_1_29' title="bbox 734 2943 1744 3016; baseline -0.002 -19"><span class='ocrx_word' id='word_1_169' title='bbox 734 2944 800 2997; x_wconf 78' lang='lat' dir='ltr'><strong>ad</strong></span> <span class='ocrx_word' id='word_1_170' title='bbox 821 2946 870 3010; x_wconf 86' lang='lat'><strong>1,</strong></span> <span class='ocrx_word' id='word_1_171' title='bbox 895 2963 1119 3016; x_wconf 86' lang='lat' dir='ltr'><strong>prooem.</strong></span> <span class='ocrx_word' id='word_1_172' title='bbox 1147 2961 1165 2996; x_wconf 87' lang='lat'>1</span> <span class='ocrx_word' id='word_1_173' title='bbox 1179 2943 1227 2997; x_wconf 86' lang='lat'><strong>5.</strong></span> <span class='ocrx_word' id='word_1_174' title='bbox 1249 2945 1486 2999; x_wconf 83' lang='lat' dir='ltr'><strong>Pithoeus</strong></span> <span class='ocrx_word' id='word_1_175' title='bbox 1506 2963 1744 2996; x_wconf 89' lang='lat' dir='ltr'><strong>commo-</strong></span> 
     </span>
     <span class='ocr_line' id='line_1_30' title="bbox 727 3024 1741 3079; baseline -0.001 -1"><span class='ocrx_word' id='word_1_176' title='bbox 727 3027 861 3078; x_wconf 89' lang='lat' dir='ltr'><strong>dum</strong></span> <span class='ocrx_word' id='word_1_177' title='bbox 884 3025 1215 3079; x_wconf 76' lang='lat' dir='ltr'><strong>demonstrat</strong></span> <span class='ocrx_word' id='word_1_178' title='bbox 1228 3026 1489 3078; x_wconf 74' lang='lat' dir='ltr'><strong>Macrobii</strong></span> <span class='ocrx_word' id='word_1_179' title='bbox 1508 3024 1670 3078; x_wconf 66' lang='lat' dir='ltr'><strong>verbu</strong></span> <span class='ocrx_word' id='word_1_180' title='bbox 1687 3027 1741 3077; x_wconf 85' lang='lat' dir='ltr'><strong>in</strong></span> 
     </span>
     <span class='ocr_line' id='line_1_31' title="bbox 730 3104 1746 3176; baseline -0.004 -17"><span class='ocrx_word' id='word_1_181' title='bbox 730 3107 910 3159; x_wconf 87' lang='lat' dir='ltr'><strong>Somn.</strong></span> <span class='ocrx_word' id='word_1_182' title='bbox 933 3106 1017 3159; x_wconf 88' lang='lat' dir='ltr'><strong>Sc.</strong></span> <span class='ocrx_word' id='word_1_183' title='bbox 1040 3106 1120 3170; x_wconf 83' lang='lat'><strong>11,</strong></span> <span class='ocrx_word' id='word_1_184' title='bbox 1153 3122 1247 3173; x_wconf 85' lang='lat'><strong>17:</strong></span> <span class='ocrx_word' id='word_1_185' title='bbox 1278 3128 1301 3151; x_wconf 73' lang='grc' dir='ltr'>ι</span> <span class='ocrx_word' id='word_1_186' title='bbox 1321 3104 1507 3159; x_wconf 84' lang='lat' dir='ltr'><strong>Soli...</strong></span> <span class='ocrx_word' id='word_1_187' title='bbox 1534 3106 1746 3176; x_wconf 82' lang='lat' dir='ltr'><strong>sapien-</strong></span> 
     </span>
     <span class='ocr_line' id='line_1_32' title="bbox 738 3183 1740 3238; baseline -0.001 -1"><span class='ocrx_word' id='word_1_188' title='bbox 738 3209 760 3231; x_wconf 79' lang='lat'><strong>·</strong></span> <span class='ocrx_word' id='word_1_189' title='bbox 782 3188 864 3237; x_wconf 77' lang='lat' dir='ltr'><strong>tiae</strong></span> <span class='ocrx_word' id='word_1_190' title='bbox 880 3187 991 3236; x_wconf 90' lang='lat' dir='ltr'><strong>otio</strong></span> <span class='ocrx_word' id='word_1_191' title='bbox 1006 3183 1218 3237; x_wconf 81' lang='lat' dir='ltr'><strong>deditos</strong></span> <span class='ocrx_word' id='word_1_192' title='bbox 1236 3198 1295 3237; x_wconf 90' lang='lat' dir='ltr'><strong>ut</strong></span> <span class='ocrx_word' id='word_1_193' title='bbox 1316 3184 1529 3238; x_wconf 73' lang='lat' dir='ltr'><strong>abunde</strong></span> <span class='ocrx_word' id='word_1_194' title='bbox 1543 3185 1740 3236; x_wconf 74' lang='lat' dir='ltr'><strong>Graecin</strong></span> 
     </span>
     <span class='ocr_line' id='line_1_33' title="bbox 738 3263 1745 3334; baseline 0.004 -23"><span class='ocrx_word' id='word_1_195' title='bbox 738 3287 759 3311; x_wconf 77' lang='grc' dir='ltr'>ι</span> <span class='ocrx_word' id='word_1_196' title='bbox 780 3263 928 3330; x_wconf 81' lang='lat' dir='ltr'><strong>tulit,</strong></span> <span class='ocrx_word' id='word_1_197' title='bbox 952 3266 1021 3315; x_wconf 76' lang='lat' dir='ltr'><strong>ita</strong></span> <span class='ocrx_word' id='word_1_198' title='bbox 1044 3266 1211 3316; x_wconf 74' lang='lat' dir='ltr'><strong>Roma</strong></span> <span class='ocrx_word' id='word_1_199' title='bbox 1238 3267 1457 3317; x_wconf 69' lang='lat' dir='ltr'><strong>nescivit</strong></span> <span class='ocrx_word' id='word_1_200' title='bbox 1477 3288 1499 3312; x_wconf 74' lang='lat' dir='ltr'><strong>n</strong></span> <span class='ocrx_word' id='word_1_201' title='bbox 1528 3263 1745 3334; x_wconf 83' lang='lat' dir='ltr'><strong>(quam-</strong></span> 
     </span>
     <span class='ocr_line' id='line_1_34' title="bbox 734 3345 1744 3418; baseline -0.002 -21"><span class='ocrx_word' id='word_1_202' title='bbox 734 3363 893 3418; x_wconf 82' lang='lat' dir='ltr'><strong>quam</strong></span> <span class='ocrx_word' id='word_1_203' title='bbox 932 3345 1007 3398; x_wconf 88' lang='lat' dir='ltr'><strong>ibi</strong></span> <span class='ocrx_word' id='word_1_204' title='bbox 1049 3345 1303 3397; x_wconf 76' lang='lat' dir='ltr'><strong>mendose</strong></span> <span class='ocrx_word' id='word_1_205' title='bbox 1345 3345 1593 3415; x_wconf 73' lang='lat' dir='ltr'><strong>vulgatur</strong></span> <span class='ocrx_word' id='word_1_206' title='bbox 1635 3361 1744 3396; x_wconf 78' lang='lat' dir='ltr'><strong>non</strong></span> 
     </span>
     <span class='ocr_line' id='line_1_35' title="bbox 730 3424 1742 3498; baseline -0.003 -20"><span class='ocrx_word' id='word_1_207' title='bbox 730 3427 975 3491; x_wconf 75' lang='lat' dir='ltr'><strong>nescivit,</strong></span> <span class='ocrx_word' id='word_1_208' title='bbox 1008 3424 1155 3498; x_wconf 87' lang='lat' dir='ltr'><strong>quod</strong></span> <span class='ocrx_word' id='word_1_209' title='bbox 1184 3428 1361 3497; x_wconf 85' lang='lat' dir='ltr'><strong>inepte</strong></span> <span class='ocrx_word' id='word_1_210' title='bbox 1395 3439 1575 3477; x_wconf 86' lang='lat' dir='ltr'><strong>tuetur</strong></span> <span class='ocrx_word' id='word_1_211' title='bbox 1597 3426 1742 3475; x_wconf 89' lang='lat' dir='ltr'><strong>Pon·</strong></span> 
     </span>
     <span class='ocr_line' id='line_1_36' title="bbox 729 3504 1473 3575; baseline -0.007 -14"><span class='ocrx_word' id='word_1_212' title='bbox 729 3510 927 3575; x_wconf 72' lang='lat' dir='ltr'><strong>tanus).</strong></span> <span class='ocrx_word' id='word_1_213' title='bbox 945 3506 1079 3558; x_wconf 85' lang='lat' dir='ltr'><strong>Vide</strong></span> <span class='ocrx_word' id='word_1_214' title='bbox 1102 3521 1150 3559; x_wconf 87' lang='lat' dir='ltr'><strong>et</strong></span> <span class='ocrx_word' id='word_1_215' title='bbox 1176 3508 1249 3558; x_wconf 81' lang='lat' dir='ltr'><strong>xl</strong></span> <span class='ocrx_word' id='word_1_216' title='bbox 1265 3544 1282 3568; x_wconf 89' lang='grc'><strong>.,</strong></span> <span class='ocrx_word' id='word_1_217' title='bbox 1313 3522 1360 3568; x_wconf 81' lang='grc' dir='ltr'><strong>ι,</strong></span> <span class='ocrx_word' id='word_1_218' title='bbox 1386 3504 1473 3558; x_wconf 83' lang='grc'><strong>35.</strong></span> 
     </span>
    </p>

    <p class='ocr_par' dir='ltr' id='par_1_7' title="bbox 728 3584 1743 4054">
     <span class='ocr_line' id='line_1_37' title="bbox 805 3584 1737 3659; baseline -0.003 -21"><span class='ocrx_word' id='word_1_219' title='bbox 805 3605 852 3638; x_wconf 87' lang='lat'><strong>2.</strong></span> <span class='ocrx_word' id='word_1_220' title='bbox 873 3588 985 3639; x_wconf 81' lang='lat' dir='ltr'><strong>Aut</strong></span> <span class='ocrx_word' id='word_1_221' title='bbox 1004 3586 1058 3636; x_wconf 80' lang='lat' dir='ltr'><strong>in</strong></span> <span class='ocrx_word' id='word_1_222' title='bbox 1062 3585 1298 3659; x_wconf 73' lang='lat' dir='ltr'><strong>judiciis.</strong></span> <span class='ocrx_word' id='word_1_223' title='bbox 1319 3585 1530 3637; x_wconf 79' lang='lat' dir='ltr'><strong>Habent</strong></span> <span class='ocrx_word' id='word_1_224' title='bbox 1547 3603 1612 3635; x_wconf 82' lang='lat' dir='ltr'><strong>ac</strong></span> <span class='ocrx_word' id='word_1_225' title='bbox 1612 3584 1737 3657; x_wconf 81' lang='lat' dir='ltr'><strong>jud.</strong></span> 
     </span>
     <span class='ocr_line' id='line_1_38' title="bbox 728 3660 1740 3736; baseline -0.005 -19"><span class='ocrx_word' id='word_1_226' title='bbox 728 3664 905 3719; x_wconf 75' lang='lat' dir='ltr'><strong>Turic-</strong></span> <span class='ocrx_word' id='word_1_227' title='bbox 935 3664 1049 3735; x_wconf 87' lang='lat' dir='ltr'><strong>(qui</strong></span> <span class='ocrx_word' id='word_1_228' title='bbox 1074 3678 1126 3716; x_wconf 82' lang='lat' dir='ltr'><strong>et</strong></span> <span class='ocrx_word' id='word_1_229' title='bbox 1141 3664 1361 3736; x_wconf 75' lang='lat' dir='ltr'><strong>judicis)</strong></span> <span class='ocrx_word' id='word_1_230' title='bbox 1396 3663 1534 3715; x_wconf 84' lang='lat' dir='ltr'><strong>Flor.</strong></span> <span class='ocrx_word' id='word_1_231' title='bbox 1570 3660 1740 3713; x_wconf 74' lang='lat' dir='ltr'><strong>Pleri-</strong></span> 
     </span>
     <span class='ocr_line' id='line_1_39' title="bbox 731 3744 1739 3820; baseline -0.005 -22"><span class='ocrx_word' id='word_1_232' title='bbox 731 3766 831 3820; x_wconf 78' lang='lat' dir='ltr'><strong>que</strong></span> <span class='ocrx_word' id='word_1_233' title='bbox 848 3764 1027 3800; x_wconf 81' lang='lat' dir='ltr'><strong>eorum</strong></span> <span class='ocrx_word' id='word_1_234' title='bbox 1049 3744 1317 3795; x_wconf 76' lang='lat' dir='ltr'><strong>vitandam</strong></span> <span class='ocrx_word' id='word_1_235' title='bbox 1336 3744 1652 3815; x_wconf 75' lang='lat' dir='ltr'><strong>proecipiunt</strong></span> <span class='ocrx_word' id='word_1_236' title='bbox 1677 3761 1739 3794; x_wconf 84' lang='lat' dir='ltr'><strong>ex</strong></span> 
     </span>
     <span class='ocr_line' id='line_1_40' title="bbox 730 3821 1740 3898; baseline -0.007 -20"><span class='ocrx_word' id='word_1_237' title='bbox 730 3836 1055 3898; x_wconf 63' lang='lat' dir='ltr'><strong>prepostero</strong></span> <span class='ocrx_word' id='word_1_238' title='bbox 1080 3824 1225 3892; x_wconf 76' lang='lat' dir='ltr'><strong>Regii</strong></span> <span class='ocrx_word' id='word_1_239' title='bbox 1250 3825 1456 3874; x_wconf 82' lang='lat' dir='ltr'><strong>monitu</strong></span> <span class='ocrx_word' id='word_1_240' title='bbox 1487 3821 1611 3872; x_wconf 74' lang='lat' dir='ltr'><strong>Bad.</strong></span> <span class='ocrx_word' id='word_1_241' title='bbox 1641 3822 1740 3872; x_wconf 76' lang='lat' dir='ltr'><strong>Ba-</strong></span> 
     </span>
     <span class='ocr_line' id='line_1_41' title="bbox 732 3899 1743 3977; baseline -0.004 -21"><span class='ocrx_word' id='word_1_242' title='bbox 732 3903 812 3956; x_wconf 78' lang='lat' dir='ltr'><strong>sil.</strong></span> <span class='ocrx_word' id='word_1_243' title='bbox 835 3903 1035 3977; x_wconf 72' lang='lat' dir='ltr'><strong>Gryph.</strong></span> <span class='ocrx_word' id='word_1_244' title='bbox 1061 3900 1207 3953; x_wconf 75' lang='lat' dir='ltr'><strong>Gibs.</strong></span> <span class='ocrx_word' id='word_1_245' title='bbox 1235 3900 1364 3954; x_wconf 83' lang='lat' dir='ltr'><strong>Obr.</strong></span> <span class='ocrx_word' id='word_1_246' title='bbox 1388 3899 1525 3952; x_wconf 79' lang='lat' dir='ltr'><strong>Roll.</strong></span> <span class='ocrx_word' id='word_1_247' title='bbox 1552 3912 1743 3971; x_wconf 61' lang='lat' dir='ltr'><strong>praeter</strong></span> 
     </span>
     <span class='ocr_line' id='line_1_42' title="bbox 732 3980 1738 4054; baseline -0.005 -19"><span class='ocrx_word' id='word_1_248' title='bbox 732 3983 935 4054; x_wconf 78' lang='lat' dir='ltr'><strong>aliquot</strong></span> <span class='ocrx_word' id='word_1_249' title='bbox 952 3980 1069 4035; x_wconf 85' lang='lat' dir='ltr'><strong>edd.</strong></span> <span class='ocrx_word' id='word_1_250' title='bbox 1084 3983 1385 4032; x_wconf 77' lang='lat' dir='ltr'><strong>Bur-manno</strong></span> <span class='ocrx_word' id='word_1_251' title='bbox 1405 3992 1738 4030; x_wconf 78' lang='lat' dir='ltr'><strong>memoratas.</strong></span> 
     </span>
    </p>

    <p class='ocr_par' dir='ltr' id='par_1_8' title="bbox 732 4057 1743 4223">
     <span class='ocr_line' id='line_1_43' title="bbox 806 4057 1743 4133; baseline -0.006 -20"><span class='ocrx_word' id='word_1_252' title='bbox 806 4063 858 4114; x_wconf 88' lang='grc'><strong>3.</strong></span> <span class='ocrx_word' id='word_1_253' title='bbox 891 4063 1117 4132; x_wconf 75' lang='lat' dir='ltr'><strong>Quam...</strong></span> <span class='ocrx_word' id='word_1_254' title='bbox 1147 4060 1483 4133; x_wconf 70' lang='lat' dir='ltr'><strong>proecipa&#39;unt.</strong></span> <span class='ocrx_word' id='word_1_255' title='bbox 1513 4058 1620 4125; x_wconf 89' lang='lat' dir='ltr'><strong>Qui</strong></span> <span class='ocrx_word' id='word_1_256' title='bbox 1653 4057 1743 4108; x_wconf 91' lang='lat' dir='ltr'><strong>hic</strong></span> 
     </span>
     <span class='ocr_line' id='line_1_44' title="bbox 732 4144 1741 4223; baseline -0.006 -19"><span class='ocrx_word' id='word_1_257' title='bbox 732 4147 933 4223; x_wconf 74' lang='lat' dir='ltr'><strong>aliquid</strong></span> <span class='ocrx_word' id='word_1_258' title='bbox 967 4148 1310 4202; x_wconf 81' lang='lat' dir='ltr'><strong>inserendum</strong></span> <span class='ocrx_word' id='word_1_259' title='bbox 1341 4144 1708 4202; x_wconf 75' lang='lat' dir='ltr'><strong>desiderarunt</strong></span> <span class='ocrx_word' id='word_1_260' title='bbox 1725 4183 1741 4212; x_wconf 76' lang='lat'>‚</span> 
     </span>
    </p>
   </div>
   <div class='ocr_carea' id='block_1_6' title="bbox 1816 1760 2844 4215">
    <p class='ocr_par' dir='ltr' id='par_1_9' title="bbox 1816 1760 2844 4215">
     <span class='ocr_line' id='line_1_45' title="bbox 1818 1760 2838 1837; baseline -0.005 -21"><span class='ocrx_word' id='word_1_261' title='bbox 1818 1762 1962 1816; x_wconf 83' lang='lat' dir='ltr'><strong>velut</strong></span> <span class='ocrx_word' id='word_1_262' title='bbox 1979 1762 2248 1818; x_wconf 78' lang='lat' dir='ltr'><strong>vitandam</strong></span> <span class='ocrx_word' id='word_1_263' title='bbox 2258 1760 2606 1837; x_wconf 74' lang='lat' dir='ltr'><strong>,fuqiendam</strong></span> <span class='ocrx_word' id='word_1_264' title='bbox 2619 1800 2638 1827; x_wconf 88' lang='lat'><strong><em>,</em></strong></span> <span class='ocrx_word' id='word_1_265' title='bbox 2657 1762 2694 1812; x_wconf 91' lang='lat' dir='ltr'><strong>ii</strong></span> <span class='ocrx_word' id='word_1_266' title='bbox 2704 1777 2838 1831; x_wconf 82' lang='lat' dir='ltr'><strong>proe·</strong></span> 
     </span>
     <span class='ocr_line' id='line_1_46' title="bbox 1818 1838 2838 1992; baseline -0.005 -19"><span class='ocrx_word' id='word_1_267' title='bbox 1818 1842 1986 1974; x_wconf 61' lang='lat'><strong>32⁹3*</strong></span> <span class='ocrx_word' id='word_1_268' title='bbox 1999 1843 2202 1975; x_wconf 55' lang='lat'><strong>3‘2?</strong></span> <span class='ocrx_word' id='word_1_269' title='bbox 2219 1854 2545 1992; x_wconf 51' lang='grc' dir='ltr'><strong>ἷζῗῗζξῗζέ</strong></span> <span class='ocrx_word' id='word_1_270' title='bbox 2557 1838 2838 1990; x_wconf 53' lang='grc' dir='ltr'><strong>ζίἶῗᾷἶέζ</strong></span> 
     </span>
     <span class='ocr_line' id='line_1_47' title="bbox 1949 1961 1968 1988; baseline 0 0"><span class='ocrx_word' id='word_1_271' title='bbox 1949 1961 1968 1988; x_wconf 72' lang='lat'><em>2</em></span> 
     </span>
     <span class='ocr_line' id='line_1_48' title="bbox 1817 1998 2834 2072; baseline -0.002 -21"><span class='ocrx_word' id='word_1_272' title='bbox 1817 1999 2132 2072; x_wconf 78' lang='lat' dir='ltr'><strong>philosophi</strong></span> <span class='ocrx_word' id='word_1_273' title='bbox 2155 1999 2233 2054; x_wconf 87' lang='lat' dir='ltr'><strong>illi</strong></span> <span class='ocrx_word' id='word_1_274' title='bbox 2256 2002 2387 2071; x_wconf 85' lang='lat' dir='ltr'><strong>reip.</strong></span> <span class='ocrx_word' id='word_1_275' title='bbox 2417 1998 2834 2051; x_wconf 70' lang='lat' dir='ltr'><strong>administratio-</strong></span> 
     </span>
     <span class='ocr_line' id='line_1_49' title="bbox 1818 2075 2836 2153; baseline -0.004 -22"><span class='ocrx_word' id='word_1_276' title='bbox 1818 2077 1941 2131; x_wconf 82' lang='lat' dir='ltr'><strong>nem</strong></span> <span class='ocrx_word' id='word_1_277' title='bbox 1964 2080 2346 2153; x_wconf 74' lang='lat' dir='ltr'><strong>suscipiendam</strong></span> <span class='ocrx_word' id='word_1_278' title='bbox 2370 2082 2733 2151; x_wconf 72' lang='lat' dir='ltr'><strong>praeciperent.</strong></span> <span class='ocrx_word' id='word_1_279' title='bbox 2765 2075 2836 2127; x_wconf 79' lang='lat' dir='ltr'><strong>Et</strong></span> 
     </span>
     <span class='ocr_line' id='line_1_50' title="bbox 1818 2158 2835 2232; baseline -0.004 -21"><span class='ocrx_word' id='word_1_280' title='bbox 1818 2172 2109 2232; x_wconf 80' lang='lat' dir='ltr'><strong>usurpetur</strong></span> <span class='ocrx_word' id='word_1_281' title='bbox 2142 2161 2216 2212; x_wconf 74' lang='lat' dir='ltr'><strong>ita</strong></span> <span class='ocrx_word' id='word_1_282' title='bbox 2254 2178 2385 2212; x_wconf 76' lang='lat' dir='ltr'><strong>sane</strong></span> <span class='ocrx_word' id='word_1_283' title='bbox 2406 2158 2627 2211; x_wconf 80' lang='lat' dir='ltr'><strong>verbum</strong></span> <span class='ocrx_word' id='word_1_284' title='bbox 2643 2194 2660 2222; x_wconf 81' lang='lat'>‚</span> <span class='ocrx_word' id='word_1_285' title='bbox 2697 2167 2754 2207; x_wconf 85' lang='lat' dir='ltr'><strong>ut</strong></span> <span class='ocrx_word' id='word_1_286' title='bbox 2775 2158 2835 2223; x_wconf 85' lang='lat'><strong>1,</strong></span> 
     </span>
     <span class='ocr_line' id='line_1_51' title="bbox 1826 2233 2831 2310; baseline -0.006 -18"><span class='ocrx_word' id='word_1_287' title='bbox 1826 2258 1871 2304; x_wconf 84' lang='grc' dir='ltr'><strong>ι,</strong></span> <span class='ocrx_word' id='word_1_288' title='bbox 1903 2240 1983 2292; x_wconf 80' lang='grc' dir='ltr'><strong>ι6.</strong></span> <span class='ocrx_word' id='word_1_289' title='bbox 2022 2240 2170 2290; x_wconf 81' lang='lat' dir='ltr'><strong>Idem</strong></span> <span class='ocrx_word' id='word_1_290' title='bbox 2202 2248 2594 2310; x_wconf 68' lang='lat' dir='ltr'><strong>praeceperunt,</strong></span> <span class='ocrx_word' id='word_1_291' title='bbox 2632 2238 2758 2288; x_wconf 85' lang='lat' dir='ltr'><strong>item</strong></span> <span class='ocrx_word' id='word_1_292' title='bbox 2783 2233 2831 2306; x_wconf 68' lang='grc' dir='ltr'><strong>ς.</strong></span> 
     </span>
     <span class='ocr_line' id='line_1_52' title="bbox 1819 2315 2836 2386; baseline -0.003 -16"><span class='ocrx_word' id='word_1_293' title='bbox 1819 2318 1921 2386; x_wconf 74' lang='grc'><strong>34;</strong></span> <span class='ocrx_word' id='word_1_294' title='bbox 1951 2319 2005 2380; x_wconf 82' lang='lat' dir='ltr'><strong>l,</strong></span> <span class='ocrx_word' id='word_1_295' title='bbox 2038 2333 2128 2382; x_wconf 79' lang='grc' dir='ltr'><strong>ιο,</strong></span> <span class='ocrx_word' id='word_1_296' title='bbox 2160 2334 2245 2386; x_wconf 82' lang='lat'><strong>29.</strong></span> <span class='ocrx_word' id='word_1_297' title='bbox 2271 2317 2403 2370; x_wconf 80' lang='lat' dir='ltr'><strong>Si...</strong></span> <span class='ocrx_word' id='word_1_298' title='bbox 2429 2315 2664 2369; x_wconf 74' lang='lat' dir='ltr'><strong>studium</strong></span> <span class='ocrx_word' id='word_1_299' title='bbox 2688 2316 2836 2384; x_wconf 79' lang='lat' dir='ltr'><strong>(mu-</strong></span> 
     </span>
     <span class='ocr_line' id='line_1_53' title="bbox 1820 2393 2834 2470; baseline -0.004 -21"><span class='ocrx_word' id='word_1_300' title='bbox 1820 2396 2051 2468; x_wconf 75' lang='lat' dir='ltr'><strong>sices)...</strong></span> <span class='ocrx_word' id='word_1_301' title='bbox 2087 2399 2416 2470; x_wconf 71' lang='lat' dir='ltr'><strong>proecipeoem</strong></span> <span class='ocrx_word' id='word_1_302' title='bbox 2440 2434 2457 2457; x_wconf 89' lang='lat'>,</span> <span class='ocrx_word' id='word_1_303' title='bbox 2495 2394 2625 2447; x_wconf 85' lang='lat' dir='ltr'><strong>ibid.</strong></span> <span class='ocrx_word' id='word_1_304' title='bbox 2666 2393 2712 2464; x_wconf 76' lang='lat'><strong>§-</strong></span> <span class='ocrx_word' id='word_1_305' title='bbox 2742 2394 2834 2461; x_wconf 79' lang='lat'><strong>31,</strong></span> 
     </span>
     <span class='ocr_line' id='line_1_54' title="bbox 1822 2474 2834 2548; baseline -0.004 -20"><span class='ocrx_word' id='word_1_306' title='bbox 1822 2477 1959 2528; x_wconf 75' lang='lat' dir='ltr'><strong>hanc</strong></span> <span class='ocrx_word' id='word_1_307' title='bbox 1976 2497 2009 2527; x_wconf 85' lang='lat' dir='ltr'><strong><em>a</em></strong></span> <span class='ocrx_word' id='word_1_308' title='bbox 2027 2494 2113 2527; x_wconf 83' lang='lat' dir='ltr'><strong>me</strong></span> <span class='ocrx_word' id='word_1_309' title='bbox 2127 2476 2361 2548; x_wconf 75' lang='lat' dir='ltr'><strong>proecipi.</strong></span> <span class='ocrx_word' id='word_1_310' title='bbox 2378 2474 2478 2527; x_wconf 83' lang='lat' dir='ltr'><strong>Sed</strong></span> <span class='ocrx_word' id='word_1_311' title='bbox 2499 2487 2579 2526; x_wconf 79' lang='lat' dir='ltr'><strong>est</strong></span> <span class='ocrx_word' id='word_1_312' title='bbox 2597 2487 2650 2526; x_wconf 83' lang='lat' dir='ltr'><strong>et</strong></span> <span class='ocrx_word' id='word_1_313' title='bbox 2668 2483 2834 2525; x_wconf 73' lang='lat' dir='ltr'><strong>artem</strong></span> 
     </span>
     <span class='ocr_line' id='line_1_55' title="bbox 1816 2554 2835 2629; baseline -0.005 -21"><span class='ocrx_word' id='word_1_314' title='bbox 1816 2559 2096 2629; x_wconf 76' lang='lat' dir='ltr'><strong>proecipere</strong></span> <span class='ocrx_word' id='word_1_315' title='bbox 2116 2574 2217 2627; x_wconf 86' lang='lat' dir='ltr'><strong>pro</strong></span> <span class='ocrx_word' id='word_1_316' title='bbox 2242 2576 2293 2606; x_wconf 81' lang='lat' dir='ltr'><strong>a.</strong></span> <span class='ocrx_word' id='word_1_317' title='bbox 2316 2554 2530 2621; x_wconf 80' lang='lat' dir='ltr'><strong>docere,</strong></span> <span class='ocrx_word' id='word_1_318' title='bbox 2558 2557 2673 2623; x_wconf 77' lang='lat' dir='ltr'><strong>ejus</strong></span> <span class='ocrx_word' id='word_1_319' title='bbox 2695 2571 2835 2625; x_wconf 69' lang='lat' dir='ltr'><strong>pra·-</strong></span> 
     </span>
     <span class='ocr_line' id='line_1_56' title="bbox 1823 2631 2838 2704; baseline -0.002 -20"><span class='ocrx_word' id='word_1_320' title='bbox 1823 2647 1981 2704; x_wconf 75' lang='lat' dir='ltr'><strong>cepta</strong></span> <span class='ocrx_word' id='word_1_321' title='bbox 2016 2633 2175 2697; x_wconf 79' lang='lat' dir='ltr'><strong>dare,</strong></span> <span class='ocrx_word' id='word_1_322' title='bbox 2214 2647 2272 2684; x_wconf 91' lang='lat' dir='ltr'><strong>ut</strong></span> <span class='ocrx_word' id='word_1_323' title='bbox 2307 2634 2506 2684; x_wconf 84' lang='lat' dir='ltr'><strong>Nostro</strong></span> <span class='ocrx_word' id='word_1_324' title='bbox 2541 2633 2622 2696; x_wconf 78' lang='lat' dir='ltr'><strong>X,</strong></span> <span class='ocrx_word' id='word_1_325' title='bbox 2653 2648 2700 2697; x_wconf 81' lang='lat' dir='ltr'><strong>t,</strong></span> <span class='ocrx_word' id='word_1_326' title='bbox 2731 2631 2838 2701; x_wconf 85' lang='lat'><strong>69,</strong></span> 
     </span>
     <span class='ocr_line' id='line_1_57' title="bbox 1824 2712 2838 2786; baseline -0.002 -21"><span class='ocrx_word' id='word_1_327' title='bbox 1824 2731 1941 2786; x_wconf 82' lang='lat' dir='ltr'><strong>quoe</strong></span> <span class='ocrx_word' id='word_1_328' title='bbox 1960 2714 2321 2785; x_wconf 75' lang='lat' dir='ltr'><strong>proecipimus‚</strong></span> <span class='ocrx_word' id='word_1_329' title='bbox 2343 2726 2398 2764; x_wconf 89' lang='lat' dir='ltr'><strong>et</strong></span> <span class='ocrx_word' id='word_1_330' title='bbox 2415 2712 2570 2765; x_wconf 76' lang='lat' dir='ltr'><strong>Ovid.</strong></span> <span class='ocrx_word' id='word_1_331' title='bbox 2586 2714 2742 2766; x_wconf 70' lang='lat' dir='ltr'><strong>Trist.</strong></span> <span class='ocrx_word' id='word_1_332' title='bbox 2759 2714 2838 2779; x_wconf 82' lang='lat'><strong>11,</strong></span> 
     </span>
     <span class='ocr_line' id='line_1_58' title="bbox 1823 2790 2840 2861; baseline -0.004 -15"><span class='ocrx_word' id='word_1_333' title='bbox 1823 2792 1958 2860; x_wconf 79' lang='lat'><strong>486,</strong></span> <span class='ocrx_word' id='word_1_334' title='bbox 1994 2805 2158 2845; x_wconf 80' lang='lat' dir='ltr'><strong>artem</strong></span> <span class='ocrx_word' id='word_1_335' title='bbox 2195 2790 2364 2844; x_wconf 75' lang='lat' dir='ltr'><strong>nandi</strong></span> <span class='ocrx_word' id='word_1_336' title='bbox 2397 2790 2639 2861; x_wconf 68' lang='lat' dir='ltr'><strong>precipit</strong></span> <span class='ocrx_word' id='word_1_337' title='bbox 2657 2811 2673 2839; x_wconf 86' lang='lat'><strong>.-</strong></span> <span class='ocrx_word' id='word_1_338' title='bbox 2712 2807 2840 2842; x_wconf 73' lang='lat' dir='ltr'><strong>nam</strong></span> 
     </span>
     <span class='ocr_line' id='line_1_59' title="bbox 1824 2868 2840 2942; baseline -0.004 -16"><span class='ocrx_word' id='word_1_339' title='bbox 1824 2873 2107 2925; x_wconf 77' lang='lat' dir='ltr'><strong>oratoriam</strong></span> <span class='ocrx_word' id='word_1_340' title='bbox 2139 2882 2306 2923; x_wconf 70' lang='lat' dir='ltr'><strong>anem</strong></span> <span class='ocrx_word' id='word_1_341' title='bbox 2337 2871 2648 2942; x_wconf 79' lang='lat' dir='ltr'><strong>proecipere‚</strong></span> <span class='ocrx_word' id='word_1_342' title='bbox 2689 2868 2840 2940; x_wconf 80' lang='lat' dir='ltr'><strong>quod</strong></span> 
     </span>
     <span class='ocr_line' id='line_1_60' title="bbox 1824 2948 2840 3022; baseline -0.006 -17"><span class='ocrx_word' id='word_1_343' title='bbox 1824 2971 1889 3005; x_wconf 85' lang='lat' dir='ltr'><strong>ex</strong></span> <span class='ocrx_word' id='word_1_344' title='bbox 1910 2954 2109 3005; x_wconf 81' lang='lat' dir='ltr'><strong>Nostro</strong></span> <span class='ocrx_word' id='word_1_345' title='bbox 2145 2952 2297 3022; x_wconf 87' lang='lat' dir='ltr'><strong>ponit</strong></span> <span class='ocrx_word' id='word_1_346' title='bbox 2325 2951 2378 3001; x_wconf 91' lang='lat' dir='ltr'><strong>in</strong></span> <span class='ocrx_word' id='word_1_347' title='bbox 2402 2949 2678 3001; x_wconf 76' lang='lat' dir='ltr'><strong>Thesauro</strong></span> <span class='ocrx_word' id='word_1_348' title='bbox 2701 2948 2840 3000; x_wconf 70' lang='lat' dir='ltr'><strong>Gee-</strong></span> 
     </span>
     <span class='ocr_line' id='line_1_61' title="bbox 1823 3029 2837 3098; baseline -0.006 -13"><span class='ocrx_word' id='word_1_349' title='bbox 1823 3050 1983 3085; x_wconf 83' lang='lat' dir='ltr'><strong>nerus</strong></span> <span class='ocrx_word' id='word_1_350' title='bbox 1993 3069 2008 3096; x_wconf 89' lang='lat'>‚</span> <span class='ocrx_word' id='word_1_351' title='bbox 2027 3048 2138 3083; x_wconf 89' lang='lat' dir='ltr'><strong>non</strong></span> <span class='ocrx_word' id='word_1_352' title='bbox 2152 3031 2383 3081; x_wconf 81' lang='lat' dir='ltr'><strong>invenio.</strong></span> <span class='ocrx_word' id='word_1_353' title='bbox 2398 3029 2749 3098; x_wconf 77' lang='lat' dir='ltr'><strong>Frequentius</strong></span> <span class='ocrx_word' id='word_1_354' title='bbox 2767 3046 2837 3081; x_wconf 87' lang='lat' dir='ltr'><strong>eo</strong></span> 
     </span>
     <span class='ocr_line' id='line_1_62' title="bbox 1825 3108 2840 3183; baseline -0.005 -19"><span class='ocrx_word' id='word_1_355' title='bbox 1825 3125 2000 3164; x_wconf 79' lang='lat' dir='ltr'><strong>tamen</strong></span> <span class='ocrx_word' id='word_1_356' title='bbox 2021 3122 2101 3163; x_wconf 83' lang='lat' dir='ltr'><strong>est</strong></span> <span class='ocrx_word' id='word_1_357' title='bbox 2114 3109 2396 3183; x_wconf 73' lang='lat' dir='ltr'><strong>proect&#39;pere</strong></span> <span class='ocrx_word' id='word_1_358' title='bbox 2410 3108 2476 3159; x_wconf 83' lang='lat' dir='ltr'><strong>de</strong></span> <span class='ocrx_word' id='word_1_359' title='bbox 2488 3118 2618 3174; x_wconf 82' lang='lat' dir='ltr'><strong>arte,</strong></span> <span class='ocrx_word' id='word_1_360' title='bbox 2639 3118 2696 3158; x_wconf 88' lang='lat' dir='ltr'><strong>ut</strong></span> <span class='ocrx_word' id='word_1_361' title='bbox 2712 3124 2840 3159; x_wconf 82' lang='lat' dir='ltr'><strong>mox</strong></span> 
     </span>
     <span class='ocr_line' id='line_1_63' title="bbox 1823 3186 2844 3261; baseline -0.007 -17"><span class='ocrx_word' id='word_1_362' title='bbox 1823 3194 1872 3261; x_wconf 73' lang='lat' dir='ltr'><strong>s.</strong></span> <span class='ocrx_word' id='word_1_363' title='bbox 1890 3209 1942 3260; x_wconf 86' lang='lat'><strong>9.</strong></span> <span class='ocrx_word' id='word_1_364' title='bbox 1959 3190 2116 3243; x_wconf 82' lang='lat' dir='ltr'><strong>Multi</strong></span> <span class='ocrx_word' id='word_1_365' title='bbox 2137 3202 2314 3240; x_wconf 75' lang='lat' dir='ltr'><strong>autem</strong></span> <span class='ocrx_word' id='word_1_366' title='bbox 2338 3186 2647 3258; x_wconf 82' lang='lat' dir='ltr'><strong>philosophi</strong></span> <span class='ocrx_word' id='word_1_367' title='bbox 2668 3188 2844 3259; x_wconf 78' lang='lat' dir='ltr'><strong>reipu-</strong></span> 
     </span>
     <span class='ocr_line' id='line_1_64' title="bbox 1825 3263 2840 3337; baseline -0.005 -16"><span class='ocrx_word' id='word_1_368' title='bbox 1825 3268 1976 3321; x_wconf 79' lang='lat' dir='ltr'><strong>blicae</strong></span> <span class='ocrx_word' id='word_1_369' title='bbox 2000 3264 2429 3319; x_wconf 63' lang='lat' dir='ltr'><strong>administranda</strong></span> <span class='ocrx_word' id='word_1_370' title='bbox 2451 3279 2715 3337; x_wconf 75' lang='lat' dir='ltr'><strong>praeceptn</strong></span> <span class='ocrx_word' id='word_1_371' title='bbox 2737 3263 2840 3317; x_wconf 84' lang='lat' dir='ltr'><strong>de·</strong></span> 
     </span>
     <span class='ocr_line' id='line_1_65' title="bbox 1825 3344 2838 3415; baseline -0.006 -14"><span class='ocrx_word' id='word_1_372' title='bbox 1825 3347 2050 3414; x_wconf 85' lang='lat' dir='ltr'><strong>derunt,</strong></span> <span class='ocrx_word' id='word_1_373' title='bbox 2076 3345 2422 3399; x_wconf 83' lang='lat' dir='ltr'><strong>Phormiones</strong></span> <span class='ocrx_word' id='word_1_374' title='bbox 2449 3344 2663 3415; x_wconf 80' lang='lat' dir='ltr'><strong>quidam</strong></span> <span class='ocrx_word' id='word_1_375' title='bbox 2687 3346 2838 3396; x_wconf 82' lang='lat' dir='ltr'><strong>Han·</strong></span> 
     </span>
     <span class='ocr_line' id='line_1_66' title="bbox 1824 3424 2834 3481; baseline -0.006 0"><span class='ocrx_word' id='word_1_376' title='bbox 1824 3426 2056 3481; x_wconf 82' lang='lat' dir='ltr'><strong>nihalem</strong></span> <span class='ocrx_word' id='word_1_377' title='bbox 2080 3427 2415 3478; x_wconf 75' lang='lat' dir='ltr'><strong>instituentes</strong></span> <span class='ocrx_word' id='word_1_378' title='bbox 2435 3426 2530 3476; x_wconf 80' lang='lat' dir='ltr'><strong>visi</strong></span> <span class='ocrx_word' id='word_1_379' title='bbox 2549 3424 2626 3476; x_wconf 87' lang='lat' dir='ltr'><strong>illi</strong></span> <span class='ocrx_word' id='word_1_380' title='bbox 2646 3439 2834 3476; x_wconf 80' lang='lat' dir='ltr'><strong>nostro</strong></span> 
     </span>
     <span class='ocr_line' id='line_1_67' title="bbox 1823 3504 2836 3581; baseline -0.006 -21"><span class='ocrx_word' id='word_1_381' title='bbox 1823 3509 2140 3581; x_wconf 65' lang='lat' dir='ltr'><strong>praeceptori</strong></span> <span class='ocrx_word' id='word_1_382' title='bbox 2157 3543 2173 3571; x_wconf 88' lang='lat'>,</span> <span class='ocrx_word' id='word_1_383' title='bbox 2204 3508 2296 3578; x_wconf 84' lang='lat' dir='ltr'><strong>qui</strong></span> <span class='ocrx_word' id='word_1_384' title='bbox 2323 3519 2592 3558; x_wconf 76' lang='lat' dir='ltr'><strong>aversatur</strong></span> <span class='ocrx_word' id='word_1_385' title='bbox 2620 3504 2836 3555; x_wconf 73' lang='lat' dir='ltr'><strong>umbra-</strong></span> 
     </span>
     <span class='ocr_line' id='line_1_68' title="bbox 1821 3582 2834 3654; baseline -0.007 -14"><span class='ocrx_word' id='word_1_386' title='bbox 1821 3587 1938 3640; x_wconf 79' lang='lat' dir='ltr'><strong>tiles</strong></span> <span class='ocrx_word' id='word_1_387' title='bbox 1963 3587 2229 3637; x_wconf 77' lang='lat' dir='ltr'><strong>doctores,</strong></span> <span class='ocrx_word' id='word_1_388' title='bbox 2246 3613 2315 3623; x_wconf 92' lang='lat'><strong>--</strong></span> <span class='ocrx_word' id='word_1_389' title='bbox 2332 3582 2469 3637; x_wconf 79' lang='lat' dir='ltr'><strong>Vide</strong></span> <span class='ocrx_word' id='word_1_390' title='bbox 2492 3597 2690 3654; x_wconf 75' lang='lat' dir='ltr'><strong>quanta</strong></span> <span class='ocrx_word' id='word_1_391' title='bbox 2720 3582 2834 3634; x_wconf 87' lang='lat' dir='ltr'><strong>elo-</strong></span> 
     </span>
     <span class='ocr_line' id='line_1_69' title="bbox 1822 3663 2833 3739; baseline -0.005 -20"><span class='ocrx_word' id='word_1_392' title='bbox 1822 3670 2041 3739; x_wconf 78' lang='lat' dir='ltr'><strong>quentia</strong></span> <span class='ocrx_word' id='word_1_393' title='bbox 2066 3665 2268 3717; x_wconf 77' lang='lat' dir='ltr'><strong>otiosos</strong></span> <span class='ocrx_word' id='word_1_394' title='bbox 2302 3665 2431 3716; x_wconf 75' lang='lat' dir='ltr'><strong>istos</strong></span> <span class='ocrx_word' id='word_1_395' title='bbox 2464 3663 2714 3715; x_wconf 83' lang='lat' dir='ltr'><strong>doctores</strong></span> <span class='ocrx_word' id='word_1_396' title='bbox 2748 3663 2833 3715; x_wconf 90' lang='lat' dir='ltr'><strong>in-</strong></span> 
     </span>
     <span class='ocr_line' id='line_1_70' title="bbox 1824 3741 2832 3808; baseline -0.007 -8"><span class='ocrx_word' id='word_1_397' title='bbox 1824 3760 2054 3800; x_wconf 81' lang='lat' dir='ltr'><strong>sectetur</strong></span> <span class='ocrx_word' id='word_1_398' title='bbox 2075 3745 2186 3797; x_wconf 76' lang='lat' dir='ltr'><strong>cic.</strong></span> <span class='ocrx_word' id='word_1_399' title='bbox 2213 3743 2281 3796; x_wconf 91' lang='lat' dir='ltr'><strong>de</strong></span> <span class='ocrx_word' id='word_1_400' title='bbox 2298 3745 2375 3796; x_wconf 86' lang='lat' dir='ltr'><strong>Re</strong></span> <span class='ocrx_word' id='word_1_401' title='bbox 2389 3741 2608 3794; x_wconf 81' lang='lat' dir='ltr'><strong>Publica</strong></span> <span class='ocrx_word' id='word_1_402' title='bbox 2623 3780 2640 3808; x_wconf 78' lang='lat'><strong>‚</strong></span> <span class='ocrx_word' id='word_1_403' title='bbox 2665 3742 2757 3794; x_wconf 84' lang='lat' dir='ltr'><strong>lib.</strong></span> <span class='ocrx_word' id='word_1_404' title='bbox 2780 3743 2832 3808; x_wconf 82' lang='lat'><strong>1,</strong></span> 
     </span>
     <span class='ocr_line' id='line_1_71' title="bbox 1819 3825 2831 3899; baseline -0.007 -19"><span class='ocrx_word' id='word_1_405' title='bbox 1819 3829 1932 3880; x_wconf 88' lang='lat' dir='ltr'><strong>init.</strong></span> <span class='ocrx_word' id='word_1_406' title='bbox 1960 3826 2094 3878; x_wconf 81' lang='lat' dir='ltr'><strong>Illud</strong></span> <span class='ocrx_word' id='word_1_407' title='bbox 2117 3825 2607 3899; x_wconf 77' lang='lat' dir='ltr'><strong>praestantissimum</strong></span> <span class='ocrx_word' id='word_1_408' title='bbox 2636 3840 2772 3895; x_wconf 78' lang='lat' dir='ltr'><strong>opus</strong></span> <span class='ocrx_word' id='word_1_409' title='bbox 2799 3841 2831 3873; x_wconf 76' lang='lat' dir='ltr'>a</span> 
     </span>
     <span class='ocr_line' id='line_1_72' title="bbox 1822 3903 2832 3974; baseline -0.006 -15"><span class='ocrx_word' id='word_1_410' title='bbox 1822 3905 2203 3959; x_wconf 82' lang='lat' dir='ltr'><strong>recentioribus</strong></span> <span class='ocrx_word' id='word_1_411' title='bbox 2250 3903 2605 3958; x_wconf 79' lang='lat' dir='ltr'><strong>desideratum</strong></span> <span class='ocrx_word' id='word_1_412' title='bbox 2657 3921 2832 3974; x_wconf 84' lang='lat' dir='ltr'><strong>nuper</strong></span> 
     </span>
     <span class='ocr_line' id='line_1_73' title="bbox 1822 3980 2830 4046; baseline -0.007 -7"><span class='ocrx_word' id='word_1_413' title='bbox 1822 3988 2022 4039; x_wconf 80' lang='lat' dir='ltr'><strong>invenit</strong></span> <span class='ocrx_word' id='word_1_414' title='bbox 2042 3988 2099 4037; x_wconf 89' lang='lat' dir='ltr'><strong>in</strong></span> <span class='ocrx_word' id='word_1_415' title='bbox 2120 3986 2361 4037; x_wconf 76' lang='lat' dir='ltr'><strong>vaticano</strong></span> <span class='ocrx_word' id='word_1_416' title='bbox 2385 3980 2711 4035; x_wconf 77' lang='lat' dir='ltr'><strong>bibliotheca</strong></span> <span class='ocrx_word' id='word_1_417' title='bbox 2727 4019 2746 4046; x_wconf 83' lang='lat'>,</span> <span class='ocrx_word' id='word_1_418' title='bbox 2774 3993 2830 4034; x_wconf 81' lang='lat' dir='ltr'><strong>et</strong></span> 
     </span>
     <span class='ocr_line' id='line_1_74' title="bbox 1821 4059 2793 4139; baseline -0.005 -23"><span class='ocrx_word' id='word_1_419' title='bbox 1821 4068 2022 4139; x_wconf 83' lang='lat' dir='ltr'><strong>primus</strong></span> <span class='ocrx_word' id='word_1_420' title='bbox 2044 4063 2208 4115; x_wconf 86' lang='lat' dir='ltr'><strong>edidit</strong></span> <span class='ocrx_word' id='word_1_421' title='bbox 2234 4063 2296 4113; x_wconf 89' lang='lat' dir='ltr'><strong>D.</strong></span> <span class='ocrx_word' id='word_1_422' title='bbox 2317 4059 2522 4134; x_wconf 65' lang='lat' dir='ltr'><strong>Angelo</strong></span> <span class='ocrx_word' id='word_1_423' title='bbox 2543 4062 2677 4112; x_wconf 69' lang='lat' dir='ltr'><strong>Mai.</strong></span> <span class='ocrx_word' id='word_1_424' title='bbox 2699 4061 2793 4111; x_wconf 82' lang='lat' dir='ltr'><strong>En.</strong></span> 
     </span>
     <span class='ocr_line' id='line_1_75' title="bbox 1895 4137 2838 4215; baseline -0.002 -23"><span class='ocrx_word' id='word_1_425' title='bbox 1895 4143 1945 4210; x_wconf 74' lang='grc'><strong>4.</strong></span> <span class='ocrx_word' id='word_1_426' title='bbox 1972 4143 2169 4215; x_wconf 77' lang='lat' dir='ltr'><strong>Atqui5</strong></span> <span class='ocrx_word' id='word_1_427' title='bbox 2207 4143 2279 4194; x_wconf 79' lang='lat' dir='ltr'><strong>sic</strong></span> <span class='ocrx_word' id='word_1_428' title='bbox 2315 4143 2460 4193; x_wconf 84' lang='lat' dir='ltr'><strong>Jens.</strong></span> <span class='ocrx_word' id='word_1_429' title='bbox 2485 4137 2838 4210; x_wconf 68' lang='lat' dir='ltr'><strong>(tac.Gesn.)</strong></span> 
     </span>
    </p>
   </div>
  </div>
 </body>
</html>
