3200 5159
627 473 1280 545 msTrrtJTloms
1316 479 1570 545 onA‘r.
1613 479 1774 544 Lm.
1811 479 1902 560 x,
1952 500 2006 544 t.
2275 479 2359 568 9³

258 600 631 700 propositi,
648 621 728 673 ut
742 627 910 673 eum
929 599 1370 675 Demostheni
1392 627 1796 700 comparem
1818 617 1834 647 ¹
1861 603 1994 675 hoc
2017 623 2361 702 tempore;

153 739 168 752 ’
269 735 504 813 neque
535 716 729 787 enim
763 715 1041 806 attinet,
1067 742 1294 813 quum
1322 717 1870 789 Demosthenem
1906 717 2228 816 inprimis
2264 717 2364 790 le-

264 828 621 926 gendum,
659 829 770 902 vel
809 829 1264 902 ediscendum
1297 830 1525 929 potius
1557 851 1824 931 putem.
1870 833 2197 922 Quorum
2233 857 2361 930 ego
2406 844 2507 912 106

262 942 547 1015 virtutes
576 943 939 1043 plerasque
970 943 1263 1016 arbitror
1287 944 1545 1017 similes
1564 1001 1583 1036 ,
1610 945 1974 1017 consilium
1995 1003 2014 1036 ,
2044 945 2359 1018 ordinem

266 1057 626 1130 dividendi
639 1072 692 1149 ²,
709 1059 1141 1158 praeparandi
1155 1116 1174 1149 ,
1200 1058 1544 1159 probandi
1559 1057 1588 1103 ³
1602 1060 1938 1132 rationem
1949 1117 1966 1148 ,
1987 1059 2019 1122 4
2033 1061 2363 1159 denique,

266 1199 428 1271 quae
465 1195 629 1246 sunt
659 1174 1099 1248 inventionis.
1145 1177 1225 1247 In
1257 1175 1653 1274 eloquendo
1685 1198 1785 1254 est
1821 1176 2055 1276 aliqua
2095 1177 2367 1249 diversi-

265 1313 410 1362 tas:
448 1291 726 1364 densior
774 1292 932 1382 ille,
979 1292 1092 1365 hic
1139 1279 1513 1393 copiosior3
1559 1293 1676 1365 ille
1724 1294 2082 1366 concludit
2129 1294 2368 1366 astric-

265 1404 408 1478 tius
426 1404 479 1498 ⁵,
514 1406 635 1479 hic
669 1407 909 1497 latius;
942 1429 1207 1507 pugnat
1234 1408 1348 1481 ille
1382 1409 1710 1482 acumine
1746 1436 2056 1509 semper,
2086 1409 2199 1482 hic
2233 1410 2369 1481 fre-

266 1543 566 1619 quenter
606 1543 676 1596 et
711 1523 1105 1623 pondere63
1139 1524 1280 1596 illi⁷
1318 1525 1500 1597 nihil
1547 1524 1812 1598 detrahi
1856 1546 2116 1625 potest,
2154 1524 2366 1598 ⁸huic

268 1634 452 1706 nihil
485 1635 690 1737 adjici
712 1668 731 1727 ;
768 1664 948 1710 curae
982 1636 1138 1737 plus
1180 1638 1251 1710 in
1296 1639 1454 1728 illo,
1495 1640 1566 1711 in
1603 1640 1736 1712 hoc
1770 1661 2057 1712 naturai.
2093 1640 2367 1712 Salibus
2411 1666 2514 1732 ειη,

263 1773 451 1824 certe
470 1809 490 1842 ,
522 1774 589 1825 et
618 1753 1255 1844 commiseratione,
1282 1755 1452 1854 quis
1481 1756 1625 1828 duo
1657 1757 2047 1857 plurimum
2077 1759 2367 1832 affectus
2484 1741 2488 1746 ⁴

265 1867 539 1959 valent,
568 1867 1029 1941 vincimus¹⁰z
1058 1891 1125 1941 et
1157 1870 1440 1943 fortasse
1469 1870 1780 1971 epilogos
1808 1870 1910 1943 illi
1940 1899 2092 1943 mos
2130 1872 2367 1945 civita-

268 2065 329 2097 ιι.
370 2062 412 2097 s.
434 2082 452 2109 ‚
489 2063 715 2117 quorum
753 2059 805 2098 et
837 2048 1016 2100 Turic.
1053 2046 1278 2099 videtur.

353 2140 398 2175 1.
425 2123 598 2194 Quum
613 2125 1279 2197 pmsertim...comparem.

269 2204 342 2255 Π.
390 2222 439 2255 e.
457 2242 477 2270 .,
524 2226 547 2251 ι
568 2205 742 2257 Gratis
785 2205 970 2258 videor
1013 2208 1284 2278 suscipere

277 2303 302 2328 ι
323 2294 498 2336 tantas
534 2283 651 2336 lites
668 2322 685 2350 ‚
714 2281 896 2356 quales
929 2296 1040 2336 tum
1069 2282 1280 2336 demum

277 2363 584 2414 «sustinere
609 2381 846 2434 cogerer,
874 2366 919 2416 si
943 2365 1284 2436 propositum

280 2463 303 2487 ο
325 2444 502 2513 operis
525 2441 654 2494 mihi
682 2458 817 2496 esset
832 2481 849 2509 ‚
873 2444 1020 2515 quod
1047 2461 1079 2496 a
1107 2444 1285 2495 multis

280 2542 304 2565 ι
325 2520 416 2586 δι,
442 2535 498 2572 ut
523 2523 673 2574 Dent.
708 2540 834 2574 cum
863 2525 972 2576 Cic.
1007 2540 1285 2594 compara-

279 2617 307 2643 ι
328 2616 456 2650 rem.
473 2600 540 2650 Et
553 2598 758 2652 facilius
769 2613 886 2652 tum
900 2613 1140 2672 poteram
1150 2637 1167 2666 ,
1183 2598 1288 2653 vel-

282 2699 307 2723 ·
325 2692 385 2729 ut
409 2681 462 2730 in
487 2678 715 2751 legitima
740 2683 1162 2744 concertatione,
1185 2683 1287 2734 im-

279 2779 306 2803 ·
325 2770 513 2829 petum
539 2758 764 2826 horum,
793 2761 883 2830 qui
913 2758 1019 2812 hoc
1047 2779 1147 2832 pro
1174 2762 1295 2832 pia*

279 2835 450 2889 -eulo
505 2836 908 2904 abominantur,
957 2838 1230 2910 repellere.
1255 2862 1279 2886 ιο

278 2918 400 2969 Hoec
437 2919 650 2984 monui,
679 2932 742 2971 ut
769 2918 1123 2971 satisfacerem
1155 2918 1288 2972 Ges-

279 3015 443 3060 ner-o,
481 2996 677 3051 haerere
712 3017 769 3050 se
806 3000 1017 3063 fatenti,
1053 3001 1144 3070 qui
1177 2997 1284 3052 hoc

277 3077 512 3142 minuat,
531 3089 786 3147 augeatve
803 3095 1037 3149 pugnam
1049 3116 1066 3144 ‚
1080 3079 1125 3130 si
1139 3095 1287 3129 com-

275 3174 467 3229 pares,
495 3155 581 3208 vel
615 3174 726 3208 non
762 3175 1054 3229 compares.
1086 3156 1287 3209 Geniti-

275 3254 402 3289 vum
446 3236 700 3308 propositi
745 3236 866 3289 vide
916 3235 984 3288 ad
1037 3235 1127 3289 lib.
1161 3237 1290 3302 vn,

281 3334 402 3387 cap.
432 3330 479 3378 ι,
506 3312 551 3385 §.
581 3315 666 3367 50.

355 3413 408 3449 2.
436 3393 732 3447 Dividendi.
752 3395 930 3448 Turio.
950 3393 1090 3445 Flor.
1114 3391 1290 3447 Guelf.

277 3474 446 3526 Cnn».
462 3511 480 3539 ,
496 3472 705 3525 videndi
715 3512 733 3539 ‚
750 3491 870 3525 cum
883 3471 1046 3525 Goth.
1059 3474 1215 3524 Voss.
1234 3491 1262 3525 2
1275 3509 1294 3538 ‚

282 3556 345 3620 3,
367 3567 425 3608 et
449 3553 569 3605 edd.
597 3565 720 3606 ante
745 3550 865 3604 Ald.
893 3582 959 3593 -
983 3554 1165 3606 Nostri
1188 3571 1297 3605 om-

284 3654 381 3688 nes
406 3633 630 3686 videndi.
655 3632 812 3685 Male.
837 3632 933 3684 En.

357 3711 410 3764 3.
439 3711 707 3763 Probandi
728 3711 999 3762 rationem.
1021 3710 1294 3763 Tur-icens.

286 3787 427 3841 Flor.
446 3786 572 3857 (hie
592 3807 622 3840 a
640 3808 722 3861 pr.
743 3789 927 3860 manu)
942 3788 1199 3861 probandi
1217 3807 1298 3840 ra-

288 3866 438 3919 tioni.
481 3864 575 3918 Ille
611 3883 643 3917 a
680 3884 785 3918 sec.
826 3885 984 3918 manu
1017 3866 1299 3937 probandoe

290 3944 500 3996 rationi.
528 3947 691 3998 Cim.
709 3982 726 4010 ‚
754 3945 1033 4016 probandoe
1062 3944 1295 3996 rationis.

290 4052 363 4064 —
390 4024 476 4076 Sic
510 4041 725 4096 quoque
758 4024 863 4075 RR.
899 4024 964 4090 8,
995 4040 1063 4093 9,
1095 4038 1295 4088 11,12.
1355 4059 1362 4074 .

292 4104 500 4177 Reliqui
520 4103 776 4176 probandi
798 4104 1069 4156 rationem.
1095 4105 1190 4154 Eo.

365 4187 416 4253 4.
439 4185 713 4237 Rationem
729 4223 746 4248 ‚
765 4184 1014 4256 deniqne5
1030 4185 1104 4236 sic
1121 4184 1296 4237 Turio.

1359 2048 1498 2101 Flor.
1524 2045 1648 2120 (hic
1673 2068 1701 2101 a
1725 2045 1805 2120 pr.
1831 2049 2015 2121 manu)
2035 2068 2158 2102 cum
2176 2049 2364 2102 Almel.

1360 2126 1568 2197 Reliqui
1590 2127 1827 2192 inserunt
1850 2129 2045 2180 omnia.

1434 2201 1484 2256 5.
1518 2203 1802 2257 Astrictius.
1826 2207 2001 2258 Turio.
2021 2246 2039 2274 ,
2068 2205 2368 2268 adstrui-tii,-

1362 2301 1392 2336 a
1417 2301 1521 2334 sec.
1549 2299 1711 2336 manu
1731 2285 2051 2339 adstrictum.

1433 2361 1484 2414 6.
1528 2361 1599 2412 Et
1624 2362 1878 2433 pondere.
1917 2365 2204 2437 Compar-at
2238 2367 2368 2418 Bur-

1360 2447 1586 2492 mannus
1610 2442 1712 2507 lx,
1741 2458 1785 2508 t,
1810 2458 1905 2509 20,
1930 2443 2022 2496 ubi
2047 2457 2221 2496 tamen
2246 2462 2375 2495 cum

1361 2519 1771 2590 reprehensione
1784 2524 2019 2595 ponitur,
2032 2523 2178 2595 quod
2192 2522 2280 2575 hic
2295 2543 2372 2576 se-

1364 2617 1458 2654 cus
1482 2612 1579 2652 est.

1436 2697 1484 2750 7.
1509 2679 1662 2735 Illi...
1685 2679 1821 2734 huic.
1839 2683 2017 2736 Tude.
2042 2683 2184 2737 Flor.
2208 2684 2263 2757 (a
2286 2705 2368 2757 pr.

1363 2777 1524 2811 manu
1555 2760 1812 2833 uterque)
1846 2761 2017 2816 illic...
2059 2762 2158 2816 hie.
2188 2794 2261 2804 —-
2286 2766 2371 2817 Sic

1365 2856 1576 2968 ξὶιὶῖρφὶθ
1612 2840 1735 2968 pugi
1776 2841 1882 2895 RR.
1924 2841 2018 2910 14,
2063 2840 2144 2895 15.
2187 2845 2376 2897 Caeteri

1363 2936 1380 2968 ι
1430 2937 1502 2968 ι...
1565 2935 1668 2969 me.
1736 2936 1785 2969 n.

1436 2997 1487 3050 8.
1510 2997 1658 3049 Huic
1680 2997 1819 3051 nihil
1839 2997 2010 3072 adjici.
2029 3000 2164 3054 Vide
2184 3004 2283 3068 VI,
2308 3003 2371 3075 3,

1366 3073 1427 3139 5;
1449 3074 1566 3141 ΧΠ,
1594 3093 1641 3142 ι,
1666 3093 1751 3129 20.

1439 3171 1491 3224 9.
1530 3157 1707 3226 Qui....
1742 3156 1984 3230 affectus.
2016 3157 2193 3212 Turio.
2230 3161 2368 3214 Flor.

1369 3232 1491 3307 (hic
1519 3253 1547 3286 a
1578 3254 1657 3307 pr.
1685 3236 1880 3306 manu)
1912 3255 2024 3311 qm.
2055 3238 2372 3310 adfectibus,

1371 3333 1493 3368 cum
1507 3313 1642 3366 Alm.
1662 3315 1754 3367 Ille
1769 3334 1799 3367 a
1817 3334 1922 3368 sec.
1940 3335 2100 3369 manu
2118 3335 2290 3391 quoe...
2317 3320 2380 3371 ir·

1372 3393 1679 3465 affectibus,
1695 3407 1746 3446 οι
1766 3395 1841 3445 sie
1859 3393 1987 3448 Obr.
2014 3395 2195 3465 Qua»...
2211 3396 2380 3468 affec·
2495 3385 2507 3390 “

1375 3483 1481 3535 tus,
1521 3473 1683 3525 Cme.
1720 3503 1793 3514 --
1823 3474 2005 3526 Nostri
2037 3491 2308 3547 receptam
2345 3495 2383 3529 a

1374 3550 1680 3623 Spaldingio
1706 3552 1986 3606 lectionem
2009 3553 2208 3606 habent
2223 3594 2240 3621 ,
2263 3573 2376 3610 exc.

1375 3632 1436 3683 R.
1468 3647 1486 3681 ι
1503 3647 1549 3696 1,
1573 3632 1665 3702 qui
1689 3631 1760 3682 ad
1782 3634 1964 3684 inserit
1989 3647 2111 3684 ante
2136 3633 2378 3705 affectus.

1375 3710 1470 3762 En.
1490 3738 1563 3749 —
1584 3711 1686 3779 Qui
1707 3710 1885 3763 dum...
1905 3709 2147 3781 affectus.
2175 3714 2231 3762 In
2250 3714 2378 3781 joco

1379 3807 1592 3860 quoque
1612 3788 1871 3861 affectum
1893 3809 2005 3842 esse
2024 3791 2246 3844 vidimus
2262 3791 2382 3844 libri

1376 3868 1447 3917 vl
1461 3886 1522 3918 ca
1528 3870 1636 3938 pite
1652 3869 1684 3921 3
1696 3906 1713 3933 ‚
1729 3887 2051 3940 quamquam
2065 3868 2255 3922 diserte
2272 3872 2383 3942 qui—

1377 3946 1497 4000 dem
1520 3965 1631 3999 non
1654 3948 1851 4000 inditur
1872 3948 1977 4000 hoc
2002 3951 2244 4000 nominis.

1457 4043 1536 4078 to.
1563 4025 1848 4079 Vincimus.
1862 4026 1993 4078 Vide
2020 4025 2063 4098 §.
2089 4027 2173 4080 86.
2203 4030 2282 4080 De
2296 4047 2381 4080 sa-

1379 4102 1536 4170 libus,
1562 4104 1681 4157 vide
1702 4104 1794 4158 lib.
1812 4108 1906 4171 vl,
1932 4124 2048 4180 cap.
2076 4106 2138 4173 3,
2162 4105 2208 4180 ς.
2238 4123 2300 4171 2;
2331 4120 2389 4167 ez

1376 4183 1512 4236 infra
1536 4181 1580 4254 §
1621 4182 1699 4236 15.

2522 3491 2531 3554 i
