3200 5159
754 494 1403 565 INSTlTUTIOMS
1437 495 1692 561 ORAT.
1735 498 1892 564 Lm.
1932 499 2021 578 x,
2072 522 2124 562 1.

2414 498 2544 564 13·

395 645 629 698 autem
668 623 961 711 scierit¹,
995 634 1179 720 quo²
1224 644 1519 718 quaeque
1562 619 1704 691 sint
1737 619 1948 691 modo
1986 619 2315 710 dicenda·,
2353 622 2489 695 nisi

397 734 678 810 tamen-³
731 736 806 808 in
857 735 1255 835 procinctu,
1298 731 1812 832 paratamquel*
1854 733 1944 805 ad
1995 762 2239 807 omnes
2290 763 2492 809 casus

398 853 720 926 habuerit
769 852 1290 952 eloquentiam,
1336 850 1527 922 velut
1568 850 1822 922 clausis
1869 851 2244 924 thesauris⁵
2279 854 2492 925 incu-

396 968 617 1042 babit.
656 972 819 1042 Non
853 989 1087 1040 autem
1121 987 1202 1038 ut
1241 964 1549 1065 quidque
1570 963 1602 1010 ⁶
1635 966 1978 1064 praecipue
2020 969 2485 1041 necessarium

397 1104 528 1175 est,
559 1084 654 1156 sic
684 1084 773 1156 ad
802 1081 1257 1155 efficiendum
1295 1101 1640 1154 oratorem
1679 1081 1964 1153 maximi
2005 1084 2323 1181 protinus
2364 1085 2493 1157 erit

398 1198 777 1271 momenti:
810 1224 974 1269 nam
1017 1217 1196 1269 certe
1244 1222 1469 1296 quum
1513 1196 1603 1267 sit
1647 1195 1719 1266 in
1753 1196 2147 1294 eloquendo
2179 1199 2490 1297 positum

401 1315 686 1388 oratoris
739 1314 1089 1402 officium,
1137 1314 1364 1386 dicere
1407 1333 1564 1384 ante
1612 1312 1851 1383 omnia
1902 1333 2034 1402 est3
2078 1333 2282 1411 atque
2324 1313 2490 1385 hino

400 1432 679 1503 initium
731 1429 879 1532 ejus
932 1430 1090 1502 artis
1137 1429 1345 1500 fuisse
1397 1427 1854 1501 manifestum
1906 1449 2038 1516 est;
2098 1429 2488 1528 proximam

400 1546 651 1619 deinde
720 1550 1168 1618 imitationem
1197 1558 1252 1634 ⁷,
1305 1542 1753 1615 novissimam
1802 1541 2139 1615 scribendi
2201 1570 2488 1643 quoque

399 1759 477 1811 nit
506 1759 728 1830 exempli
763 1759 887 1811 loco
919 1758 1141 1811 Martini.
1182 1759 1269 1824 lv,
1304 1757 1403 1823 66,

408 1839 483 1905 14.
527 1861 550 1885 ιι
568 1839 682 1890 Nec
719 1856 887 1890 mersa
923 1849 1004 1890 est
1042 1837 1262 1909 pelago,
1302 1854 1402 1887 nec

408 1936 431 1962 ι
448 1915 564 1967 fluit
589 1914 698 1967 ulla
723 1918 874 1980 ratis,
894 1939 918 1962 ι
949 1932 1062 1985 quae
1087 1932 1214 1965 sane
1236 1914 1403 1964 fracta

400 1992 731 2063 intelligitur,
761 2007 819 2045 ut
850 1992 1035 2045 lacem
1067 1994 1180 2062 ejus
1212 1989 1403 2043 tabule

402 2071 607 2124 fluitent
624 2091 720 2144 per
738 2071 922 2124 undas.
939 2069 1090 2124 Subit
1108 2084 1285 2122 tamen
1304 2068 1404 2119 du·

403 2151 614 2218 bitatio,
634 2170 703 2203 an
724 2151 812 2203 hic
835 2149 1253 2226 quoqnefluitat
1268 2149 1404 2200 Nos·

404 2241 482 2281 ter
502 2229 797 2300 scripserit,
822 2229 975 2280 sicuti
999 2241 1080 2279 est
1109 2229 1227 2290 Vll,
1255 2227 1401 2298 praef.

402 2306 463 2373 3,
499 2307 621 2359 loco
653 2307 812 2378 plane
846 2307 1077 2377 gemino.
1113 2304 1247 2356 Vide
1289 2318 1402 2358 not.

404 2404 512 2456 seq.
539 2388 709 2440 Etiam
738 2389 795 2438 in
826 2386 1074 2437 thesauro
1114 2402 1214 2436 suo
1246 2383 1404 2436 Gesn.

404 2463 508 2517 hoc
527 2464 859 2542 mostuendi
874 2466 951 2516 sic
971 2464 1214 2534 usurpati
1234 2480 1409 2513 exem-

406 2545 495 2618 plo
545 2545 762 2614 defungi
810 2544 1033 2612 cogitur.
1084 2540 1409 2594 Porcellinns

404 2627 580 2696 ipsum
592 2640 805 2694 quoque
816 2619 1270 2692 ignorat.Similius
1282 2618 1411 2690 qnid

410 2717 592 2756 nostro
611 2702 773 2754 habet
789 2700 879 2752 lib.
898 2701 997 2766 tx,
1011 2718 1127 2770 cap.
1146 2697 1408 2769 4,§.129.

484 2799 503 2834 ι
516 2821 529 2833 .
550 2783 653 2853 Qui
672 2792 848 2833 autem
865 2779 1050 2832 scierit.
1068 2780 1338 2831 Tui-icens.
1354 2780 1412 2848 (a

409 2864 575 2934 prima
598 2860 791 2930 manu)
812 2858 980 2925 Pion,
1002 2867 1176 2909 autem
1200 2857 1297 2928 qui
1317 2857 1414 2910 sci-

410 2941 500 2992 vit.
522 2938 728 3004 Guelf.,
751 2957 803 3009 q.
827 2959 877 2989 a.
901 2938 1087 2990 sciunt.
1112 2936 1273 3007 Apud
1296 2938 1414 2988 Rio-

411 3021 550 3070 cium
566 3031 738 3070 textus
757 3019 829 3068 ita
848 3014 1147 3067 exhibetur:
1154 3014 1410 3091 fluitabit.

411 3099 585 3150 Etiam
632 3097 723 3169 qui
765 3094 917 3162 sciet,
963 3107 1211 3147 monente
1257 3096 1414 3146 etiam

410 3175 744 3229 Landsidelio
765 3175 1008 3251 fluitabit
1033 3186 1278 3246 praestare
1310 3192 1415 3244 ἴοι-ε

412 3255 504 3308 illo
525 3255 673 3332 flacit.
718 3257 794 3307 Ex
828 3253 911 3306 his
949 3251 1154 3305 indiciis
1191 3251 1417 3304 scribam

399 3334 605 3411 fluitat.
634 3330 708 3401 (s.
719 3330 1015 3408 fluitabit):
1039 3342 1090 3382 et
1116 3331 1210 3402 qui
1230 3330 1414 3383 scierit.

416 3415 491 3465 its
514 3413 824 3464 concinnius
847 3412 1004 3462 etiam
1030 3427 1209 3481 neque.
1227 3449 1238 3459 .
1255 3449 1266 3461 .
1292 3420 1359 3460 et.
1376 3448 1388 3460 .
1403 3447 1414 3459 .

417 3503 480 3543 εἴ.
500 3531 512 3542 .
533 3530 547 3544 .
567 3530 579 3542 .

490 3588 538 3622 2.
581 3570 695 3641 Quo
730 3584 946 3640 quoeque
980 3568 1085 3621 sint
1118 3567 1303 3630 modo;
1344 3569 1419 3619 sic

418 3650 591 3701 Turio.
616 3647 790 3701 Guelf.
821 3648 981 3700 Cun».
1006 3646 1164 3698 Goth.
1192 3651 1420 3712 (tacente

420 3726 618 3796 Geso.)
644 3726 760 3795 Quo
777 3743 996 3797 quoeque
1013 3726 1168 3776 modo
1186 3745 1224 3777 s.
1235 3764 1254 3791 ,
1273 3727 1418 3776 Jens.

419 3806 543 3876 (tac.
567 3806 751 3877 Gesn.)
771 3824 895 3857 cum
917 3803 1037 3858 edd.
1063 3816 1186 3856 ante
1208 3802 1421 3855 Aldum.

424 3889 550 3957 Quoe
574 3904 781 3959 quoque
801 3906 840 3939 s.
862 3904 930 3936 m.
945 3925 962 3953 ,
982 3886 1159 3937 Turio.
1183 3882 1240 3954 (a
1262 3901 1423 3935 manu

419 3967 524 4039 pr.)
548 3967 685 4018 Flor.
708 3964 917 4036 Reliqui
948 3983 1051 4036 quo
1076 3965 1183 4016 sint
1207 3979 1426 4035 quoeque

423 4046 857 4097 moda—Nostri
878 4062 1060 4096 omnes
1083 4061 1186 4116 quo
1209 4059 1426 4115 quoeque

422 4123 526 4177 sint
545 4124 717 4176 modo.
742 4125 835 4176 En.

497 4203 545 4253 3.
576 4203 800 4262 Tamen;
822 4203 895 4254 sic
918 4199 1190 4272 Turio..(a
1212 4218 1295 4273 pr.
1320 4197 1426 4269 m.)

1483 1757 1624 1810 Flor.
1659 1776 1781 1809 cum
1810 1756 1996 1810 Almel.
2027 1771 2080 1809 et
2104 1758 2249 1809 Ricc.
2283 1755 2490 1827 Reliqui

1484 1849 1755 1909 tanquam.

1500 1939 1505 1944 ·
1553 1915 1606 1982 4.
1633 1916 1998 1987 Paratamque.
2020 1917 2196 1966 Turio.
2217 1916 2270 1986 (a
2293 1933 2373 1985 pr.
2391 1914 2489 1984 m.)

1482 1993 1621 2044 Flor.
1652 2011 1774 2044 cum
1799 1992 1987 2044 Almel.
2017 1992 2225 2062 Reliqui
2246 2002 2490 2062 paratam

1482 2072 1706 2142 quidem,
1724 2101 1794 2112 --
1811 2070 1914 2126 Sic.
1935 2072 2129 2134 nostri,
2163 2088 2275 2122 exc.
2311 2070 2373 2120 R.
2405 2087 2424 2121 1
2443 2086 2488 2135 1,

1485 2152 1576 2222 qui
1605 2151 1798 2202 omittit
1819 2148 2048 2221 quidem.
2074 2150 2167 2200 En.

1555 2229 1608 2283 5.
1636 2227 1831 2282 clausis
1858 2228 2116 2281 thesauris.
2146 2227 2315 2293 Pion,
2341 2225 2491 2279 clau-

1483 2327 1561 2362 sos
1580 2306 2165 2361 thesauros—Clam..
2176 2346 2188 2357 .
2214 2308 2486 2359 incubabit.

1488 2385 1622 2438 Vide
1640 2386 1834 2455 Georg.
1857 2386 1932 2451 11,
1954 2385 2075 2454 507,
2093 2384 2396 2457 defossoque
2414 2386 2490 2436 in-

1489 2465 1641 2518 cubat
1660 2482 1809 2516 auru.

1560 2544 1613 2594 6.
1642 2543 1899 2615 Quidque.
1926 2543 2104 2595 Tui-ic.
2138 2543 2277 2595 Flor.
2314 2543 2489 2596 Guelf.

1490 2624 1686 2689 Cannu,
1717 2622 1991 2695 quicquid,
2021 2642 2142 2674 cum
2173 2622 2359 2676 Almel.
2390 2624 2494 2676 Sed

1490 2700 1681 2767 Goth„
1704 2703 1926 2773 quicque
1946 2700 2070 2769 (err.
2095 2702 2297 2773 Gesn.).

1566 2797 1615 2850 7.
1633 2780 2005 2831 Imitationem.
2027 2783 2260 2853 Apparet
2279 2781 2401 2833 loco
2420 2784 2497 2853 ip-

1493 2879 1580 2926 sc,
1612 2879 1719 2930 quo
1757 2859 1860 2912 hoc
1886 2863 2128 2931 ponitur,
2155 2860 2376 2931 intelligi
2401 2859 2499 2913 de-

1492 2939 1619 2993 bere
1633 2939 1925 3000 lectionem
1943 2957 2057 3010 quae
2073 2940 2343 3010 quomodo
2357 2958 2498 2991 eom-

1493 3017 1751 3090 prehendi
1766 3020 1936 3089 possit
1955 3031 2008 3070 et
2025 3018 2305 3089 significari
2323 3019 2498 3071 imita-

1495 3099 1662 3162 tione,
1705 3097 1876 3148 fateor
1915 3116 2000 3149 me
2043 3115 2232 3168 parum
2268 3100 2497 3168 assequi.

1494 3177 1607 3226 Nec
1638 3176 1916 3244 quisquam
1943 3174 2090 3226 haesit
2116 3177 2171 3226 in
2202 3174 2341 3228 loco.
2372 3178 2504 3228 For-

1497 3267 1636 3306 tasse
1685 3253 2067 3306 consuetudine
2113 3255 2502 3327 frequentatum

1496 3332 1628 3396 fuit,
1669 3345 1755 3396 ut,
1792 3348 1958 3401 quum
1992 3333 2299 3384 imitationis
2340 3350 2503 3384 cansa

1500 3413 1853 3482 susciperetur
1866 3410 2022 3463 lectio
2038 3414 2359 3483 optimorum
2379 3411 2505 3464 scri-

1497 3505 1739 3562 ptorum,
1765 3492 1878 3561 ipsa
1901 3508 2117 3561 quoque
2138 3488 2250 3542 haec
2274 3502 2505 3542 tractan-

1500 3570 1553 3621 di
1578 3569 1738 3620 libros
1758 3567 2014 3632 industria
2030 3570 2252 3620 imitatio
2274 3566 2508 3639 appella-

1501 3662 1660 3699 retur.
1685 3648 1764 3698 lta
1792 3666 1928 3718 opus
1960 3645 2090 3697 illud
2118 3648 2354 3718 Dionysii
2385 3644 2503 3697 nal.

1505 3744 1612 3797 quo
1630 3736 1865 3777 veterum
1885 3737 2151 3776 oratorum
2165 3723 2365 3794 judicia
2386 3743 2510 3794 pro-

1503 3806 1656 3876 ponit
1679 3841 1696 3870 ,
1745 3805 2005 3874 cujusque
2050 3803 2260 3853 nonnisi
2283 3801 2510 3870 ‘aliquot

1505 3896 1682 3954 partes
1705 3881 1915 3953 reliquae
1941 3882 2089 3932 factae
2111 3894 2262 3945 sunt,
2288 3881 2508 3950 inscrip-

1505 3974 1619 4014 tum
1651 3962 1812 4014 fuisse
1843 3960 2050 4011 videtur
2085 3957 2150 4009 de
2186 3957 2508 4023 imitatione,

1508 4058 1616 4110 quo
1635 4038 1807 4091 indice
1832 4049 2153 4089 memoratur
2169 4055 2200 4088 a
2219 4035 2510 4090 Scholiaste

1506 4117 1850 4186 Hermogenis
1875 4111 1931 4165 ιτδ
1960 4115 2071 4182 aspi
2095 4110 2347 4179 μιμιῖσους.
2373 4114 2511 4167 Vide

1506 4195 1721 4269 Taylori
1743 4197 1910 4248 Lectt.
1937 4196 2085 4268 Lym,
2105 4214 2157 4267 p.
2179 4193 2367 4266 (Rsk.)
2394 4195 2510 4247 162.
