3200 5159
670 515 1322 585 INSTITUTIONIS
1359 514 1616 581 ORAT.
1656 513 2016 592 L113.x11,
2057 512 2119 580 6.

2320 508 2447 597 473

354 641 747 742 gravissima
807 641 1075 745 judicia
1137 639 1562 740 susceperint
1594 654 1611 683 ¹
1640 671 1657 728 ;
1707 658 2122 739 praetextatos
2149 650 2173 682 ²
2233 634 2447 733 egisse

353 757 692 856 quosdam
727 757 812 830 sit
842 756 1203 847 traditum3
1241 757 1468 828 Coesar
1492 752 1885 854 Anqustus³
1922 751 2293 826 duodecim
2332 776 2449 820 na-

354 891 466 943 tus
489 899 709 946 annos
733 873 954 945 aviam
980 899 1105 971 pro
1136 870 1361 943 rostris
1387 868 1792 942 laudaverit.
1820 866 2121 942 Modus‘*
2147 865 2322 938 mihi
2351 864 2447 936 vi-

354 987 556 1061 detur
579 990 869 1089 quidam
892 989 1235 1062 tenendus
1251 1043 1270 1076 ,
1291 1008 1368 1059 ut
1383 1014 1613 1084 neque
1630 1012 2062 1085 praepropere
2077 982 2453 1080 destringa-

352 1105 467 1176 tu'r
481 1103 521 1204 ⁵-
540 1104 913 1176 immatura
941 1106 1165 1194 fronS,
1201 1124 1270 1175 et
1304 1102 1641 1202 quicquid
1672 1123 1772 1174 est
1803 1101 1978 1174 illud
2011 1101 2240 1176 adhuc
2270 1124 2456 1170 acer-

356 1262 549 1330 Cum,
580 1264 774 1318 Pollio.
805 1266 1023 1318 Matius.
1058 1276 1206 1330 ante,
1239 1284 1361 1316 curn

355 1342 475 1396 Ald.
493 1344 548 1396 in
562 1343 667 1396 hoc
682 1357 824 1397 certe
839 1359 1046 1399 errante
1061 1349 1237 1399 Burm.
1241 1348 1362 1417 ,qui

359 1421 524 1473 Andr.
549 1434 601 1473 et
625 1422 954 1475 Ald.P0112·o
986 1422 1187 1475 Matius
1218 1420 1362 1472 mul-

358 1509 469 1551 tum
499 1510 622 1552 ante
649 1501 777 1553 dare
803 1514 1012 1568 narrat,
1040 1503 1365 1571 nimiumque

358 1577 558 1631 haeret·
543 1598 599 1631 m
621 1579 915 1652 sphalmate
941 1601 953 1631 ε
985 1582 1072 1632 cnl
1095 1578 1366 1651 Spalding.

360 1659 518 1710 etiam
541 1675 609 1709 ne
632 1657 894 1710 tantulum
919 1655 1131 1729 quidem
1152 1657 1367 1710 tribuis-

361 1748 470 1802 set,
488 1748 743 1805 quantum
758 1736 884 1788 fecit
902 1739 956 1787 in
971 1749 1096 1787 nota
1121 1734 1187 1787 ad
1201 1737 1269 1787 111
1281 1773 1299 1801 ‚
1321 1752 1338 1786 t
1350 1772 1368 1800 ‚

371 1813 431 1865 18
444 1850 461 1878 ,
481 1814 526 1864 si
547 1825 656 1865 tum
676 1816 727 1866 ei
745 1816 1050 1884 contigisset
1070 1816 1232 1882 scire,
1250 1813 1370 1865 nul-

365 1889 473 1942 lum
502 1910 725 1962 usquam
749 1895 805 1945 in
827 1895 1034 1966 scriptis
1058 1892 1228 1945 codd.
1254 1896 1368 1965 ejus

366 1972 592 2022 nominis
637 1989 753 2024 esse
789 1974 1082 2042 vestigium.
1127 1974 1371 2044 Suscepe-

364 2050 810 2114 runt,'1’uricens.
836 2049 975 2102 Flor.
1001 2069 1123 2102 cnm
1144 2052 1291 2104 Jens.
1318 2062 1371 2101 et

366 2127 487 2181 edd.
503 2143 732 2200 posterr.
752 2143 876 2182 ante
892 2129 1013 2183 Ald.
1031 2130 1250 2183 Eosdem
1270 2149 1368 2202 pro

364 2207 646 2281 quosdam,
686 2208 840 2261 Basil.
879 2208 1047 2261 altero
1088 2212 1143 2261 in
1180 2213 1373 2281 margi-

364 2305 488 2339 nem
522 2289 720 2359 rejecto
747 2285 909 2359 (turb.
944 2290 1163 2359 Burin..)
1201 2287 1374 2340 Natus

367 2369 618 2419 omittunt
640 2370 820 2420 Turic-
850 2386 973 2420 cum
995 2368 1130 2421 Alm.
1157 2367 1373 2420 Lauda-

372 2447 471 2512 vit,
495 2447 657 2500 Cant.
684 2466 805 2499 cum
828 2446 989 2499 Goth.

446 2544 491 2577 1.
515 2523 731 2578 Iudicia
752 2528 1076 2598 susceperint.
1102 2525 1227 2580 Non
1250 2524 1374 2579 sub·

336 2627 345 2634 ·
372 2604 528 2657 tilite'r
548 2619 713 2675 agunt
726 2643 743 2670 ,
765 2608 857 2677 qui
861 2605 1071 2678 judicia
1092 2625 1267 2658 causas
1283 2605 1372 2658 hic

370 2685 781 2755 interpretantur
802 2685 1101 2757 Capperon.
1138 2697 1192 2737 et
1215 2683 1377 2736 Index

369 2757 748 2835 Ge'snerianus3
771 2763 1009 2834 quamvis
1028 2764 1099 2814 ita
1120 2765 1277 2816 etiam
1298 2761 1376 2814 lo-

372 2843 464 2912 qui
484 2844 746 2913 potuisset
769 2845 978 2895 Noster.
1014 2845 1151 2895 Nam
1184 2845 1228 2896 si
1260 2844 1378 2915 quis

372 2922 430 2972 in
437 2920 706 2994 judicium
732 2919 1013 2974 adducitur
1034 2923 1272 2996 subitque
1288 2925 1379 2993 ju-

374 2999 590 3064 dicium,
606 3015 861 3073 patronus
872 3003 1123 3074 suscipere
1133 3000 1262 3055 illud
1277 3020 1376 3074 pro

375 3099 441 3133 eo
470 3080 575 3132 dici
601 3095 809 3153 potest3
849 3083 985 3133 sicut
1016 3082 1211 3152 accipit
1230 3080 1379 3150 judi-

375 3161 513 3211 cium
535 3172 587 3210 et
605 3178 726 3211 reus
747 3174 800 3210 et
822 3173 1099 3230 patronus.
1116 3159 1248 3211 Vide
1268 3160 1378 3211 Cic.

374 3239 558 3307 Quint.
581 3255 648 3290 πο
664 3237 752 3309 (62
781 3250 832 3289 et
852 3237 974 3310 63);
1001 3240 1150 3291 Verr.
1173 3237 1381 3307 lib.111‚

376 3336 495 3390 cap.
523 3334 586 3369 υ
612 3315 747 3388 (55).
808 3325 825 3340 “

438 3416 484 3451 a.
503 3398 848 3450 Proetextatos.
868 3398 1022 3450 Anno
1037 3399 1203 3450 natatis
1217 3397 1382 3465 XVII,

377 3478 600 3529 Romani
622 3490 926 3548 praetextam
948 3492 1123 3550 togam
1144 3477 1381 3549 depone-

376 3556 505 3609 bant
520 3595 537 3624 ,
560 3571 613 3608 et
636 3555 769 3609 virili
792 3557 1164 3610 induebantur.
1192 3559 1288 3610 En.

447 3636 499 3689 3.
529 3639 698 3690 Coesar·
715 3637 995 3710 Augustus.
1027 3636 1243 3691 Sueton.
1269 3640 1379 3692 Oc-

378 3730 480 3769 tav.
507 3716 557 3768 8.
584 3715 840 3768 Laudatio
871 3717 971 3768 fuit
994 3716 1248 3769 funebris.

451 3796 502 3862 4.
526 3795 714 3848 Modus
731 3794 881 3847 mihi.
903 3797 1109 3849 Omittit
1131 3794 1271 3848 Flor.
1295 3814 1381 3848 va-

378 3895 481 3928 cuo
515 3889 691 3930 tamen
725 3872 896 3949 spatio
925 3874 1143 3940 relicto,
1172 3889 1233 3949 'et
1261 3895 1382 3927 mox

313 4000 321 4009 .
378 3959 554 4029 posito
574 3958 811 4009 tenenda.
828 3956 1005 4010 Verba
1030 3955 1163 4007 mihi
1186 3956 1391 4008 videtur

379 4038 673 4107 transponit
690 4039 850 4089 cin».
864 4038 976 4090 Nec
984 4054 1222 4109 propere,
1233 4035 1388 4088 Guel-

381 4113 513 4167 ferb.
545 4116 731 4187 Neque
762 4135 1006 4189 propere,
1040 4117 1202 4169 Goth.
1238 4118 1381 4171 Jens.

381 4214 501 4248 cum
526 4196 648 4249 edd.
673 4212 897 4269 posterr.
924 4212 1047 4252 ante
1068 4197 1187 4250 Am.

1517 1261 1568 1315 5.
1599 1263 1989 1335 Dent-iugatum·
2022 1265 2094 1315 sic
2119 1260 2362 1313 Ambros.
2401 1278 2451 1311 2.

1445 1343 1860 1415 Destringuntu13
1876 1341 2017 1395 Flor.
2037 1341 2450 1416 Distrinqantur,

1445 1424 1625 1475 Turic.
1643 1422 2212 1494 DistrinquaturNoss.
2232 1437 2283 1484 2,
2297 1420 2450 1470 Tarv.

1448 1515 1501 1554 et
1524 1500 1646 1554 edd.
1678 1515 1904 1573 posterr.
1941 1513 2062 1553 ante
2094 1497 2213 1551 Ald.
2244 1497 2456 1568 Reliqui

1446 1582 1818 1652 Distrinqatur.
1838 1581 2029 1632 Veram
2053 1580 2364 1650 scripturam
2388 1577 2456 1629 si-

1447 1677 1515 1710 ne
1556 1657 1704 1710 libris
1743 1660 1856 1728 jam
1900 1655 2288 1710 commendavit
2325 1657 2455 1708 Bur-

1447 1755 1673 1789 mannus
1691 1753 1974 1808 persuasus
1997 1737 2059 1788 iis
2084 1752 2197 1805 quoe
2216 1734 2456 1805 Cuperus

1448 1819 1503 1869 in
1521 1817 1679 1870 Obss.
1705 1816 1767 1883 4,
1793 1814 1853 1880 5,
1876 1815 1945 1869 de
1968 1814 2053 1868 his
2074 1814 2247 1867 verbis
2273 1813 2457 1865 obser-

1450 1910 1627 1958 ναι-εις
1668 1897 1879 1947 tametsi
1918 1913 2047 1947 usus
2084 1895 2139 1945 in
2162 1893 2348 1965 fronte
2382 1891 2457 1944 lbi

1451 1993 1561 2026 non
1603 1975 1852 2044 tangitur.
1897 1973 2000 2025 Sed
2045 1972 2200 2025 facile
2237 1984 2460 2044 apparet

1450 2051 1720 2126 particulae
1754 2054 1831 2105 dis
1864 2052 2173 2104 translatum
2202 2049 2310 2102 hnc
2334 2059 2458 2103 sen-³

1452 2151 1569 2184 sum
1607 2149 1721 2184 esse
1758 2149 1916 2203 posse
1958 2129 2178 2182 nullum.
2215 2131 2310 2181 Est
2344 2128 2457 2180 ubi-

1452 2211 1891 2282 cumque,'l’nric.
1913 2210 2077 2262 cuir.
2102 2227 2224 2260 cnm
2239 2207 2461 2259 Alma.—

1451 2291 1599 2342 Avic.
1645 2291 1706 2341 R.
1750 2288 1783 2341 5
1800 2326 1815 2348 ,
1859 2286 2223 2360 destrinqatur.
2271 2285 2422 2339 Poul.
2442 2325 2460 2353 ,

1451 2371 1778 2444 distingutur.
1799 2367 1932 2420 vall.
1955 2367 2070 2430 lib..
2088 2366 2461 2439 distinguatur.

1452 2448 1567 2502 Bell
1576 2487 1610 2514 .‚
1621 2448 2149 2521 distringatur-Em—
2158 2446 2226 2498 Ut
2237 2464 2417 2518 neque.
2425 2483 2438 2495 .
2448 2485 2462 2497 .

1451 2529 1858 2602 destrinqatur...
1884 2539 2009 2580 ει...
2028 2526 2341 2599 proferatur.
2363 2515 2464 2578 ‘Mi-
2513 2559 2519 2566 ·

1453 2628 1543 2661 ror
1562 2611 1828 2660 neminem
1846 2605 2022 2658 adhuc
2044 2608 2326 2678 quicquam
2353 2623 2466 2656 mo-

1456 2690 1633 2741 nuisse
1665 2687 1734 2740 de
1757 2687 1891 2754 hoc,
1931 2687 2021 2757 qui
2047 2704 2076 2737 a
2105 2684 2349 2738 sollemni
2373 2683 2465 2737 illo

1457 2770 1899 2840 conjunctionum
1920 2784 2141 2839 vaeque...
2161 2776 2212 2817 et
2230 2784 2331 2817 usu
2350 2764 2467 2837 pla-

1457 2868 1524 2901 ne
1549 2848 1831 2910 abhorret;
1866 2865 2030 2919 quum
2058 2846 2325 2918 posterior
2345 2863 2469 2917 pars

1457 2946 1568 2978 non
1601 2927 1938 2988 affirmative,
1970 2926 2048 2977 uti
2075 2943 2174 2997 par
2201 2936 2344 2988 erat,
2374 2921 2469 2975 sed

1458 3007 1698 3074 negative
1713 3002 1838 3055 velit
1851 3002 2091 3073 intelligi.
2107 3004 2343 3054 Fuerunt
2360 3001 2470 3071 qui-

1459 3082 1580 3135 dem
1623 3084 1712 3154 qui
1749 3081 1955 3151 singula
1992 3083 2206 3132 nomina
2243 3099 2341 3153 per
2375 3099 2469 3133 ne-

1459 3182 1618 3235 que...
1644 3174 1694 3214 et
1718 3160 1959 3232 copulari
1983 3180 2141 3232 posse
2165 3160 2468 3225 crederent;

1462 3259 1688 3312 quarum
1711 3238 2006 3292 doctrinam
2041 3241 2285 3312 tangit'et
2307 3258 2473 3312 repu-
2519 3274 2529 3281 -

1462 3319 1571 3372 diat
1585 3318 1866 3373 Ruhnken.
1885 3320 1951 3372 ad
1970 3318 2102 3373 vell.
2114 3321 2184 3387 11,
2201 3320 2288 3386 45.
2306 3318 2471 3389 (Vide

1463 3398 1630 3452 Bentl.
1667 3398 1734 3450 ad
1768 3401 1893 3451 Hor.
1926 3400 2028 3452 Sat.
2055 3401 2107 3468 1,
2132 3400 2194 3466 6,
2215 3398 2327 3471 68.)
2367 3398 2473 3453 sed

1461 3479 1571 3531 duo
1605 3482 1810 3551 integra
1844 3482 2098 3534 orationis
2126 3480 2361 3532 membra
2400 3482 2474 3533 ita

1462 3562 1747 3632 conjuncta
1771 3577 1958 3624 nemo,
1984 3558 2131 3629 quod
2154 3561 2344 3623 sciam,
2371 3559 2474 3612 sibi

1460 3640 1602 3691 visus
1629 3651 1710 3690 est
1733 3639 1984 3690 invenire.
2009 3639 2145 3690 Nam
2169 3639 2299 3691 Livii
2323 3637 2473 3692 locus

1461 3716 1586 3788 (lib.
1603 3720 1694 3784 IV,
1719 3735 1765 3768 c.
1797 3720 1892 3786 29)
1916 3739 1927 3769 :
1956 3718 2067 3770 Nec
2092 3716 2220 3769 libet
2240 3717 2470 3783 credere,

1463 3810 1513 3850 et
1528 3796 1676 3864 licet,
1699 3798 1754 3848 in
1777 3797 1930 3849 variis
1948 3796 2301 3869 opinionibus,
2321 3799 2473 3867 cujus

1465 3898 1548 3931 me
1578 3878 1854 3930 admonuit
1882 3879 2225 3930 amicissimus
2249 3876 2475 3930 Carolus

1466 3956 1783 4022 Schneider,
1826 3955 1920 4008 sed
1961 3957 2032 4007 ita
2048 3993 2066 4022 ‚
2110 3969 2168 4007 ut
2208 3956 2473 4009 diversum

1466 4055 1581 4090 esse
1601 4040 1716 4108 ipse
1732 4032 2046 4105 intelligeret
2058 4072 2073 4094 .
2090 4033 2195 4086 huc
2210 4034 2348 4087 'trahi
2363 4054 2471 4087 uon

1465 4130 1661 4189 potest.
1681 4116 1932 4182 Quamvis
1954 4115 2090 4165 enim
2112 4115 2164 4164 in
2187 4116 2475 4185 posteriori

1465 4197 1539 4250 ibi
1582 4195 1816 4248 membro
1859 4207 2034 4248 mente
2073 4192 2359 4264 repetenda
2403 4194 2475 4250 sit
