3200 5159
722 492 849 568 422
1289 495 1383 559 M.
1423 493 1654 560 FABII
1690 496 2252 580 QUINTILIANI

720 610 1019 685 ticorum
1072 614 1423 690 nobismet
1462 616 1591 717 ipsi
1619 633 1638 663 ¹
1686 645 2100 717 responsum
2137 618 2412 692 finxisse
2445 617 2834 706 videamur,

725 727 813 799 sit
840 729 1139 827 aliquis²
1170 732 1345 805 adeo
1370 756 1613 806 contra
1635 734 1990 806 veritatem
2020 734 2403 807 obstinatus
2421 792 2441 826 ,
2471 755 2554 807 ut
2579 730 2840 804 audeat

729 841 994 934 dicere,
1031 847 1280 919 eodem
1316 848 1636 947 ingenio,
1671 848 1939 942 studio,
1972 850 2290 923 doctrina
2328 848 2698 950 praeditum
2732 847 2837 918 ni-

727 956 874 1030 hilo
894 959 1309 1036 deteriorem
1323 965 1644 1036 futurum
1665 984 2009 1037 oratorem
2029 964 2302 1036 malum
2320 964 2551 1036 virum
2568 1020 2588 1054 ‚
2616 988 2834 1062 quam

620 1114 674 1149 ιι
727 1072 1029 1147 bonum.
1062 1078 1577 1153 Convincamus
1618 1079 1832 1180 hujus
1867 1106 2149 1178 quoque
2184 1079 2565 1152 amentiam
2602 1104 2617 1148 :
2663 1101 2839 1147 nam

730 1191 953 1263 certe3
987 1219 1199 1266 nemo
1233 1193 1586 1267 dubitabit
1606 1251 1626 1286 ,
1670 1221 1962 1268 omnem
2004 1192 2440 1267 orationem4
2484 1191 2559 1264 id
2591 1216 2836 1289 agere,

729 1326 810 1378 ut
846 1306 1109 1406 judici,
1152 1336 1306 1409 quae
1347 1312 1698 1410 proposita
1739 1310 2037 1400 fuerint,
2083 1337 2244 1382 vera
2289 1331 2357 1381 et
2395 1309 2690 1381 honesta
2726 1305 2878 1378 vi:

732 1421 1067 1497 deantur:
1103 1446 1344 1498 utrum
1378 1427 1591 1527 igitur
1630 1413 1764 1501 hoc
1793 1427 2071 1501 facilius
2097 1425 2327 1499 bonus
2363 1423 2511 1499 vir⁵
2547 1449 2841 1524 persua-

733 1539 963 1633 debit,
995 1570 1086 1613 an
1114 1543 1391 1616 malus?
1421 1546 1658 1616 Bonus
1688 1544 1977 1644 quidem
2013 1541 2244 1616 dicet⁶
2274 1542 2710 1642 saepiusvera
2738 1561 2842 1613 at-

624 1700 686 1736 ια
733 1683 872 1756 que
899 1657 1211 1731 honesta.
1243 1660 1380 1733 Sed
1409 1661 1621 1734 etiam
1654 1661 1711 1734 si
1743 1662 2030 1760 quaudo
2059 1660 2300 1760 aliquo
2329 1660 2578 1732 ductus
2605 1657 2845 1730 officio

733 1774 970 1870 (quod
1024 1777 1335 1850 accidere
1351 1792 1407 1869 ⁷,
1454 1799 1539 1851 ut
1580 1805 1743 1850 mox
1799 1778 2206 1851 docebimus
2232 1776 2288 1868 ⁸,
2341 1778 2615 1878 potest)
2664 1774 2840 1848 falso

732 1888 878 1961 haec
922 1890 1272 1966 affirmare
1305 1895 1714 1986 conabitur,
1749 1896 2011 1997 majore
2045 1922 2211 1968 cum
2259 1892 2398 1966 fide
2430 1919 2707 1968 necesse
2741 1912 2845 1965 est

734 2006 1095 2080 audiatur:
1129 2029 1197 2081 at
1218 2010 1424 2084 malis
1448 2011 1860 2085 hominibus
1888 2039 1969 2084 ex
1999 2031 2404 2110 contemptu
2437 2009 2843 2111 9opinionis

736 2143 802 2195 et
824 2124 1219 2223 ignorantia
1243 2128 1432 2220 recti,
1455 2155 1977 2229 nonnunquam
1999 2127 2251 2200 excidit
2277 2127 2428 2227 ipsa
2441 2125 2803 2199 simulatio
2823 2152 2841 2196 :

735 2239 902 2312 inde
943 2241 1363 2317 immodeste
1390 2260 1448 2290 ¹⁰
1481 2266 1922 2345 proponunt,
1957 2245 2105 2317 sine
2149 2245 2420 2344 pudore
2452 2243 2840 2319 affirmant.

816 2487 861 2521 1.
878 2470 1148 2525 Nobismet
1161 2473 1274 2547 ipsi.
1296 2474 1443 2526 Avic.
1466 2473 1616 2526 Poul.
1636 2474 1747 2526 RR.
1901 2475 1951 2527 6.
1974 2473 2195 2544 Quidem
2219 2471 2384 2534 dicen·
2409 2473 2485 2523 sic
2497 2472 2676 2523 Turic.
2696 2470 2843 2524 Ποῖ.

743 2566 795 2618 7,
828 2565 848 2600 1
864 2567 909 2614 ι,
930 2551 1094 2601 Cuu».
1118 2551 1285 2604 Andr.
1305 2555 1450 2606 Jens.
1474 2552 1595 2606 Ald.
1612 2593 1629 2621 ‚
1653 2572 1750 2607 no·
1828 2555 1991 2606 (λων.
2016 2556 2089 2606 Et
2109 2555 2352 2606 inserunt
2374 2551 2581 2623 reliqui.

741 2628 921 2682 bismet
948 2629 1083 2699 ipsis.
1116 2631 1210 2681 En.
1902 2653 1951 2705 7.
1976 2635 2135 2706 Quod
2146 2633 2391 2685 accidere.
2411 2631 2645 2683 Florent.
2659 2669 2676 2699 ‚
2698 2632 2846 2704 quod

816 2725 863 2759 2.
889 2708 972 2761 Sit
990 2707 1202 2782 aliquis.
1228 2708 1371 2776 Ald.‚
1392 2712 1437 2763 si
1454 2711 1522 2763 sit
1537 2710 1748 2783 aliquis.
1831 2713 2094 2765 occideret.
2110 2713 2273 2766 Cur.
2289 2714 2486 2784 majore
2500 2711 2713 2763 omittit.
2724 2713 2848 2763 Ma-

738 2787 902 2839 CAnr.
924 2786 1089 2839 Andr.
1105 2827 1121 2854 ‚
1143 2789 1212 2839 sit
1227 2787 1375 2842 alius.
1402 2789 1561 2860 Male.
1580 2792 1675 2842 En.
1833 2794 1914 2848 lus
1936 2793 2234 2846 hominibus
2246 2832 2267 2859 ‚
2302 2794 2482 2845 Turio.
2518 2790 2660 2844 Fior.
2703 2794 2849 2843 Con-

813 2866 863 2918 3.
893 2866 1038 2919 Nam
1071 2877 1237 2931 certe,·
1272 2871 1347 2921 sic
1378 2872 1559 2922 Turic.
1582 2870 1746 2922 Cane.
1830 2874 2172 2944 ceptu‚Jens.
2191 2890 2312 2924 cum
2333 2884 2556 2943 posterr.
2575 2884 2698 2923 ante
2711 2869 2843 2923 Bad.

737 2944 857 2998 Hoc
900 2947 1141 2998 inserunt
1186 2946 1389 3020 reliqui.
1443 2949 1715 3002 Dubitavit
1728 2986 1749 3016 ‚
1838 2952 1988 3004 Unde
2034 2951 2364 3015 immodeste,
2414 2951 2578 3002 Ceut.
2629 2949 2847 3001 Pudore

740 3026 918 3078 Turio.
946 3026 1087 3079 mor.
1113 3015 1275 3081 σω.
1307 3047 1429 3080 cum
1451 3030 1590 3082 Aim.
1828 3027 2197 3104 adfirmentur,
2223 3029 2401 3080 ruric.
2432 3028 2573 3079 mor.
2604 3026 2848 3080 Ponam

812 3106 865 3173 4.
910 3107 1241 3171 oratione-na,-
1283 3111 1358 3162 sic
1389 3111 1567 3161 Tui-ic.
1607 3109 1747 3161 Flor.
1830 3131 1916 3178 a.,
1937 3111 2099 3162 Cant.
2123 3128 2246 3162 cum
2270 3108 2572 3160 Audi-eane.

741 3185 1001 3252 Ambra),
1025 3187 1199 3240 Guelf.
1223 3187 1514 3256 Oratorem,
1537 3188 1749 3260 reliqui.
1903 3190 1954 3241 8.
1987 3188 2059 3240 Ut
2077 3206 2202 3242 mox
2223 3187 2534 3239 docebimus.
2567 3185 2711 3238 Infra
2737 3204 2767 3237 a
2791 3188 2842 3255 S.

737 3263 906 3337 Aqere
934 3266 1119 3318 vitium
1144 3285 1288 3339 quoe,
1310 3270 1582 3320 Turicens.
1608 3268 1748 3319 Flor.
1829 3266 1955 3320 inde
1978 3268 2069 3320 33.
2105 3269 2213 3336 Qui
2249 3280 2430 3319 tamen
2463 3267 2640 3318 minus
2665 3265 2846 3318 faveat

740 3342 1015 3415 Proposita
1037 3347 1289 3398 omittunt
1308 3348 1582 3399 Tur-icens.
1609 3346 1749 3400 Flor.
1831 3348 2028 3400 Nostro
2044 3383 2062 3412 ‚
2098 3347 2297 3418 poterit
2334 3364 2462 3397 sane
2497 3346 2642 3397 miris
2669 3343 2846 3400 modis

743 3441 865 3475 cum
889 3423 1147 3477 Almelov.
1168 3426 1469 3498 Prepesita‚
1492 3425 1677 3479 Amhr.
1701 3442 1750 3478 2.
1832 3429 2095 3497 exagitare
2134 3444 2257 3478 eum
2300 3423 2408 3476 hoe
2451 3442 2670 3497 quoque
2703 3425 2847 3476 inter

746 3502 921 3571 Vara,
950 3504 1131 3556 Amhr.
1165 3522 1213 3557 ει.
1832 3499 2114 3558 commoda
2173 3506 2379 3557 virtutis
2441 3515 2806 3557 recensentem
2826 3542 2845 3571 ‚

816 3581 868 3634 5.
911 3584 1088 3635 Bonus
1128 3585 1211 3636 vir
1243 3583 1582 3656 persuadebit.
1613 3583 1751 3636 Vide
1833 3583 1980 3657 quod
2004 3587 2207 3657 species
2230 3587 2345 3656 ejus
2370 3596 2586 3635 externa
2616 3595 2671 3635 et
2697 3583 2844 3636 bona

743 3659 835 3712 lib.
866 3664 954 3730 fv,
992 3680 1110 3733 cap.
1138 3678 1184 3728 1,
1216 3664 1264 3730 S.
1299 3680 1350 3734 7,
1382 3662 1508 3730 ubi,
1537 3687 1560 3709 α
1581 3662 1751 3735 pluri-
1831 3664 1971 3716 fama
2010 3663 2137 3716 inde
2173 3676 2295 3714 nata
2333 3661 2542 3733 possint
2573 3661 2844 3730 interdum

748 3763 772 3787 α
794 3760 939 3793 mum
975 3755 1152 3794 tamen
1189 3741 1258 3794 ad
1287 3746 1464 3794 omnia
1498 3744 1755 3796 momenti
1829 3743 2015 3793 fucum
2042 3743 2221 3794 facere
2242 3740 2533 3810 judicibus.

749 3844 771 3866 ι-
793 3836 873 3874 est
899 3824 952 3873 in
980 3821 1083 3873 hoc
1108 3823 1339 3894 positum
1358 3860 1375 3888 ‚
1401 3823 1446 3874 si
1483 3823 1564 3874 vir
1591 3823 1754 3875 bonus
1903 3838 1955 3890 9.
1986 3820 2278 3893 Opiniont‘s.
2300 3818 2438 3873 Vide
2460 3820 2531 3887 11,
2558 3837 2618 3873 u
2636 3858 2654 3887 ‚
2679 3820 2731 3873 5.

750 3923 773 3945 κ
793 3900 1041 3952 creditur.
1052 3926 1075 3950 ιι
1089 3902 1205 3953 Nec
1219 3920 1327 3953 non
1340 3901 1609 3972 eleganter
1623 3901 1754 3953 dixit
1901 3917 1919 3952 1
1932 3918 1980 3951 o.
1999 3898 2320 3951 Immodeste.
2331 3901 2483 3951 ..sine
2487 3898 2844 3971 pudore.Puto

744 3980 821 4031 La
853 3981 1061 4054 Harpe:
1103 4003 1126 4028 α
1145 3983 1215 4035 Sa
1248 3981 1369 4033 voix
1394 3980 1486 4051 (id
1522 3995 1630 4046 est,
1660 3985 1758 4037 viri
1837 3980 2117 4044 interesse,
2143 3976 2290 4048 quod
2311 3978 2459 4049 prius
2482 3975 2647 4028 modo
2672 3991 2847 4044 caret,

751 4082 774 4106 α
792 4058 984 4130 boni),
1010 4081 1079 4112 au
1103 4072 1337 4114 moment
1360 4065 1427 4115 οἰι
1455 4060 1558 4114 elle
1581 4060 1760 4116 s’e‘leve
1838 4059 2062 4110 alterum
2118 4056 2409 4110 mentiendi
2463 4056 2849 4129 turpitudinem

753 4160 775 4182 a
796 4137 924 4190 dans
957 4136 1007 4188 le
1038 4136 1232 4210 temple
1260 4138 1325 4190 de
1356 4137 1411 4191 la
1427 4138 1653 4211 justice,
1686 4152 1758 4194 est
1836 4158 1948 4192 non
1971 4140 2147 4191 sentit.
2174 4139 2471 4210 Proponere
2493 4141 2634 4190 enim
2655 4153 2847 4211 potes-

750 4237 775 4263 ·
793 4233 996 4270 comme
1010 4235 1082 4269 un
1094 4220 1322 4290 premier
1315 4220 1645 4292 jugement..
1661 4220 1756 4273 En.
1837 4231 1946 4271 tate
1968 4217 2059 4271 illa
2083 4219 2315 4270 oratoria
2342 4215 2554 4284 dicitur,
2578 4233 2686 4289 qua
2707 4214 2850 4269 inds-
