3200 5159
758 479 889 546 290

1328 457 1423 519 M.
1466 456 1694 519 FABII
1731 455 2255 538 QUINTILIAN
2263 460 2290 522 1

754 607 885 653 nec
913 579 1113 653 facile
1138 579 1418 679 reponit
1440 577 1667 668 aliud,
1694 579 1866 650 dum
1895 580 1999 670 id,
2027 582 2217 678 quod
2240 582 2641 680 scripserat,
2669 611 2859 681 quae,

754 697 844 769 rit
881 724 895 769 ;
939 696 1059 768 sed
1103 722 1192 767 ne
1236 695 1371 767 hoc
1403 694 2024 793 quidem,infirmae
2065 697 2419 769 memoriae
2463 700 2853 772 remedium

752 834 892 903 est,
928 812 1063 884 nisi
1097 811 1170 882 in
1202 811 1318 901 iis,
1359 810 1482 909 qui
1515 810 1647 883 sibi
1677 810 2074 884 facultatem
2108 811 2421 911 aliquam
2459 813 2736 886 dicendi
2771 843 2852 887 ex

747 947 1057 1027 ternpore
1093 939 1581 1025 paraverunt¹:
1629 926 1818 1023 quod
1858 927 1912 997 si
1950 927 2066 1000 cui
2111 949 2491 1028 utrumque
2520 930 2849 1021 defuerit,

745 1043 912 1115 huic
973 1044 1285 1115 omittere
1345 1041 1643 1113 omnino
1702 1061 1927 1114 totum
1976 1043 2335 1116 actionum
2381 1045 2694 1117 laborem
2717 1102 2737 1135 ,
2793 1047 2850 1117 si

746 1159 918 1259 quid
937 1159 1009 1230 in
1029 1160 1272 1254 litteris
1286 1157 1499 1251 valet,
1523 1158 1614 1229 ad
1635 1159 2081 1230 scribendum
2108 1160 2337 1259 potius
2358 1161 2667 1234 suadebo
2687 1188 2851 1233 con-

634 1288 701 1339 50
740 1291 1078 1349 vertere²:
1113 1275 1232 1348 sed
1268 1276 1411 1347 haec
1447 1300 1597 1347 rara
1630 1275 1998 1348 infelicitas
2033 1277 2182 1349 erit.
2225 1280 2572 1351 Caeterum
2612 1305 2849 1379 quan-

739 1412 894 1463 tum
930 1410 1178 1465 natura
1210 1389 1581 1487 studioque
1614 1390 1835 1462 valeat
1873 1391 2254 1483 memoria,
2297 1393 2403 1465 vel
2440 1393 2846 1466 Themisto-

742 1504 923 1581 cles³
960 1507 1176 1595 testis,
1209 1531 1422 1605 quem
1459 1532 1686 1577 unum
1721 1507 1901 1579 intra
1930 1534 2202 1583 annum
2238 1509 2502 1608 optime
2532 1510 2848 1585 locutum

740 1652 882 1697 esse
930 1626 1189 1724 persice
1228 1644 1531 1713 constat3
1570 1624 1680 1696 vel
1719 1622 2200 1713 Mithridates»,
2244 1627 2358 1698 cui
2404 1627 2577 1701 duas
2624 1649 2692 1700 et
2734 1628 2848 1701 vi-

736 1741 916 1841 ginti
934 1740 1241 1839 linguaS,
1267 1760 1438 1839 quot
1461 1741 1868 1813 nationibus
1892 1742 2307 1839 imperabat,
2331 1743 2625 1815 traditur
2648 1767 2846 1819 notas

732 1856 982 1945 fuisse3
1008 1855 1115 1928 vel
1140 1858 1422 1929 Crassus
1448 1856 1562 1929 ille
1590 1856 1816 1945 dives,
1846 1856 1970 1956 qui
1991 1914 2010 1945 ,
2040 1883 2265 1955 quum
2293 1858 2472 1933 Asiae
2498 1881 2843 1957 praeesset,

737 1971 1056 2069 quinque
1086 1971 1284 2069 graeci
1310 1970 1652 2041 sermonis
1683 1970 2116 2043 differentias
2141 1971 2236 2044 sic
2265 1972 2523 2061 tenuit,
2557 1994 2672 2065 ut,
2704 2000 2847 2072 qua

740 2086 1032 2186 quisque
1062 2086 1253 2185 apud
1290 2112 1453 2159 eum
1483 2086 1729 2186 lingua
1761 2086 2200 2186 postulasset,
2236 2087 2481 2159 eadem
2514 2088 2631 2189 jus
2659 2087 2844 2163 ‘esibi

738 2278 833 2328 rie.
861 2277 1053 2328 omittit
1077 2294 1197 2326 cum
1225 2271 1363 2326 Alm.
1391 2293 1499 2325 non
1517 2274 1681 2336 Flor.;
1707 2276 1751 2326 is

742 2359 879 2409 enim
906 2357 1056 2408 verbo
1088 2373 1187 2426 pro
1219 2356 1427 2407 verbum
1454 2353 1607 2425 (vide
1629 2354 1699 2421 45
1711 2353 1749 2425 ),

741 2438 904 2489 Cane.
929 2435 1056 2486 dum
1080 2434 1224 2506 quod
1242 2454 1341 2506 pro
1365 2434 1417 2486 d.
1441 2434 1494 2485 id
1516 2454 1567 2507 q.

822 2533 839 2566 ι
854 2555 866 2565 .
888 2517 1225 2565 Par-averunt.
1244 2513 1384 2565 Flor.
1402 2511 1455 2583 (a
1470 2533 1550 2585 pr.
1568 2513 1755 2586 manu)

747 2596 956 2648 omittit.
971 2595 1133 2645 Cute.
1147 2630 1163 2658 ‚
1183 2605 1624 2665 praeparaverunt.
1641 2594 1754 2646 Mo-

745 2673 815 2725 do
850 2674 1056 2736 Turic.,
1086 2689 1202 2744 quoe
1238 2672 1367 2725 sicut
1387 2670 1585 2742 facult.
1625 2660 1752 2725 Mox

744 2754 919 2805 Turio.
973 2770 1077 2824 quo
1122 2771 1220 2823 pro
1258 2751 1432 2827 quod,
1474 2763 1527 2802 et
1560 2752 1754 2802 omittit

747 2832 851 2897 cui,
870 2845 929 2883 ut
946 2845 1001 2883 et
1015 2831 1155 2882 Flor.
1169 2830 1285 2902 (sed
1302 2830 1391 2883 hie
1406 2850 1436 2883 a
1450 2849 1529 2903 pr.
1552 2830 1752 2901 manu).

745 2915 877 2966 Item
907 2913 1083 2964 Turio.
1114 2911 1434 2963 committere
1468 2929 1566 2982 pro
1601 2911 1757 2963 omit-

750 3005 869 3046 tere.
891 2995 1066 3043 Tui-ic.
1088 2991 1228 3043 Flor.
1250 2990 1365 3061 (sed
1384 2989 1472 3042 hic
1490 3008 1522 3042 a
1542 3010 1622 3062 pr.
1645 3009 1754 3041 ma-

745 3072 852 3143 nn)
891 3071 1152 3144 integritas
1186 3088 1283 3143 pro
1322 3068 1603 3141 infelicitas
1633 3087 1754 3120 cum

748 3151 885 3204 Alm.
911 3153 1007 3202 Pro
1035 3151 1321 3221 imperabat
1342 3148 1503 3200 Goth.
1534 3149 1754 3219 impera-

748 3233 824 3283 vit
842 3249 965 3282 cum
984 3230 1126 3281 lens,
1151 3244 1200 3281 et
1217 3227 1335 3280 edd.
1359 3242 1480 3280 ante
1495 3227 1615 3280 Ald.
1639 3246 1752 3280 acc.

745 3308 875 3360 Bad.
898 3307 999 3361 Sed
1018 3308 1200 3372 Caum,
1228 3306 1754 3377 imperaret—Nos-

747 3388 816 3437 tri
847 3385 1046 3437 habent
1071 3384 1159 3438 alii
1184 3385 1495 3457 imperabat,
1527 3384 1618 3436 alii
1650 3385 1753 3435 im-

742 3467 963 3538 peravit.
994 3466 1087 3515 En.

823 3562 870 3595 2.
915 3548 1215 3597 Convertere
1250 3542 1481 3613 intellige
1511 3564 1523 3592 ε
1569 3564 1590 3587 «-
1622 3541 1754 3594 illud

754 3647 777 3671 ιι
798 3622 945 3695 quod
972 3626 1025 3674 in
1054 3623 1237 3674 litteris
1266 3622 1419 3673 valet.
1449 3644 1470 3666 n

816 3703 865 3755 3.
888 3701 1266 3754 Themistocles.
1292 3724 1315 3748 ιι
1337 3699 1492 3771 Apud
1507 3698 1748 3772 Thucyd-

751 3805 773 3827 ιι
796 3783 845 3847 l,
874 3781 990 3852 137,
1018 3800 1254 3833 annuum
1279 3779 1380 3831 sibi
1403 3793 1612 3849 tempus
1637 3777 1749 3830 dari

749 3884 772 3908 ι
792 3865 952 3933 petit,
982 3875 1043 3913 ut
1065 3875 1214 3932 paret
1243 3880 1298 3912 se
1326 3858 1391 3910 ad
1421 3857 1749 3928 colloquium

745 3964 768 3988 ιι
788 3945 924 4012 regis
947 3964 957 3993 :
985 3941 1205 4006 deinde,
1230 3959 1276 3991 c.
1311 3940 1406 3990 138
1430 3961 1443 3989 :
1478 3937 1502 3987 o'
1533 3936 1581 3987 δ’
1611 3938 1655 3990 ir
1681 3937 1754 4007 on?

745 4045 767 4069 ιι
785 4020 987 4089 χρόνῳ...
1010 4022 1090 4077 τιῗς
1116 4043 1168 4073 τι
1189 4021 1406 4090 Περσίδος
1425 4015 1637 4084 quinne
1656 4015 1746 4071 ἶσαι

745 4125 767 4149 α
788 4099 983 4154 ιῖὃὺνειτο
1005 4100 1273 4162 κατενόησε,
1293 4098 1372 4151 καὶ
1391 4100 1482 4152 eri-”r
1504 4098 1746 4151 iwmsw-

1839 2299 1862 2323 ιι
1883 2288 2208 2347 cumspecte.
2225 2272 2537 2328 Plutarchus
2556 2294 2752 2347 augere.
2765 2280 2846 2330 vi-

1838 2376 1861 2400 «
1881 2354 2056 2420 detur,
2080 2376 2134 2427 p.
2161 2372 2294 2424 229,
2324 2358 2389 2409 H.
2415 2356 2597 2428 Steph.
2622 2380 2644 2404 ι
2679 2354 2846 2429 [We-

1831 2432 1969 2484 chel.
1995 2452 2047 2506 p.
2078 2432 2205 2497 126,
2230 2430 2306 2508 d.]
2337 2432 2613 2487 u'Enavero'v
2639 2432 2844 2489 deaei-

1838 2536 1860 2558 «
1873 2533 2008 2576 μινος
2032 2510 2110 2562 καὶ
2137 2510 2217 2565 ‘niv
2240 2514 2447 2581 Περσίδα,
2463 2512 2685 2580 γλὸσοαν
2713 2516 2846 2568 ἀπο·

1839 2615 1861 2637 α
1878 2586 2095 2659 χρόνοι-υς
2123 2589 2356 2657 amaeam
2392 2595 2698 2647 Cornelium
2736 2599 2847 2649 Ne-

1839 2692 1860 2716 ·
1880 2683 2062 2742 potem
2084 2686 2297 2724 secutus
2316 2673 2526 2726 videtur
2548 2675 2747 2727 Noster
2767 2678 2842 2741 11,

1841 2773 1863 2796 σι
1891 2767 1981 2816 ιο,
2007 2767 2053 2816 t,
2076 2754 2166 2823 qui
2186 2752 2353 2803 multo
2378 2753 2699 2806 commodius
2723 2774 2843 2809 eum

1840 2851 1863 2875 ι
1884 2841 2059 2880 narrat
2087 2830 2236 2882 verba
2264 2830 2412 2902 apud
2444 2850 2612 2904 reyem
2626 2832 2842 2904 fecisse,

1841 2932 1863 2956 α
1884 2930 2044 2984 quam
2070 2913 2126 2964 1ιί
2145 2923 2414 2982 poterant,
2440 2914 2534 2986 qui
2557 2913 2612 2965 in
2637 2915 2848 2968 Perside

1842 3014 1864 3036 σι
1884 3004 2032 3043 erant
2069 2993 2198 3044 nati.
2222 3016 2244 3040 n
2278 2992 2561 3045 Gesnerus.
2606 2993 2753 3046 Idem
2789 2997 2848 3048 iu

1835 3067 2049 3140 reliquis
2079 3067 2317 3140 designat
2350 3070 2417 3121 de
2441 3070 2674 3123 Mithrid.
2707 3072 2844 3126 Plin.

1835 3148 1951 3214 vll,
1981 3147 2075 3214 24;
2103 3149 2267 3213 XXV,
2297 3166 2356 3211 ας
2386 3148 2520 3201 Gen.
2546 3151 2719 3215 XVII,
2753 3168 2844 3221 ¹7³

1834 3223 1928 3276 ubi
1964 3227 2148 3296 optimi
2178 3225 2296 3277 libri
2324 3228 2557 3299 quinque
2580 3240 2630 3280 et
2656 3229 2847 3302 viginti

1833 3317 1883 3356 et
1912 3318 2090 3377 qentes
2129 3318 2181 3359 et
2216 3305 2426 3379 linquas
2464 3305 2717 3361 habeant.
2762 3312 2844 3362 De

1833 3384 2021 3438 Crasso
2042 3385 2214 3437 Valer.
2249 3389 2387 3439 Max.
2406 3390 2551 3453 vm,
2583 3404 2635 3458 7,
2669 3387 2734 3453 ὃς
2773 3390 2841 3441 de

1834 3466 1971 3537 Cyro
1994 3464 2124 3516 Plin.
2142 3468 2261 3532 vn,
2284 3467 2375 3532 243
2401 3467 2515 3518 Val.
2537 3469 2678 3520 Max.
2696 3470 2841 3536 vm,

1837 3561 1886 3614 7,
1912 3557 2011 3596 ext.
2044 3544 2133 3607 ι6;
2160 3544 2249 3597 sed
2276 3545 2610 3613 fabulosum,
2638 3566 2738 3600 nec
2761 3569 2844 3602 re-

1831 3625 1991 3694 periri
2024 3623 2168 3695 apud
2195 3624 2609 3697 Xenophontem
2639 3627 2838 3701 Cyrop.

1830 3704 1896 3769 V,
1925 3704 1986 3768 3⁹
2019 3720 2098 3774 ¹72
2123 3701 2254 3775 (46)·

1901 3783 1951 3849 4.
1970 3783 2066 3835 Jus
2079 3784 2172 3837 sibi
2181 3806 2199 3845 ,-
2215 3786 2290 3835 sic
2303 3785 2478 3836 Turio.
2495 3784 2833 3845 Flor.,Ambr.

1833 3878 1890 3925 2,
1914 3862 2088 3913 Guelf.
2128 3862 2288 3915 Cane.
2319 3862 2480 3916 Goth.
2519 3867 2664 3918 Jens.
2698 3867 2832 3937 (tac.

1828 3940 2012 4009 Gesn.)
2037 3960 2156 3992 cum
2181 3940 2299 3993 edd.
2324 3957 2445 3995 ante
2470 3944 2668 4017 Gryph.
2694 3945 2834 3997 Reli·

1828 4022 1918 4090 qui
1940 4021 2033 4073 sibi
2053 4023 2154 4092 jus.
2179 4021 2345 4074 Modo
2373 4020 2455 4074 vel
2482 4037 2602 4077 ante
2630 4029 2834 4078 Crassus

1824 4101 1999 4151 Turic-
2024 4103 2243 4166 omittit,
2265 4121 2387 4154 mox
2406 4123 2512 4175 qua
2529 4106 2689 4156 CAnr.
2710 4118 2832 4156 ante

744 4202 766 4226 α
780 4179 947 4247 μέσον
973 4180 1051 4237 τῖς
1078 4177 1254 4248 χαίρεις.
1270 4178 1432 4246 vide,
1462 4198 1618 4250 quarn
1645 4181 1744 4231 cir·
1823 4181 2070 4253 quisque,
2095 4196 2218 4253 post
2240 4181 2376 4236 idem
2398 4184 2543 4255 apud
2556 4184 2826 4237 Guelferb.
