3200 5159
700 473 1356 542 INSTITUTIONIS
1389 474 1649 540 ORAT.
1688 477 1849 541 LIB.
1889 479 1979 557 X,
2023 479 2083 542 3.

2328 475 2436 543 151

340 622 517 697 quas
544 597 715 671 ceris
747 598 1170 672 mandamus
1196 613 1244 686 ¹,
1276 598 1409 670 nisi
1448 598 1522 670 in
1562 598 1934 671 solitudine
1970 597 2269 699 reperire
2298 625 2443 669 non

340 712 803 811 possumus2?
835 716 1122 812 Propter
1152 738 1307 811 quae
1337 712 1526 784 idem
1550 712 1578 759 3
1613 713 1733 785 ille
1767 733 1998 785 tantus
2029 734 2296 785 amator
2331 739 2445 784 se-

340 828 510 900 creti
541 828 1045 901 Demosthenes
1059 826 1115 917 4,
1159 828 1231 901 in
1261 827 1520 918 littore,
1558 828 1676 899 in⁵
1717 827 1908 928 quod
1939 827 2056 900 ⁶se
2093 828 2443 898 7maximo

340 968 508 1026 cum
532 970 703 1016 sono
725 943 979 1016 fluctus
999 941 1362 1033 illideretss,
1385 943 1763 1032 meditanS,
1784 942 2275 1016 consuescebat
2293 969 2447 1014 con·

339 1057 630 1130 cionum
660 1060 977 1132 fremitus
1007 1085 1150 1131 non
1184 1085 1657 1158 expavescere.
1696 1044 1820 1131 Illa
1848 1086 2131 1160 quoque
2168 1059 2446 1132 minora
2478 1073 2542 1127 31

337 1174 497 1270 (sed
521 1173 696 1246 nihil
718 1174 789 1246 in
812 1175 1058 1248 studiis
1083 1200 1380 1274 parvum
1399 1189 1433 1236 9
1458 1178 1594 1273 est)
1629 1202 1773 1247 non
1799 1195 1963 1248 sunt
1984 1174 2442 1264 transeunda,

338 1288 544 1360 scribi
565 1302 624 1334 ¹⁰
656 1289 919 1388 optime
958 1291 1130 1363 ceris
1152 1346 1172 1380 ,
1206 1290 1280 1363 in
1319 1290 1578 1388 quibus
1611 1289 1945 1363 facillima
1975 1310 2076 1363 est
2107 1289 2277 1375 ratio
2317 1289 2446 1361 de-

338 1401 565 1493 lendi;
596 1403 728 1476 nisi
768 1405 945 1477 forte
987 1405 1172 1478 visus
1214 1405 1559 1479 infirmior
1605 1408 2177 1479 membranarum
2216 1404 2443 1504 potius

338 1570 435 1623 las.
464 1572 819 1627 Lucubrando
848 1577 988 1628 enim
1012 1588 1066 1627 et
1089 1574 1351 1628 meditan-

333 1649 409 1702 do
430 1670 542 1703 non
562 1655 660 1705 nisi
680 1653 950 1726 particulae
975 1655 1274 1706 orationum
1297 1667 1350 1707 et

334 1730 546 1803 disjecti
569 1751 754 1785 sensus
779 1732 1121 1805 effinguntur.

418 1828 436 1863 1
451 1848 462 1861 .
489 1811 822 1864 Mandamus.
843 1814 1019 1864 Turio.
1044 1812 1099 1885 (a
1119 1830 1222 1865 sec.
1243 1830 1351 1865 ma·

335 1888 436 1959 nn)
471 1890 794 1942 mandemus.

412 1986 459 2019 2.
487 1967 778 2021 Possumus.
806 1966 960 2023 Solus
985 1969 1045 2020 R.
1074 1985 1165 2035 ια,
1184 1969 1349 2042 posti-

333 2066 466 2101 mus.
495 2047 589 2099 Eo.

408 2127 458 2178 3.
507 2128 636 2198 Quoe
678 2127 832 2180 idem.
873 2126 1147 2177 Turieens.
1163 2161 1181 2191 ,
1223 2142 1349 2197 qut-

331 2207 493 2273 dem5
530 2226 560 2260 a
597 2207 831 2260 secunda
866 2224 1029 2258 manu
1065 2206 1207 2279 quod
1233 2202 1351 2278 ‘qui-

332 2288 448 2338 dem
463 2327 484 2354 ,
509 2300 562 2339 et
584 2288 660 2339 sic
681 2289 843 2340 Can».

406 2366 458 2432 4.
481 2366 875 2430 Demosthenes,
898 2365 952 2416 in
973 2364 1162 2418 littore.
1186 2358 1276 2414 Διιὶ
1295 2350 1351 2414 5⁴¹⁸

328 2447 472 2499 τοῦτο
499 2441 584 2517 (vn-⁰¹
614 2445 999 2499 sumaim-uum
1026 2436 1173 2513 εἶναι)
1205 2442 1348 2507 φασὶν

332 2524 479 2579 ador-'v
520 2527 684 2594 ἔνεμον
727 2526 952 2595 ῥιγθιιῒον
995 2524 1223 2593 πυροῦθαι
1263 2520 1349 2575 uui

330 2601 591 2671 κινουμὲνκν
610 2603 806 2675 culp&
818 2600 899 2657 miv
910 2600 1189 2664 δείλαιοι-τιν,
1204 2598 1352 2669 nupsi

327 2679 439 2740 cotie
476 2682 720 2751 αἰγιαλοὺς
756 2683 1044 2753 βαδίζοντα,
1081 2678 1230 2748 λίγιιν
1266 2679 1348 2732 nd

327 2765 401 2831 τᾷ
423 2763 504 2818 τῖς
528 2763 780 2818 θαλάττιος
803 2761 904 2828 nixo,-
933 2760 1083 2814 cvr-01¹
1110 2760 1241 2811 ασθαι
1266 2756 1349 2825 ιφὸ·

332 2862 421 2908 μιν
437 2840 526 2900 ταὶς
546 2842 635 2894 τοῦ
652 2842 798 2910 Nyso
818 2841 1076 2896 muccis.
1141 2843 1152 2853 ”
1264 2842 1347 2893 ius

330 2922 517 2972 invita
539 2922 725 2973 Dem.:
757 2944 780 2967 α
901 2938 962 2972 ex
986 2938 1147 2972 me...
1175 2920 1265 2991 qui
1291 2921 1348 2972 in

336 3021 361 3045 ι
382 2997 713 3052 Phalericum
751 3002 909 3052 etiam
944 2996 1308 3051 descenderim
1332 3020 1343 3048 :

338 3099 363 3123 ι
386 3095 496 3147 quo
519 3079 573 3129 in
599 3077 719 3130 loco
745 3077 812 3128 ad
835 3076 1054 3129 fluctum
1076 3079 1226 3128 aiunt
1248 3074 1347 3128 de-

337 3177 364 3204 ·
385 3155 614 3207 clamare
652 3155 866 3209 solitum
901 3154 1346 3220 Demosthenem,

338 3255 363 3281 ιι
383 3248 444 3287 ut
461 3235 730 3286 fremitum
748 3247 1072 3286 assuesceret
1089 3251 1222 3285 voce
1240 3234 1347 3285 vin-

341 3336 365 3360 ·-
386 3333 520 3367 cere.
546 3338 570 3362 a
597 3316 707 3367 Cic.
732 3314 800 3366 de
823 3316 935 3366 Fin.
957 3316 1023 3378 V,
1050 3307 1114 3366 2.'

408 3394 460 3448 5.
499 3396 566 3446 In
604 3397 758 3468 quod.
782 3396 959 3446 Turic.
993 3393 1132 3445 Flor.
1168 3392 1343 3446 Guelf.

332 3475 496 3528 (ζ’-ιω».
514 3514 532 3539 ,
562 3475 597 3526 ἰ.
623 3494 726 3548 quo
743 3515 757 3540 ,
785 3493 907 3527 cum
929 3473 1089 3527 Goth.
1110 3477 1265 3527 Voss.
1301 3491 1346 3543 1,

338 3569 398 3617 a,
428 3552 563 3603 Van.
595 3566 646 3604 et
675 3555 818 3605 Jens.
847 3556 1045 3605 Tarvis.
1081 3551 1236 3604 Basil.
1275 3581 1348 3592 --

334 3630 518 3681 Nostri
542 3631 597 3681 in
621 3649 755 3703 quo,
782 3650 894 3683 exc.
920 3631 1036 3682 Put.
1058 3648 1088 3682 a
1110 3649 1215 3685 sec.
1237 3650 1348 3683 ma-

334 3724 438 3769 nu,
463 3708 555 3777 qui
580 3707 634 3757 in
658 3710 815 3779 quod.
840 3710 934 3761 En.
1023 3735 1032 3743 ·

406 3785 458 3838 6.
489 3788 570 3839 Se.
605 3787 772 3839 (λιν.
808 3790 1002 3840 omittit
1030 3807 1152 3840 cum
1179 3788 1342 3843 Goth.

332 3865 470 3916 van.
490 3896 563 3905 --
580 3869 846 3920 omittunt
869 3888 1082 3942 quoque
1104 3869 1347 3941 plerique

335 3947 519 3996 nostri.
546 3945 639 3997 En.

411 4040 461 4093 7.
489 4026 752 4079 Maximo.
777 4027 982 4094 ΟΜΝ,
1005 4029 1251 4081 maxime.
1277 4058 1348 4069 —-

337 4102 422 4156 sic
447 4122 662 4175 quoque
688 4108 791 4158 ΗΒ.
820 4107 880 4170 8,
907 4122 997 4173 ιῠ,
1024 4107 1103 4159 13.
1130 4107 1224 4160 En.

393 4183 462 4256 .⁸·
487 4182 742 4238 Illideret.
771 4185 963 4253 Goth..
994 4185 1347 4251 illiderentur,-

1431 1575 1525 1629 sed
1561 1596 1590 1629 e
1626 1579 1780 1629 Voss.
1820 1596 1882 1641 α,
1922 1575 2233 1638 iilideretur,
2275 1587 2328 1626 et
2364 1577 2440 1627 sic

1429 1654 1564 1707 van.
1592 1657 1736 1708 Jens.
1764 1673 1887 1707 cum
1910 1654 2032 1706 edd.
2062 1667 2286 1725 posterr.
2317 1666 2441 1705 ante

1427 1733 1579 1799 Ald„
1603 1752 1715 1786 acc.
1741 1733 1867 1785 Bad.
1891 1732 2168 1798 Illuderet,
2191 1735 2346 1783 Voss.
2377 1731 2436 1793 3;

1430 1831 1496 1865 en
1528 1831 1655 1865 cum
1687 1831 1771 1879 se,
1810 1831 1921 1864 non
1940 1811 2171 1864 doceor.
2200 1810 2335 1865 Vide
2372 1811 2439 1876 V,

1436 1893 1526 1960 14,
1552 1893 1650 1960 34,
1674 1891 1951 1962 ablegante
1976 1888 2443 1942 Burm.--Eadem

1430 1972 1597 2023 nostri
1618 2007 1635 2029 ,
1673 1972 1774 2022 nisi
1813 1968 1959 2040 quod
1991 1967 2142 2019 abest
2178 1964 2434 2019 illuderet.

1428 2042 1531 2104 Sed
1553 2051 1618 2101 R.
1652 2050 1744 2113 13,
1768 2048 2090 2100 colliderent.
2114 2049 2208 2098 En.

1499 2144 1552 2196 9.
1583 2128 1838 2178 Parvum.
1862 2128 2038 2178 Turic.
2066 2129 2108 2178 F
2109 2125 2208 2177 lor.
2241 2127 2402 2181 Cane.
2424 2160 2440 2189 ,

1424 2224 1637 2279 parum,
1656 2225 1779 2258 cum
1793 2206 1931 2258 Alm.
1946 2208 2044 2258 Hic
2055 2205 2268 2278 quidem
2284 2207 2441 2256 maxi·

1428 2304 1525 2338 me
1568 2287 1899 2338 auctoritatis
1936 2285 2100 2337 libros
2139 2283 2438 2355 sequendos

1430 2382 1544 2416 esse
1566 2382 1679 2416 non
1702 2366 1900 2435 putavi.
1925 2366 2115 2434 Neque
2143 2364 2280 2413 enim
2310 2378 2440 2432 pro-

1426 2442 1585 2494 batus
1607 2445 1753 2495 vocis
1777 2460 1967 2513 parum
1995 2442 2315 2510 significatus
2332 2478 2349 2505 ,
2371 2437 2441 2491 de

1429 2541 1540 2594 quo
1561 2521 1682 2575 vide
1707 2525 1784 2589 X,
1814 2541 1860 2587 1,
1887 2523 2012 2585 1303
2036 2524 2133 2589 111,
2160 2540 2206 2587 1,
2231 2523 2291 2583 5;
2317 2523 2366 2587 1,
2394 2537 2440 2587 1,

1435 2604 1526 2674 18,
1557 2617 1741 2655 nostro
1774 2603 1896 2655 loco
1929 2606 2208 2673 congruit,
2239 2616 2292 2654 et
2322 2600 2440 2673 ple·

1427 2692 1651 2755 rumque
1687 2685 1743 2735 in
1780 2682 2038 2735 similibus
2075 2684 2155 2749 ei,
2194 2700 2309 2753 quoe
2350 2681 2439 2733 hic

1426 2766 1706 2835 promitur,
1738 2764 2009 2814 sententiis
2035 2762 2191 2834 parvi
2216 2763 2441 2814 nomine

1427 2846 1594 2896 utitur
1617 2855 1825 2908 auctor,
1843 2842 1989 2894 velut
2010 2844 2066 2907 Ι,
2092 2860 2111 2893 r
2130 2880 2147 2910 ‚
2172 2843 2204 2895 3
2220 2880 2237 2908 ,
2264 2861 2320 2895 21
2343 2865 2357 2904 ;
2384 2844 2438 2907 l,

1430 2921 1489 2990 5,
1516 2940 1575 2992 7;
1599 2924 1650 2987 Ι,
1674 2923 1734 2986 6,
1765 2923 1939 2986 2031,
1964 2938 2015 2989 7,
2041 2921 2126 2972 33.
2154 2920 2441 2990 Compara·

1429 3014 1516 3053 tur
1544 3020 1759 3073 quoque
1783 3018 2006 3071 parvum
2023 3038 2044 3065 ,
2072 3018 2181 3051 non
2209 3017 2401 3069 parum
2418 3036 2437 3064 ,

1427 3094 1570 3132 recte
1599 3080 1901 3132 minoribus.
1933 3077 2443 3156 Quemquam-dicat

1425 3158 1650 3230 aliquis,
1684 3175 1906 3229 parvum
1942 3174 2069 3208 sane
2102 3174 2215 3209 esse
2243 3159 2298 3208 in
2328 3170 2442 3208 stu-

1425 3238 1556 3302 diis,
1586 3236 1716 3288 nihil
1745 3249 1923 3288 autem
1953 3235 2100 3306 quod
2128 3237 2284 3287 nimis
2311 3251 2440 3306 par*—

1427 3335 1551 3368 vum
1571 3318 1666 3379 sit,
1682 3317 1715 3366 i.
1736 3334 1781 3366 e.
1797 3352 1813 3379 ‚
1832 3333 2042 3385 parum.
2063 3313 2165 3367 Sed
2187 3314 2292 3365 hoc
2313 3334 2440 3386 pro-

1426 3398 1539 3468 prie
1561 3394 1751 3446 reddes
1772 3395 1917 3465 quod
1937 3412 2044 3444 uon
2067 3404 2142 3445 est
2159 3395 2282 3446 satis
2294 3431 2312 3460 ‚
2344 3413 2439 3446 ne-

1429 3493 1531 3545 que
1543 3474 1595 3526 iel
1612 3473 1718 3525 buc
1731 3475 1903 3525 facere
1915 3474 2191 3544 quisquam
2207 3473 2435 3543 putabit.

1425 3553 1560 3606 Vide
1597 3553 1693 3604 ΧΠ
1710 3590 1727 3617 ,
1764 3570 1827 3619 2,
1861 3552 1911 3620 4.
1938 3581 2011 3591 —-
2037 3554 2219 3604 Nostri
2251 3570 2436 3605 omnes

1423 3651 1672 3705 parvum.
1700 3636 1793 3684 En.
2137 3647 2140 3651 ’

1486 3727 1565 3764 ιο.
1581 3713 1784 3765 scribi..
1796 3751 1808 3762 .
1825 3712 1966 3763 cen's.
1982 3710 2351 3761 Necessarium
2365 3711 2442 3761 vi-

1428 3790 1601 3859 detur,
1628 3791 1773 3863 quod
1802 3794 1855 3843 in
1880 3790 1995 3843 solo
2021 3789 2251 3840 Florent-
2279 3807 2309 3840 a
2332 3808 2441 3842 sec.

1426 3891 1587 3925 manu
1616 3874 1883 3923 invectum
1911 3869 2066 3925 video
2083 3907 2099 3933 ,
2130 3881 2187 3919 ut
2214 3871 2443 3940 praemit-

1429 3965 1570 4004 tatur
1586 3952 1917 4023 praepositio:
1943 3949 1995 3999 in
2017 3947 2158 3999 ceris.
2175 3948 2288 3998 Nisi
2302 3947 2440 3997 forte

1426 4033 1609 4083 vitavit
1649 4032 1917 4083 insuavem
1959 4028 2291 4080 iterationem
2333 4048 2355 4071 α
2383 4024 2443 4076 in

1433 4133 1456 4156 κ
1476 4112 1611 4162 ceris
1646 4112 1700 4161 in
1726 4104 1958 4180 quibus,
1980 4130 2001 4154 υ
2032 4104 2174 4159 facili
2209 4105 2276 4157 ad
2307 4103 2439 4158 sub-

1429 4187 1751 4242 audiendum
1778 4184 2044 4260 particula·
2069 4184 2384 4255 adjectione.
