<?xml version="1.0" encoding="UTF-8"?>
<!DOCTYPE html PUBLIC "-//W3C//DTD XHTML 1.0 Transitional//EN"
    "http://www.w3.org/TR/xhtml1/DTD/xhtml1-transitional.dtd">
<html xmlns="http://www.w3.org/1999/xhtml" xml:lang="en" lang="en">
 <head>
  <title>
</title>
<meta http-equiv="Content-Type" content="text/html;charset=utf-8" />
  <meta name='ocr-system' content='tesseract 3.04.00' />
  <meta name='ocr-capabilities' content='ocr_page ocr_carea ocr_par ocr_line ocrx_word'/>
</head>
<body>
  <div class='ocr_page' id='page_1' title='image "./deinstitutioneo00unkngoog_0439.png"; bbox 0 0 3200 5159; ppageno 0'>
   <div class='ocr_carea' id='block_1_1' title="bbox 673 387 2080 509">
    <p class='ocr_par' dir='ltr' id='par_1_1' title="bbox 673 387 2080 509">
     <span class='ocr_line' id='line_1_1' title="bbox 673 387 2080 509; baseline 0.005 -22"><span class='ocrx_word' id='word_1_1' title='bbox 673 423 1324 489; x_wconf 77' lang='lat' dir='ltr'>INSTITUTIOMS</span> <span class='ocrx_word' id='word_1_2' title='bbox 1358 424 1615 490; x_wconf 84' lang='lat' dir='ltr'>ORAT.</span> <span class='ocrx_word' id='word_1_3' title='bbox 1655 427 1815 492; x_wconf 77' lang='lat' dir='ltr'>Lm.</span> <span class='ocrx_word' id='word_1_4' title='bbox 1854 429 1977 509; x_wconf 80' lang='lat' dir='ltr'>xl,</span> <span class='ocrx_word' id='word_1_5' title='bbox 2019 387 2080 494; x_wconf 67' lang='lat' dir='ltr'>s.</span> 
     </span>
    </p>
   </div>
   <div class='ocr_carea' id='block_1_2' title="bbox 2296 433 2422 523">
    <p class='ocr_par' dir='ltr' id='par_1_2' title="bbox 2296 433 2422 523">
     <span class='ocr_line' id='line_1_2' title="bbox 2296 433 2422 523; baseline 0.016 -26"><span class='ocrx_word' id='word_1_6' title='bbox 2296 433 2422 523; x_wconf 83' lang='lat'>369</span> 
     </span>
    </p>
   </div>
   <div class='ocr_carea' id='block_1_3' title="bbox 343 543 2428 768">
    <p class='ocr_par' dir='ltr' id='par_1_3' title="bbox 343 543 2428 768">
     <span class='ocr_line' id='line_1_3' title="bbox 344 543 2428 678; baseline 0.005 -63"><span class='ocrx_word' id='word_1_7' title='bbox 344 543 591 616; x_wconf 84' lang='lat' dir='ltr'>eadem</span> <span class='ocrx_word' id='word_1_8' title='bbox 644 572 862 617; x_wconf 87' lang='lat' dir='ltr'>manu</span> <span class='ocrx_word' id='word_1_9' title='bbox 917 546 1240 645; x_wconf 82' lang='lat' dir='ltr'>supinata</span> <span class='ocrx_word' id='word_1_10' title='bbox 1296 547 1368 617; x_wconf 88' lang='lat' dir='ltr'>in</span> <span class='ocrx_word' id='word_1_11' title='bbox 1418 550 1777 678; x_wconf 82' lang='lat' dir='ltr'>superiora</span> <span class='ocrx_word' id='word_1_12' title='bbox 1828 549 2142 649; x_wconf 83' lang='lat' dir='ltr'>jactetur.</span> <span class='ocrx_word' id='word_1_13' title='bbox 2200 554 2308 625; x_wconf 89' lang='lat' dir='ltr'>Fit</span> <span class='ocrx_word' id='word_1_14' title='bbox 2358 577 2428 626; x_wconf 88' lang='lat' dir='ltr'>et</span> 
     </span>
     <span class='ocr_line' id='line_1_4' title="bbox 343 659 2428 768; baseline 0.005 -38"><span class='ocrx_word' id='word_1_15' title='bbox 343 659 498 731; x_wconf 79' lang='lat' dir='ltr'>ine¹</span> <span class='ocrx_word' id='word_1_16' title='bbox 527 660 842 747; x_wconf 85' lang='lat' dir='ltr'>habitus,</span> <span class='ocrx_word' id='word_1_17' title='bbox 885 662 1179 761; x_wconf 88' lang='lat' dir='ltr'>quiesse</span> <span class='ocrx_word' id='word_1_18' title='bbox 1226 662 1301 732; x_wconf 90' lang='lat' dir='ltr'>in</span> <span class='ocrx_word' id='word_1_19' title='bbox 1335 664 1572 735; x_wconf 81' lang='lat' dir='ltr'><strong>statuis</strong></span> <span class='ocrx_word' id='word_1_20' title='bbox 1613 667 2006 763; x_wconf 74' lang='lat' dir='ltr'>pacificator</span> <span class='ocrx_word' id='word_1_21' title='bbox 2042 668 2240 759; x_wconf 84' lang='lat' dir='ltr'>solet,</span> <span class='ocrx_word' id='word_1_22' title='bbox 2280 672 2428 768; x_wconf 84' lang='lat' dir='ltr'>qui,</span> 
     </span>
    </p>
   </div>
   <div class='ocr_carea' id='block_1_4' title="bbox 342 773 2539 877">
    <p class='ocr_par' dir='ltr' id='par_1_4' title="bbox 342 773 2539 877">
     <span class='ocr_line' id='line_1_5' title="bbox 342 773 2539 877; baseline 0.005 -32"><span class='ocrx_word' id='word_1_23' title='bbox 342 773 721 847; x_wconf 82' lang='lat' dir='ltr'>inclinato</span> <span class='ocrx_word' id='word_1_24' title='bbox 705 803 775 846; x_wconf 87' lang='lat' dir='ltr'>m</span> <span class='ocrx_word' id='word_1_25' title='bbox 801 776 1182 849; x_wconf 86' lang='lat' dir='ltr'>humerum</span> <span class='ocrx_word' id='word_1_26' title='bbox 1209 777 1528 850; x_wconf 86' lang='lat' dir='ltr'>dextrum</span> <span class='ocrx_word' id='word_1_27' title='bbox 1553 781 1811 877; x_wconf 84' lang='lat' dir='ltr'>capite,</span> <span class='ocrx_word' id='word_1_28' title='bbox 1837 781 2117 853; x_wconf 88' lang='lat' dir='ltr'>brachio</span> <span class='ocrx_word' id='word_1_29' title='bbox 2146 781 2235 853; x_wconf 84' lang='lat' dir='ltr'>ab</span> <span class='ocrx_word' id='word_1_30' title='bbox 2264 810 2429 856; x_wconf 87' lang='lat' dir='ltr'>aure</span> <span class='ocrx_word' id='word_1_31' title='bbox 2533 774 2539 783; x_wconf 60' lang='grc'><em>’</em></span> 
     </span>
    </p>
   </div>
   <div class='ocr_carea' id='block_1_5' title="bbox 340 891 2429 994">
    <p class='ocr_par' dir='ltr' id='par_1_5' title="bbox 340 891 2429 994">
     <span class='ocr_line' id='line_1_6' title="bbox 340 891 2429 994; baseline 0.006 -35.023"><span class='ocrx_word' id='word_1_32' title='bbox 340 908 703 986; x_wconf 23' lang='grc' dir='ltr'>Ὓμοῑεηεο</span> <span class='ocrx_word' id='word_1_33' title='bbox 740 917 1038 963; x_wconf 86' lang='lat' dir='ltr'>manum</span> <span class='ocrx_word' id='word_1_34' title='bbox 1064 891 1312 964; x_wconf 79' lang='lat' dir='ltr'>infesto</span> <span class='ocrx_word' id='word_1_35' title='bbox 1337 891 1586 989; x_wconf 75' lang='lat' dir='ltr'>pollice</span> <span class='ocrx_word' id='word_1_36' title='bbox 1614 894 1959 967; x_wconf 87' lang='lat' dir='ltr'>extendit:</span> <span class='ocrx_word' id='word_1_37' title='bbox 1998 896 2119 994; x_wconf 88' lang='lat' dir='ltr'>qui</span> <span class='ocrx_word' id='word_1_38' title='bbox 2143 897 2429 994; x_wconf 86' lang='lat' dir='ltr'>quidem</span> 
     </span>
    </p>
   </div>
   <div class='ocr_carea' id='block_1_6' title="bbox 332 1131 1355 4203">
    <p class='ocr_par' dir='ltr' id='par_1_6' title="bbox 332 1131 1355 4203">
     <span class='ocr_line' id='line_1_7' title="bbox 420 1131 1348 1187; baseline 0.004 -6"><span class='ocrx_word' id='word_1_39' title='bbox 420 1147 466 1181; x_wconf 72' lang='grc' dir='ltr'>ι.</span> <span class='ocrx_word' id='word_1_40' title='bbox 506 1132 655 1183; x_wconf 74' lang='lat' dir='ltr'>Fitet</span> <span class='ocrx_word' id='word_1_41' title='bbox 672 1131 838 1184; x_wconf 73' lang='lat' dir='ltr'>ille...</span> <span class='ocrx_word' id='word_1_42' title='bbox 866 1134 1111 1187; x_wconf 72' lang='lat' dir='ltr'>extendit.</span> <span class='ocrx_word' id='word_1_43' title='bbox 1148 1155 1170 1179; x_wconf 71' lang='lat' dir='ltr'><em>a</em></span> <span class='ocrx_word' id='word_1_44' title='bbox 1195 1136 1348 1186; x_wconf 83' lang='lat' dir='ltr'>Hunc</span> 
     </span>
     <span class='ocr_line' id='line_1_8' title="bbox 349 1207 1349 1281; baseline 0.005 -23"><span class='ocrx_word' id='word_1_45' title='bbox 349 1207 662 1275; x_wconf 58' lang='lat' dir='ltr'>-habimm</span> <span class='ocrx_word' id='word_1_46' title='bbox 705 1214 810 1263; x_wconf 88' lang='lat' dir='ltr'>sive</span> <span class='ocrx_word' id='word_1_47' title='bbox 841 1225 1049 1281; x_wconf 76' lang='lat' dir='ltr'>gestum</span> <span class='ocrx_word' id='word_1_48' title='bbox 1083 1211 1216 1263; x_wconf 80' lang='lat' dir='ltr'>adeo</span> <span class='ocrx_word' id='word_1_49' title='bbox 1244 1213 1349 1264; x_wconf 85' lang='lat' dir='ltr'>fre-</span> 
     </span>
     <span class='ocr_line' id='line_1_9' title="bbox 348 1292 1350 1362; baseline 0.003 -23"><span class='ocrx_word' id='word_1_50' title='bbox 348 1311 372 1333; x_wconf 76' lang='lat'><strong>«</strong></span> <span class='ocrx_word' id='word_1_51' title='bbox 396 1304 641 1359; x_wconf 89' lang='lat' dir='ltr'>quentem</span> <span class='ocrx_word' id='word_1_52' title='bbox 677 1294 731 1343; x_wconf 90' lang='lat' dir='ltr'>in</span> <span class='ocrx_word' id='word_1_53' title='bbox 769 1294 953 1342; x_wconf 77' lang='lat' dir='ltr'><strong>statuis</strong></span> <span class='ocrx_word' id='word_1_54' title='bbox 983 1309 1082 1342; x_wconf 91' lang='lat' dir='ltr'>nec</span> <span class='ocrx_word' id='word_1_55' title='bbox 1108 1292 1220 1362; x_wconf 89' lang='lat' dir='ltr'>ipse</span> <span class='ocrx_word' id='word_1_56' title='bbox 1258 1311 1350 1342; x_wconf 93' lang='lat' dir='ltr'>co-</span> 
     </span>
     <span class='ocr_line' id='line_1_10' title="bbox 349 1370 1351 1442; baseline 0.004 -25"><span class='ocrx_word' id='word_1_57' title='bbox 349 1390 372 1413; x_wconf 80' lang='lat'>·</span> <span class='ocrx_word' id='word_1_58' title='bbox 389 1371 548 1437; x_wconf 79' lang='lat' dir='ltr'>gnovi</span> <span class='ocrx_word' id='word_1_59' title='bbox 589 1389 689 1422; x_wconf 87' lang='lat' dir='ltr'>nec</span> <span class='ocrx_word' id='word_1_60' title='bbox 731 1389 761 1422; x_wconf 90' lang='lat' dir='ltr'>a</span> <span class='ocrx_word' id='word_1_61' title='bbox 814 1370 1159 1442; x_wconf 70' lang='lat' dir='ltr'>scriptoribus</span> <span class='ocrx_word' id='word_1_62' title='bbox 1205 1373 1351 1440; x_wconf 68' lang='lat' dir='ltr'>tangi</span> 
     </span>
     <span class='ocr_line' id='line_1_11' title="bbox 352 1450 1348 1522; baseline 0.004 -26"><span class='ocrx_word' id='word_1_63' title='bbox 352 1469 374 1491; x_wconf 72' lang='lat' dir='ltr'><em>a</em></span> <span class='ocrx_word' id='word_1_64' title='bbox 396 1451 621 1500; x_wconf 87' lang='lat' dir='ltr'>memini.</span> <span class='ocrx_word' id='word_1_65' title='bbox 646 1474 668 1498; x_wconf 75' lang='grc' dir='ltr'>ι</span> <span class='ocrx_word' id='word_1_66' title='bbox 714 1452 834 1501; x_wconf 77' lang='lat' dir='ltr'>Hoec</span> <span class='ocrx_word' id='word_1_67' title='bbox 866 1469 1028 1522; x_wconf 90' lang='lat' dir='ltr'>quum</span> <span class='ocrx_word' id='word_1_68' title='bbox 1054 1469 1083 1501; x_wconf 87' lang='lat' dir='ltr'>a</span> <span class='ocrx_word' id='word_1_69' title='bbox 1107 1450 1348 1521; x_wconf 88' lang='lat' dir='ltr'>Spaldin-</span> 
     </span>
     <span class='ocr_line' id='line_1_12' title="bbox 340 1527 1348 1601; baseline 0.001 -23"><span class='ocrx_word' id='word_1_70' title='bbox 340 1529 429 1596; x_wconf 70' lang='lat' dir='ltr'>gio</span> <span class='ocrx_word' id='word_1_71' title='bbox 467 1527 554 1580; x_wconf 80' lang='lat' dir='ltr'>hic</span> <span class='ocrx_word' id='word_1_72' title='bbox 598 1543 848 1582; x_wconf 80' lang='lat' dir='ltr'>annotata</span> <span class='ocrx_word' id='word_1_73' title='bbox 885 1532 1224 1601; x_wconf 84' lang='lat' dir='ltr'>reperissem,</span> <span class='ocrx_word' id='word_1_74' title='bbox 1269 1548 1348 1580; x_wconf 86' lang='lat' dir='ltr'>ar·</span> 
     </span>
     <span class='ocr_line' id='line_1_13' title="bbox 342 1610 1348 1683; baseline 0.002 -23"><span class='ocrx_word' id='word_1_75' title='bbox 342 1612 474 1660; x_wconf 85' lang='lat' dir='ltr'>tium</span> <span class='ocrx_word' id='word_1_76' title='bbox 509 1615 844 1683; x_wconf 82' lang='lat' dir='ltr'>antiquarum</span> <span class='ocrx_word' id='word_1_77' title='bbox 870 1614 1069 1682; x_wconf 84' lang='lat' dir='ltr'>peritos</span> <span class='ocrx_word' id='word_1_78' title='bbox 1094 1611 1215 1663; x_wconf 88' lang='lat' dir='ltr'>adii.</span> <span class='ocrx_word' id='word_1_79' title='bbox 1247 1610 1348 1663; x_wconf 82' lang='lat' dir='ltr'>Sed</span> 
     </span>
     <span class='ocr_line' id='line_1_14' title="bbox 342 1688 1348 1760; baseline 0.003 -21"><span class='ocrx_word' id='word_1_80' title='bbox 342 1707 410 1740; x_wconf 91' lang='lat' dir='ltr'>ne</span> <span class='ocrx_word' id='word_1_81' title='bbox 434 1688 717 1760; x_wconf 73' lang='lat' dir='ltr'>mquidem</span> <span class='ocrx_word' id='word_1_82' title='bbox 743 1691 864 1742; x_wconf 81' lang='lat' dir='ltr'>talia</span> <span class='ocrx_word' id='word_1_83' title='bbox 886 1693 940 1741; x_wconf 90' lang='lat' dir='ltr'>in</span> <span class='ocrx_word' id='word_1_84' title='bbox 965 1693 1149 1741; x_wconf 87' lang='lat' dir='ltr'>statuis</span> <span class='ocrx_word' id='word_1_85' title='bbox 1171 1689 1348 1742; x_wconf 81' lang='lat' dir='ltr'>videre</span> 
     </span>
     <span class='ocr_line' id='line_1_15' title="bbox 343 1767 1347 1820; baseline 0.001 -2"><span class='ocrx_word' id='word_1_86' title='bbox 343 1785 401 1818; x_wconf 87' lang='lat' dir='ltr'>se</span> <span class='ocrx_word' id='word_1_87' title='bbox 442 1770 801 1820; x_wconf 85' lang='lat' dir='ltr'>meminerant.</span> <span class='ocrx_word' id='word_1_88' title='bbox 844 1767 1136 1820; x_wconf 86' lang='lat' dir='ltr'>Monebant</span> <span class='ocrx_word' id='word_1_89' title='bbox 1170 1782 1347 1820; x_wconf 86' lang='lat' dir='ltr'>tamen</span> 
     </span>
     <span class='ocr_line' id='line_1_16' title="bbox 338 1843 1346 1917; baseline 0.001 -21"><span class='ocrx_word' id='word_1_90' title='bbox 338 1845 498 1896; x_wconf 85' lang='lat' dir='ltr'>iidem</span> <span class='ocrx_word' id='word_1_91' title='bbox 523 1843 591 1898; x_wconf 85' lang='lat' dir='ltr'>tle</span> <span class='ocrx_word' id='word_1_92' title='bbox 613 1848 880 1898; x_wconf 88' lang='lat' dir='ltr'>communi</span> <span class='ocrx_word' id='word_1_93' title='bbox 901 1844 990 1897; x_wconf 86' lang='lat' dir='ltr'>illa</span> <span class='ocrx_word' id='word_1_94' title='bbox 1011 1850 1346 1917; x_wconf 81' lang='lat' dir='ltr'>antiquorum</span> 
     </span>
     <span class='ocr_line' id='line_1_17' title="bbox 345 1924 1350 1992; baseline 0.002 -18"><span class='ocrx_word' id='word_1_95' title='bbox 345 1926 612 1992; x_wconf 76' lang='lat' dir='ltr'>signorum</span> <span class='ocrx_word' id='word_1_96' title='bbox 633 1963 651 1990; x_wconf 91' lang='lat'>‚</span> <span class='ocrx_word' id='word_1_97' title='bbox 697 1927 920 1975; x_wconf 80' lang='lat' dir='ltr'>maxime</span> <span class='ocrx_word' id='word_1_98' title='bbox 965 1927 1018 1976; x_wconf 90' lang='lat' dir='ltr'>in</span> <span class='ocrx_word' id='word_1_99' title='bbox 1064 1924 1350 1988; x_wconf 82' lang='lat' dir='ltr'>manibus,</span> 
     </span>
     <span class='ocr_line' id='line_1_18' title="bbox 343 2001 1351 2072; baseline 0.001 -20"><span class='ocrx_word' id='word_1_100' title='bbox 343 2001 461 2053; x_wconf 81' lang='lat' dir='ltr'>labe</span> <span class='ocrx_word' id='word_1_101' title='bbox 476 2040 494 2067; x_wconf 85' lang='lat'>‚</span> <span class='ocrx_word' id='word_1_102' title='bbox 519 2020 632 2072; x_wconf 78' lang='lat' dir='ltr'>quae</span> <span class='ocrx_word' id='word_1_103' title='bbox 657 2001 817 2053; x_wconf 90' lang='lat' dir='ltr'>multa</span> <span class='ocrx_word' id='word_1_104' title='bbox 844 2001 1003 2072; x_wconf 84' lang='lat' dir='ltr'>hujus</span> <span class='ocrx_word' id='word_1_105' title='bbox 1026 2005 1231 2072; x_wconf 77' lang='lat' dir='ltr'>generis</span> <span class='ocrx_word' id='word_1_106' title='bbox 1255 2021 1351 2053; x_wconf 91' lang='lat' dir='ltr'>no-</span> 
     </span>
     <span class='ocr_line' id='line_1_19' title="bbox 343 2082 1350 2153; baseline 0.001 -20"><span class='ocrx_word' id='word_1_107' title='bbox 343 2082 425 2135; x_wconf 88' lang='lat' dir='ltr'>bis</span> <span class='ocrx_word' id='word_1_108' title='bbox 439 2082 638 2135; x_wconf 81' lang='lat' dir='ltr'>invidit.</span> <span class='ocrx_word' id='word_1_109' title='bbox 665 2084 796 2136; x_wconf 84' lang='lat' dir='ltr'>Sunt</span> <span class='ocrx_word' id='word_1_110' title='bbox 817 2097 993 2134; x_wconf 80' lang='lat' dir='ltr'>autem</span> <span class='ocrx_word' id='word_1_111' title='bbox 1015 2084 1065 2134; x_wconf 89' lang='lat' dir='ltr'>in</span> <span class='ocrx_word' id='word_1_112' title='bbox 1093 2085 1350 2153; x_wconf 83' lang='lat' dir='ltr'>scriptura</span> 
     </span>
     <span class='ocr_line' id='line_1_20' title="bbox 344 2161 1355 2234; baseline -0.001 -22"><span class='ocrx_word' id='word_1_113' title='bbox 344 2163 499 2213; x_wconf 85' lang='lat' dir='ltr'>etiam</span> <span class='ocrx_word' id='word_1_114' title='bbox 517 2162 755 2234; x_wconf 67' lang='lat' dir='ltr'>quiedam</span> <span class='ocrx_word' id='word_1_115' title='bbox 776 2162 1054 2214; x_wconf 78' lang='lat' dir='ltr'>observatu</span> <span class='ocrx_word' id='word_1_116' title='bbox 1070 2161 1244 2231; x_wconf 72' lang='lat' dir='ltr'>digna.</span> <span class='ocrx_word' id='word_1_117' title='bbox 1267 2163 1355 2212; x_wconf 87' lang='lat' dir='ltr'>In-</span> 
     </span>
     <span class='ocr_line' id='line_1_21' title="bbox 332 2239 1351 2312; baseline -0.002 -20"><span class='ocrx_word' id='word_1_118' title='bbox 332 2240 532 2312; x_wconf 69' lang='lat' dir='ltr'>festum</span> <span class='ocrx_word' id='word_1_119' title='bbox 543 2240 789 2312; x_wconf 78' lang='lat' dir='ltr'>pollicem</span> <span class='ocrx_word' id='word_1_120' title='bbox 809 2240 1084 2312; x_wconf 74' lang='lat' dir='ltr'>aliquoties</span> <span class='ocrx_word' id='word_1_121' title='bbox 1101 2239 1323 2309; x_wconf 75' lang='lat' dir='ltr'>legimus</span> <span class='ocrx_word' id='word_1_122' title='bbox 1334 2276 1351 2303; x_wconf 85' lang='lat'>‚</span> 
     </span>
     <span class='ocr_line' id='line_1_22' title="bbox 339 2318 1353 2391; baseline -0.001 -22"><span class='ocrx_word' id='word_1_123' title='bbox 339 2337 517 2391; x_wconf 68' lang='lat' dir='ltr'>«neque</span> <span class='ocrx_word' id='word_1_124' title='bbox 545 2318 774 2370; x_wconf 86' lang='lat' dir='ltr'>dubitari</span> <span class='ocrx_word' id='word_1_125' title='bbox 809 2329 1014 2389; x_wconf 82' lang='lat' dir='ltr'>potest,</span> <span class='ocrx_word' id='word_1_126' title='bbox 1051 2319 1180 2389; x_wconf 93' lang='lat' dir='ltr'>quin</span> <span class='ocrx_word' id='word_1_127' title='bbox 1212 2335 1275 2368; x_wconf 85' lang='lat' dir='ltr'>ex</span> <span class='ocrx_word' id='word_1_128' title='bbox 1297 2335 1353 2368; x_wconf 90' lang='lat' dir='ltr'>re</span> 
     </span>
     <span class='ocr_line' id='line_1_23' title="bbox 344 2395 1350 2467; baseline 0 -20"><span class='ocrx_word' id='word_1_129' title='bbox 344 2396 653 2467; x_wconf 76' lang='lat' dir='ltr'>gladiatoria</span> <span class='ocrx_word' id='word_1_130' title='bbox 703 2395 951 2448; x_wconf 81' lang='lat' dir='ltr'>translata</span> <span class='ocrx_word' id='word_1_131' title='bbox 1003 2398 1073 2448; x_wconf 90' lang='lat' dir='ltr'>sit</span> <span class='ocrx_word' id='word_1_132' title='bbox 1132 2395 1350 2448; x_wconf 89' lang='lat' dir='ltr'>locutio.</span> 
     </span>
     <span class='ocr_line' id='line_1_24' title="bbox 343 2474 1349 2547; baseline 0.001 -22"><span class='ocrx_word' id='word_1_133' title='bbox 343 2475 478 2528; x_wconf 79' lang='lat' dir='ltr'>vide</span> <span class='ocrx_word' id='word_1_134' title='bbox 494 2489 705 2546; x_wconf 85' lang='lat' dir='ltr'>poetam</span> <span class='ocrx_word' id='word_1_135' title='bbox 721 2493 1042 2547; x_wconf 81' lang='lat' dir='ltr'>anonymum</span> <span class='ocrx_word' id='word_1_136' title='bbox 1062 2477 1118 2526; x_wconf 89' lang='lat' dir='ltr'>in</span> <span class='ocrx_word' id='word_1_137' title='bbox 1133 2474 1349 2526; x_wconf 84' lang='lat' dir='ltr'>Anthol.</span> 
     </span>
     <span class='ocr_line' id='line_1_25' title="bbox 345 2553 1352 2620; baseline 0.002 -16"><span class='ocrx_word' id='word_1_138' title='bbox 345 2554 625 2607; x_wconf 83' lang='lat' dir='ltr'><strong>Burmann.</strong></span> <span class='ocrx_word' id='word_1_139' title='bbox 650 2553 741 2606; x_wconf 90' lang='lat' dir='ltr'>lib.</span> <span class='ocrx_word' id='word_1_140' title='bbox 767 2556 861 2619; x_wconf 84' lang='lat'>111,</span> <span class='ocrx_word' id='word_1_141' title='bbox 887 2572 1046 2605; x_wconf 86' lang='lat' dir='ltr'>carm.</span> <span class='ocrx_word' id='word_1_142' title='bbox 1065 2554 1162 2619; x_wconf 78' lang='lat'>82,</span> <span class='ocrx_word' id='word_1_143' title='bbox 1185 2573 1232 2605; x_wconf 79' lang='lat' dir='ltr'>v.</span> <span class='ocrx_word' id='word_1_144' title='bbox 1258 2555 1352 2620; x_wconf 78' lang='lat'>28,</span> 
     </span>
     <span class='ocr_line' id='line_1_26' title="bbox 344 2622 1355 2705; baseline -0.001 -20"><span class='ocrx_word' id='word_1_145' title='bbox 344 2634 530 2704; x_wconf 78' lang='lat' dir='ltr'>Sperat</span> <span class='ocrx_word' id='word_1_146' title='bbox 561 2644 612 2684; x_wconf 82' lang='lat' dir='ltr'>et</span> <span class='ocrx_word' id='word_1_147' title='bbox 650 2634 705 2684; x_wconf 79' lang='lat' dir='ltr'>in</span> <span class='ocrx_word' id='word_1_148' title='bbox 739 2650 871 2686; x_wconf 75' lang='lat' dir='ltr'>sceva</span> <span class='ocrx_word' id='word_1_149' title='bbox 897 2622 1055 2685; x_wconf 62' lang='lat' dir='ltr'>vict‘us</span> <span class='ocrx_word' id='word_1_150' title='bbox 1084 2632 1355 2705; x_wconf 65' lang='lat' dir='ltr'>gladiator</span> 
     </span>
     <span class='ocr_line' id='line_1_27' title="bbox 342 2710 1352 2782; baseline 0.001 -19"><span class='ocrx_word' id='word_1_151' title='bbox 342 2730 528 2777; x_wconf 67' lang='lat' dir='ltr'>amna,</span> <span class='ocrx_word' id='word_1_152' title='bbox 554 2713 637 2764; x_wconf 79' lang='lat' dir='ltr'>Sit</span> <span class='ocrx_word' id='word_1_153' title='bbox 650 2713 768 2764; x_wconf 83' lang='lat' dir='ltr'>licet</span> <span class='ocrx_word' id='word_1_154' title='bbox 784 2713 975 2765; x_wconf 85' lang='lat' dir='ltr'>infesto</span> <span class='ocrx_word' id='word_1_155' title='bbox 992 2710 1187 2782; x_wconf 77' lang='lat' dir='ltr'><strong>pollice</strong></span> <span class='ocrx_word' id='word_1_156' title='bbox 1203 2714 1352 2764; x_wconf 80' lang='lat' dir='ltr'>turba</span> 
     </span>
     <span class='ocr_line' id='line_1_28' title="bbox 341 2789 1351 2861; baseline 0.002 -22"><span class='ocrx_word' id='word_1_157' title='bbox 341 2791 542 2842; x_wconf 75' lang='lat' dir='ltr'>minax.</span> <span class='ocrx_word' id='word_1_158' title='bbox 573 2792 706 2841; x_wconf 87' lang='lat' dir='ltr'>Hinc</span> <span class='ocrx_word' id='word_1_159' title='bbox 737 2789 914 2861; x_wconf 84' lang='lat' dir='ltr'>pollex</span> <span class='ocrx_word' id='word_1_160' title='bbox 942 2791 1015 2841; x_wconf 82' lang='lat' dir='ltr'>ita</span> <span class='ocrx_word' id='word_1_161' title='bbox 1047 2791 1351 2841; x_wconf 81' lang='lat' dir='ltr'>conforma—</span> 
     </span>
     <span class='ocr_line' id='line_1_29' title="bbox 343 2870 1353 2939; baseline 0 -18"><span class='ocrx_word' id='word_1_162' title='bbox 343 2882 458 2934; x_wconf 88' lang='lat' dir='ltr'>tus,</span> <span class='ocrx_word' id='word_1_163' title='bbox 489 2872 646 2921; x_wconf 84' lang='lat' dir='ltr'>etiam</span> <span class='ocrx_word' id='word_1_164' title='bbox 675 2870 768 2920; x_wconf 88' lang='lat' dir='ltr'>ubi</span> <span class='ocrx_word' id='word_1_165' title='bbox 797 2871 907 2921; x_wconf 88' lang='lat' dir='ltr'>miti</span> <span class='ocrx_word' id='word_1_166' title='bbox 942 2871 1156 2939; x_wconf 77' lang='lat' dir='ltr'>negotio</span> <span class='ocrx_word' id='word_1_167' title='bbox 1185 2872 1353 2921; x_wconf 89' lang='lat' dir='ltr'>inser-</span> 
     </span>
     <span class='ocr_line' id='line_1_30' title="bbox 341 2946 1346 3019; baseline 0.001 -23"><span class='ocrx_word' id='word_1_168' title='bbox 341 2949 474 2998; x_wconf 77' lang='lat' dir='ltr'>viret</span> <span class='ocrx_word' id='word_1_169' title='bbox 484 2984 501 3012; x_wconf 83' lang='lat'>‚</span> <span class='ocrx_word' id='word_1_170' title='bbox 520 2946 626 2999; x_wconf 90' lang='lat' dir='ltr'>hoc</span> <span class='ocrx_word' id='word_1_171' title='bbox 640 2960 816 2998; x_wconf 84' lang='lat' dir='ltr'>tamen</span> <span class='ocrx_word' id='word_1_172' title='bbox 829 2947 1102 3019; x_wconf 82' lang='lat' dir='ltr'>epitheton</span> <span class='ocrx_word' id='word_1_173' title='bbox 1118 2950 1346 2999; x_wconf 78' lang='lat' dir='ltr'>retinuit.</span> 
     </span>
     <span class='ocr_line' id='line_1_31' title="bbox 343 3024 1347 3097; baseline 0 -18"><span class='ocrx_word' id='word_1_174' title='bbox 343 3027 561 3097; x_wconf 78' lang='lat' dir='ltr'>Spectat</span> <span class='ocrx_word' id='word_1_175' title='bbox 596 3040 771 3078; x_wconf 77' lang='lat' dir='ltr'>autem</span> <span class='ocrx_word' id='word_1_176' title='bbox 807 3024 913 3077; x_wconf 87' lang='lat' dir='ltr'>huc</span> <span class='ocrx_word' id='word_1_177' title='bbox 936 3029 1159 3077; x_wconf 81' lang='lat' dir='ltr'>maxime</span> <span class='ocrx_word' id='word_1_178' title='bbox 1197 3027 1347 3079; x_wconf 89' lang='lat' dir='ltr'>locus</span> 
     </span>
     <span class='ocr_line' id='line_1_32' title="bbox 343 3106 1344 3178; baseline 0 -22"><span class='ocrx_word' id='word_1_179' title='bbox 343 3106 590 3177; x_wconf 77' lang='lat' dir='ltr'>Appuleii</span> <span class='ocrx_word' id='word_1_180' title='bbox 629 3107 839 3157; x_wconf 86' lang='lat' dir='ltr'>Metam.</span> <span class='ocrx_word' id='word_1_181' title='bbox 867 3108 938 3172; x_wconf 74' lang='lat' dir='ltr'>li,</span> <span class='ocrx_word' id='word_1_182' title='bbox 975 3126 1028 3178; x_wconf 87' lang='lat' dir='ltr'>p.</span> <span class='ocrx_word' id='word_1_183' title='bbox 1068 3107 1191 3172; x_wconf 71' lang='lat'>124,</span> <span class='ocrx_word' id='word_1_184' title='bbox 1213 3106 1344 3158; x_wconf 87' lang='lat' dir='ltr'>Elm.</span> 
     </span>
     <span class='ocr_line' id='line_1_33' title="bbox 345 3183 1347 3250; baseline 0.002 -15"><span class='ocrx_word' id='word_1_185' title='bbox 345 3184 479 3250; x_wconf 68' lang='lat'>142,</span> <span class='ocrx_word' id='word_1_186' title='bbox 515 3183 759 3236; x_wconf 85' lang='lat' dir='ltr'>Oudend.</span> <span class='ocrx_word' id='word_1_187' title='bbox 780 3223 792 3234; x_wconf 97' lang='lat'>.</span> <span class='ocrx_word' id='word_1_188' title='bbox 809 3224 820 3234; x_wconf 96' lang='lat'>.</span> <span class='ocrx_word' id='word_1_189' title='bbox 839 3224 851 3235; x_wconf 93' lang='lat'>.</span> <span class='ocrx_word' id='word_1_190' title='bbox 901 3207 923 3230; x_wconf 72' lang='lat' dir='ltr'>a</span> <span class='ocrx_word' id='word_1_191' title='bbox 948 3184 1255 3236; x_wconf 73' lang='lat' dir='ltr'>subet-ectus</span> <span class='ocrx_word' id='word_1_192' title='bbox 1293 3187 1347 3238; x_wconf 88' lang='lat' dir='ltr'>in</span> 
     </span>
     <span class='ocr_line' id='line_1_34' title="bbox 349 3262 1348 3335; baseline 0.006 -25"><span class='ocrx_word' id='word_1_193' title='bbox 349 3287 373 3309; x_wconf 80' lang='grc' dir='ltr'>ιι</span> <span class='ocrx_word' id='word_1_194' title='bbox 395 3275 570 3314; x_wconf 90' lang='lat' dir='ltr'>torum</span> <span class='ocrx_word' id='word_1_195' title='bbox 614 3265 833 3335; x_wconf 75' lang='lat' dir='ltr'>porrigit</span> <span class='ocrx_word' id='word_1_196' title='bbox 872 3262 1140 3315; x_wconf 83' lang='lat' dir='ltr'>dexteram</span> <span class='ocrx_word' id='word_1_197' title='bbox 1187 3277 1239 3315; x_wconf 88' lang='lat' dir='ltr'>et</span> <span class='ocrx_word' id='word_1_198' title='bbox 1278 3264 1348 3316; x_wconf 79' lang='lat' dir='ltr'>ad</span> 
     </span>
     <span class='ocr_line' id='line_1_35' title="bbox 347 3343 1348 3395; baseline 0.001 -1"><span class='ocrx_word' id='word_1_199' title='bbox 347 3365 372 3388; x_wconf 77' lang='grc' dir='ltr'>ιι</span> <span class='ocrx_word' id='word_1_200' title='bbox 394 3344 557 3395; x_wconf 72' lang='lat' dir='ltr'>instar</span> <span class='ocrx_word' id='word_1_201' title='bbox 590 3356 850 3395; x_wconf 81' lang='lat' dir='ltr'>oratorum</span> <span class='ocrx_word' id='word_1_202' title='bbox 893 3343 1188 3394; x_wconf 85' lang='lat' dir='ltr'>conformat</span> <span class='ocrx_word' id='word_1_203' title='bbox 1224 3346 1348 3395; x_wconf 85' lang='lat' dir='ltr'>arti-</span> 
     </span>
     <span class='ocr_line' id='line_1_36' title="bbox 345 3420 1351 3490; baseline 0.005 -21"><span class='ocrx_word' id='word_1_204' title='bbox 345 3443 370 3468; x_wconf 78' lang='lat'>·</span> <span class='ocrx_word' id='word_1_205' title='bbox 391 3420 600 3487; x_wconf 84' lang='lat' dir='ltr'>culum,</span> <span class='ocrx_word' id='word_1_206' title='bbox 641 3421 956 3490; x_wconf 84' lang='lat' dir='ltr'>duobusque</span> <span class='ocrx_word' id='word_1_207' title='bbox 993 3422 1183 3473; x_wconf 78' lang='lat' dir='ltr'>infimis</span> <span class='ocrx_word' id='word_1_208' title='bbox 1218 3438 1351 3474; x_wconf 88' lang='lat' dir='ltr'>eon-</span> 
     </span>
     <span class='ocr_line' id='line_1_37' title="bbox 346 3499 1346 3569; baseline 0.002 -18"><span class='ocrx_word' id='word_1_209' title='bbox 346 3523 372 3546; x_wconf 78' lang='lat'>·</span> <span class='ocrx_word' id='word_1_210' title='bbox 393 3501 553 3552; x_wconf 85' lang='lat' dir='ltr'>clusis</span> <span class='ocrx_word' id='word_1_211' title='bbox 593 3499 767 3569; x_wconf 74' lang='lat' dir='ltr'>digitis</span> <span class='ocrx_word' id='word_1_212' title='bbox 797 3513 1020 3551; x_wconf 75' lang='lat' dir='ltr'>-caeteros</span> <span class='ocrx_word' id='word_1_213' title='bbox 1059 3502 1346 3553; x_wconf 79' lang='lat' dir='ltr'>eminentes</span> 
     </span>
     <span class='ocr_line' id='line_1_38' title="bbox 344 3579 1347 3652; baseline 0.006 -26"><span class='ocrx_word' id='word_1_214' title='bbox 344 3604 370 3626; x_wconf 71' lang='grc' dir='ltr'>ι</span> <span class='ocrx_word' id='word_1_215' title='bbox 392 3582 664 3651; x_wconf 73' lang='lat' dir='ltr'>porrigens</span> <span class='ocrx_word' id='word_1_216' title='bbox 696 3593 747 3631; x_wconf 84' lang='lat' dir='ltr'>et</span> <span class='ocrx_word' id='word_1_217' title='bbox 786 3581 972 3652; x_wconf 75' lang='lat' dir='ltr'>infesto</span> <span class='ocrx_word' id='word_1_218' title='bbox 1005 3579 1197 3650; x_wconf 74' lang='lat' dir='ltr'>pollice</span> <span class='ocrx_word' id='word_1_219' title='bbox 1237 3581 1347 3632; x_wconf 83' lang='lat' dir='ltr'>cle-</span> 
     </span>
     <span class='ocr_line' id='line_1_39' title="bbox 345 3658 1346 3713; baseline 0.003 -3"><span class='ocrx_word' id='word_1_220' title='bbox 345 3682 371 3705; x_wconf 74' lang='lat'><strong>«</strong></span> <span class='ocrx_word' id='word_1_221' title='bbox 394 3674 597 3711; x_wconf 81' lang='lat' dir='ltr'>menter</span> <span class='ocrx_word' id='word_1_222' title='bbox 618 3658 891 3711; x_wconf 77' lang='lat' dir='ltr'>subridens</span> <span class='ocrx_word' id='word_1_223' title='bbox 912 3660 1039 3710; x_wconf 84' lang='lat' dir='ltr'>infit.</span> <span class='ocrx_word' id='word_1_224' title='bbox 1059 3684 1082 3706; x_wconf 73' lang='grc' dir='ltr'>ι</span> <span class='ocrx_word' id='word_1_225' title='bbox 1111 3662 1206 3711; x_wconf 93' lang='lat' dir='ltr'>Cui</span> <span class='ocrx_word' id='word_1_226' title='bbox 1226 3661 1346 3713; x_wconf 90' lang='lat' dir='ltr'>loco</span> 
     </span>
     <span class='ocr_line' id='line_1_40' title="bbox 340 3735 1349 3808; baseline 0.002 -19"><span class='ocrx_word' id='word_1_227' title='bbox 340 3753 490 3791; x_wconf 85' lang='lat' dir='ltr'>recte</span> <span class='ocrx_word' id='word_1_228' title='bbox 499 3738 806 3790; x_wconf 84' lang='lat' dir='ltr'>admovetur</span> <span class='ocrx_word' id='word_1_229' title='bbox 818 3738 907 3789; x_wconf 89' lang='lat' dir='ltr'>ille</span> <span class='ocrx_word' id='word_1_230' title='bbox 922 3735 1182 3808; x_wconf 73' lang='lat' dir='ltr'>Fulgentii</span> <span class='ocrx_word' id='word_1_231' title='bbox 1198 3739 1349 3791; x_wconf 78' lang='lat' dir='ltr'>Plan-</span> 
     </span>
     <span class='ocr_line' id='line_1_41' title="bbox 336 3816 1346 3886; baseline 0.001 -17"><span class='ocrx_word' id='word_1_232' title='bbox 336 3817 505 3869; x_wconf 72' lang='lat' dir='ltr'>ciadis</span> <span class='ocrx_word' id='word_1_233' title='bbox 544 3816 610 3868; x_wconf 89' lang='lat' dir='ltr'>de</span> <span class='ocrx_word' id='word_1_234' title='bbox 646 3818 856 3868; x_wconf 86' lang='lat' dir='ltr'>Contiu.</span> <span class='ocrx_word' id='word_1_235' title='bbox 877 3819 1020 3886; x_wconf 78' lang='lat' dir='ltr'>Virg.</span> <span class='ocrx_word' id='word_1_236' title='bbox 1059 3835 1179 3886; x_wconf 77' lang='lat' dir='ltr'>pag.</span> <span class='ocrx_word' id='word_1_237' title='bbox 1220 3818 1346 3884; x_wconf 70' lang='grc'>143,</span> 
     </span>
     <span class='ocr_line' id='line_1_42' title="bbox 337 3893 1348 3966; baseline -0.002 -19"><span class='ocrx_word' id='word_1_238' title='bbox 337 3893 560 3947; x_wconf 76' lang='lat' dir='ltr'>Munck.</span> <span class='ocrx_word' id='word_1_239' title='bbox 584 3894 683 3963; x_wconf 68' lang='lat'>742</span> <span class='ocrx_word' id='word_1_240' title='bbox 698 3932 714 3956; x_wconf 73' lang='grc'>,</span> <span class='ocrx_word' id='word_1_241' title='bbox 733 3896 870 3946; x_wconf 77' lang='lat' dir='ltr'>Stav.</span> <span class='ocrx_word' id='word_1_242' title='bbox 896 3917 917 3940; x_wconf 74' lang='grc' dir='ltr'>ι</span> <span class='ocrx_word' id='word_1_243' title='bbox 932 3895 1112 3966; x_wconf 84' lang='lat' dir='ltr'>Itaque</span> <span class='ocrx_word' id='word_1_244' title='bbox 1130 3913 1348 3966; x_wconf 87' lang='lat' dir='ltr'>compo-</span> 
     </span>
     <span class='ocr_line' id='line_1_43' title="bbox 347 3971 1346 4040; baseline 0.002 -17"><span class='ocrx_word' id='word_1_245' title='bbox 347 3994 373 4017; x_wconf 79' lang='lat'>·</span> <span class='ocrx_word' id='word_1_246' title='bbox 396 3975 523 4024; x_wconf 85' lang='lat' dir='ltr'>situs</span> <span class='ocrx_word' id='word_1_247' title='bbox 554 3975 608 4024; x_wconf 90' lang='lat' dir='ltr'>in</span> <span class='ocrx_word' id='word_1_248' title='bbox 643 3971 851 4024; x_wconf 88' lang='lat' dir='ltr'>dicendi</span> <span class='ocrx_word' id='word_1_249' title='bbox 881 3972 1134 4040; x_wconf 81' lang='lat' dir='ltr'>modum,</span> <span class='ocrx_word' id='word_1_250' title='bbox 1162 3976 1346 4026; x_wconf 87' lang='lat' dir='ltr'>erectis</span> 
     </span>
     <span class='ocr_line' id='line_1_44' title="bbox 347 4050 1349 4123; baseline 0.006 -25"><span class='ocrx_word' id='word_1_251' title='bbox 347 4054 448 4103; x_wconf 70' lang='lat' dir='ltr'>oin</span> <span class='ocrx_word' id='word_1_252' title='bbox 468 4053 575 4103; x_wconf 86' lang='lat' dir='ltr'>iota</span> <span class='ocrx_word' id='word_1_253' title='bbox 592 4050 801 4102; x_wconf 83' lang='lat' dir='ltr'>duobus</span> <span class='ocrx_word' id='word_1_254' title='bbox 821 4050 995 4122; x_wconf 80' lang='lat' dir='ltr'>digitis</span> <span class='ocrx_word' id='word_1_255' title='bbox 1016 4054 1223 4104; x_wconf 88' lang='lat' dir='ltr'>tertium</span> <span class='ocrx_word' id='word_1_256' title='bbox 1236 4052 1349 4123; x_wconf 80' lang='lat' dir='ltr'>pol-</span> 
     </span>
     <span class='ocr_line' id='line_1_45' title="bbox 344 4128 1349 4203; baseline 0 -23"><span class='ocrx_word' id='word_1_257' title='bbox 344 4153 371 4175; x_wconf 74' lang='lat' dir='ltr'><em>u</em></span> <span class='ocrx_word' id='word_1_258' title='bbox 395 4128 543 4181; x_wconf 83' lang='lat' dir='ltr'>licem</span> <span class='ocrx_word' id='word_1_259' title='bbox 559 4129 925 4203; x_wconf 77' lang='lat' dir='ltr'>comprimens,</span> <span class='ocrx_word' id='word_1_260' title='bbox 940 4132 1010 4180; x_wconf 84' lang='lat' dir='ltr'>ita</span> <span class='ocrx_word' id='word_1_261' title='bbox 1022 4129 1192 4182; x_wconf 79' lang='lat' dir='ltr'>verbis</span> <span class='ocrx_word' id='word_1_262' title='bbox 1208 4148 1349 4182; x_wconf 77' lang='lat' dir='ltr'>exor-</span> 
     </span>
    </p>
   </div>
   <div class='ocr_carea' id='block_1_7' title="bbox 553 4217 602 4284">
    <p class='ocr_par' dir='ltr' id='par_1_7' title="bbox 553 4217 602 4284">
     <span class='ocr_line' id='line_1_46' title="bbox 553 4217 602 4284; baseline 0 -17"><span class='ocrx_word' id='word_1_263' title='bbox 553 4217 602 4284; x_wconf 79' lang='grc'>4.</span> 
     </span>
    </p>
   </div>
   <div class='ocr_carea' id='block_1_8' title="bbox 1425 1137 2445 4182">
    <p class='ocr_par' dir='ltr' id='par_1_8' title="bbox 1425 1137 2445 4182">
     <span class='ocr_line' id='line_1_47' title="bbox 1435 1137 2437 1205; baseline 0.004 -18"><span class='ocrx_word' id='word_1_264' title='bbox 1435 1164 1456 1181; x_wconf 76' lang='grc' dir='ltr'>ι-</span> <span class='ocrx_word' id='word_1_265' title='bbox 1480 1156 1567 1188; x_wconf 88' lang='lat' dir='ltr'>sus</span> <span class='ocrx_word' id='word_1_266' title='bbox 1583 1151 1679 1190; x_wconf 87' lang='lat' dir='ltr'>est.</span> <span class='ocrx_word' id='word_1_267' title='bbox 1699 1161 1721 1183; x_wconf 75' lang='grc' dir='ltr'>ι·</span> <span class='ocrx_word' id='word_1_268' title='bbox 1751 1139 1925 1205; x_wconf 89' lang='lat' dir='ltr'>Quem</span> <span class='ocrx_word' id='word_1_269' title='bbox 1940 1137 2117 1189; x_wconf 83' lang='lat' dir='ltr'>locum</span> <span class='ocrx_word' id='word_1_270' title='bbox 2132 1137 2437 1191; x_wconf 68' lang='lat' dir='ltr'>duriuscule</span> 
     </span>
     <span class='ocr_line' id='line_1_48' title="bbox 1430 1213 2436 1289; baseline 0 -23"><span class='ocrx_word' id='word_1_271' title='bbox 1430 1219 1669 1288; x_wconf 73' lang='lat' dir='ltr'>tractavit</span> <span class='ocrx_word' id='word_1_272' title='bbox 1684 1219 1900 1268; x_wconf 84' lang='lat' dir='ltr'>Gesner.</span> <span class='ocrx_word' id='word_1_273' title='bbox 1919 1216 2002 1285; x_wconf 89' lang='lat' dir='ltr'>(in</span> <span class='ocrx_word' id='word_1_274' title='bbox 2013 1213 2132 1267; x_wconf 84' lang='lat' dir='ltr'>Lex.</span> <span class='ocrx_word' id='word_1_275' title='bbox 2147 1237 2194 1269; x_wconf 81' lang='lat' dir='ltr'>v.</span> <span class='ocrx_word' id='word_1_276' title='bbox 2210 1217 2436 1289; x_wconf 78' lang='lat' dir='ltr'>Pollex).</span> 
     </span>
     <span class='ocr_line' id='line_1_49' title="bbox 1429 1296 2439 1368; baseline 0.003 -23"><span class='ocrx_word' id='word_1_277' title='bbox 1429 1296 1563 1346; x_wconf 79' lang='lat' dir='ltr'>Nam</span> <span class='ocrx_word' id='word_1_278' title='bbox 1591 1298 1926 1368; x_wconf 77' lang='lat' dir='ltr'>comprimere</span> <span class='ocrx_word' id='word_1_279' title='bbox 1959 1315 2022 1348; x_wconf 79' lang='lat' dir='ltr'>ex</span> <span class='ocrx_word' id='word_1_280' title='bbox 2058 1299 2107 1347; x_wconf 86' lang='lat' dir='ltr'>vi</span> <span class='ocrx_word' id='word_1_281' title='bbox 2142 1299 2254 1367; x_wconf 86' lang='lat' dir='ltr'>ipsa</span> <span class='ocrx_word' id='word_1_282' title='bbox 2294 1300 2439 1348; x_wconf 83' lang='lat' dir='ltr'>vocis</span> 
     </span>
     <span class='ocr_line' id='line_1_50' title="bbox 1428 1374 2439 1444; baseline 0.001 -18"><span class='ocrx_word' id='word_1_283' title='bbox 1428 1374 1560 1426; x_wconf 83' lang='lat' dir='ltr'>nibil</span> <span class='ocrx_word' id='word_1_284' title='bbox 1577 1374 1721 1426; x_wconf 86' lang='lat' dir='ltr'>aliud</span> <span class='ocrx_word' id='word_1_285' title='bbox 1737 1389 1842 1439; x_wconf 82' lang='lat' dir='ltr'>est,</span> <span class='ocrx_word' id='word_1_286' title='bbox 1866 1394 2024 1444; x_wconf 85' lang='lat' dir='ltr'>quam</span> <span class='ocrx_word' id='word_1_287' title='bbox 2038 1378 2110 1426; x_wconf 77' lang='lat' dir='ltr'>ita</span> <span class='ocrx_word' id='word_1_288' title='bbox 2127 1375 2439 1427; x_wconf 81' lang='lat' dir='ltr'>contrahere</span> 
     </span>
     <span class='ocr_line' id='line_1_51' title="bbox 1429 1453 2443 1526; baseline 0.001 -21"><span class='ocrx_word' id='word_1_289' title='bbox 1429 1453 1649 1522; x_wconf 76' lang='lat' dir='ltr'>digitum</span> <span class='ocrx_word' id='word_1_290' title='bbox 1663 1491 1679 1516; x_wconf 78' lang='lat'>,</span> <span class='ocrx_word' id='word_1_291' title='bbox 1695 1466 1752 1504; x_wconf 90' lang='lat' dir='ltr'>ut</span> <span class='ocrx_word' id='word_1_292' title='bbox 1769 1453 2108 1505; x_wconf 84' lang='lat' dir='ltr'>articulorum</span> <span class='ocrx_word' id='word_1_293' title='bbox 2126 1453 2308 1506; x_wconf 88' lang='lat' dir='ltr'>tubera</span> <span class='ocrx_word' id='word_1_294' title='bbox 2325 1473 2443 1526; x_wconf 90' lang='lat' dir='ltr'>pro-</span> 
     </span>
     <span class='ocr_line' id='line_1_52' title="bbox 1429 1528 2440 1603; baseline 0.005 -24"><span class='ocrx_word' id='word_1_295' title='bbox 1429 1533 1679 1580; x_wconf 84' lang='lat' dir='ltr'>mineant.</span> <span class='ocrx_word' id='word_1_296' title='bbox 1720 1528 1874 1581; x_wconf 86' lang='lat' dir='ltr'>Unde</span> <span class='ocrx_word' id='word_1_297' title='bbox 1898 1529 2183 1583; x_wconf 79' lang='lat' dir='ltr'>clarissime</span> <span class='ocrx_word' id='word_1_298' title='bbox 2200 1533 2313 1600; x_wconf 83' lang='lat' dir='ltr'>jam</span> <span class='ocrx_word' id='word_1_299' title='bbox 2341 1550 2440 1603; x_wconf 87' lang='lat' dir='ltr'>ap-</span> 
     </span>
     <span class='ocr_line' id='line_1_53' title="bbox 1428 1608 2441 1682; baseline 0.007 -25"><span class='ocrx_word' id='word_1_300' title='bbox 1428 1622 1607 1679; x_wconf 80' lang='lat' dir='ltr'>paret,</span> <span class='ocrx_word' id='word_1_301' title='bbox 1650 1608 1776 1678; x_wconf 88' lang='lat' dir='ltr'>quid</span> <span class='ocrx_word' id='word_1_302' title='bbox 1810 1610 1968 1661; x_wconf 81' lang='lat' dir='ltr'>fuerit</span> <span class='ocrx_word' id='word_1_303' title='bbox 2002 1610 2184 1681; x_wconf 78' lang='lat' dir='ltr'>pollex</span> <span class='ocrx_word' id='word_1_304' title='bbox 2212 1611 2441 1682; x_wconf 76' lang='lat' dir='ltr'>infestus.</span> 
     </span>
     <span class='ocr_line' id='line_1_54' title="bbox 1427 1687 2445 1756; baseline 0.005 -20"><span class='ocrx_word' id='word_1_305' title='bbox 1427 1688 1533 1752; x_wconf 88' lang='lat' dir='ltr'>Qui</span> <span class='ocrx_word' id='word_1_306' title='bbox 1574 1705 1739 1756; x_wconf 83' lang='lat' dir='ltr'>quum</span> <span class='ocrx_word' id='word_1_307' title='bbox 1776 1688 1828 1737; x_wconf 93' lang='lat' dir='ltr'>in</span> <span class='ocrx_word' id='word_1_308' title='bbox 1872 1687 2137 1739; x_wconf 82' lang='lat' dir='ltr'>lenissima</span> <span class='ocrx_word' id='word_1_309' title='bbox 2175 1703 2445 1742; x_wconf 82' lang='lat' dir='ltr'>oratorum</span> 
     </span>
     <span class='ocr_line' id='line_1_55' title="bbox 1431 1767 2443 1826; baseline 0.005 -9"><span class='ocrx_word' id='word_1_310' title='bbox 1431 1767 1641 1817; x_wconf 82' lang='lat' dir='ltr'>actione</span> <span class='ocrx_word' id='word_1_311' title='bbox 1653 1770 1858 1817; x_wconf 45' lang='lat' dir='ltr'>osu-mli</span> <span class='ocrx_word' id='word_1_312' title='bbox 1874 1770 2059 1818; x_wconf 42' lang='lat' dir='ltr'>..num</span> <span class='ocrx_word' id='word_1_313' title='bbox 2079 1774 2227 1818; x_wconf 59' lang='lat' dir='ltr'>[uerit</span> <span class='ocrx_word' id='word_1_314' title='bbox 2243 1810 2255 1826; x_wconf 48' lang='grc' dir='ltr'>ι</span> <span class='ocrx_word' id='word_1_315' title='bbox 2275 1770 2443 1822; x_wconf 89' lang='lat' dir='ltr'>multo</span> 
     </span>
     <span class='ocr_line' id='line_1_56' title="bbox 1432 1848 2443 1910; baseline 0.007 -14"><span class='ocrx_word' id='word_1_316' title='bbox 1432 1848 1605 1898; x_wconf 84' lang='lat' dir='ltr'>minus</span> <span class='ocrx_word' id='word_1_317' title='bbox 1647 1850 1834 1896; x_wconf 59' lang='lat' dir='ltr'>mirum</span> <span class='ocrx_word' id='word_1_318' title='bbox 1858 1886 1870 1910; x_wconf 71' lang='lat'>.,</span> <span class='ocrx_word' id='word_1_319' title='bbox 1914 1850 2151 1898; x_wconf 65' lang='grc' dir='ltr'>ιιιιιιιιίιηιι</span> <span class='ocrx_word' id='word_1_320' title='bbox 2199 1854 2357 1902; x_wconf 70' lang='lat' dir='ltr'>luisse</span> <span class='ocrx_word' id='word_1_321' title='bbox 2388 1854 2443 1902; x_wconf 84' lang='lat' dir='ltr'>in</span> 
     </span>
     <span class='ocr_line' id='line_1_57' title="bbox 1432 1922 2433 1999; baseline 0 -25"><span class='ocrx_word' id='word_1_322' title='bbox 1432 1922 1619 1976; x_wconf 78' lang='lat' dir='ltr'>habitu</span> <span class='ocrx_word' id='word_1_323' title='bbox 1640 1926 2015 1994; x_wconf 51' lang='lat' dir='ltr'>parilium-nris</span> <span class='ocrx_word' id='word_1_324' title='bbox 2047 1926 2095 1974; x_wconf 80' lang='lat' dir='ltr'>h.</span> <span class='ocrx_word' id='word_1_325' title='bbox 2127 1947 2203 1982; x_wconf 56' lang='grc' dir='ltr'>ι’.</span> <span class='ocrx_word' id='word_1_326' title='bbox 2227 1948 2433 1999; x_wconf 71' lang='lat' dir='ltr'>uumpoe·</span> 
     </span>
     <span class='ocr_line' id='line_1_58' title="bbox 1431 2006 2445 2079; baseline 0.002 -26"><span class='ocrx_word' id='word_1_327' title='bbox 1431 2006 1603 2055; x_wconf 85' lang='lat' dir='ltr'>nentis</span> <span class='ocrx_word' id='word_1_328' title='bbox 1644 2021 1734 2054; x_wconf 70' lang='lat' dir='ltr'>sun</span> <span class='ocrx_word' id='word_1_329' title='bbox 1770 2022 1882 2070; x_wconf 63' lang='grc' dir='ltr'>[ς-ιῑι</span> <span class='ocrx_word' id='word_1_330' title='bbox 1866 2010 2019 2054; x_wconf 68' lang='grc' dir='ltr'>·ἰι.;ι[ιτ</span> <span class='ocrx_word' id='word_1_331' title='bbox 2055 2006 2171 2054; x_wconf 82' lang='grc' dir='ltr'>[ιιι-Ι</span> <span class='ocrx_word' id='word_1_332' title='bbox 2163 2026 2231 2054; x_wconf 60' lang='lat' dir='ltr'>*m</span> <span class='ocrx_word' id='word_1_333' title='bbox 2271 2026 2445 2079; x_wconf 78' lang='lat' dir='ltr'>popu-</span> 
     </span>
     <span class='ocr_line' id='line_1_59' title="bbox 1434 2082 2443 2154; baseline 0.003 -20"><span class='ocrx_word' id='word_1_334' title='bbox 1434 2082 1568 2134; x_wconf 80' lang='lat' dir='ltr'>lares</span> <span class='ocrx_word' id='word_1_335' title='bbox 1591 2085 1718 2133; x_wconf 82' lang='lat' dir='ltr'>viri·</span> <span class='ocrx_word' id='word_1_336' title='bbox 1717 2086 1822 2134; x_wconf 62' lang='lat' dir='ltr'>ahv-</span> <span class='ocrx_word' id='word_1_337' title='bbox 1814 2106 1926 2150; x_wconf 70' lang='grc' dir='ltr'>ιμι</span> <span class='ocrx_word' id='word_1_338' title='bbox 1954 2106 1995 2134; x_wconf 68' lang='grc' dir='ltr'>τι</span> <span class='ocrx_word' id='word_1_339' title='bbox 1987 2086 2027 2134; x_wconf 93' lang='lat' dir='ltr'>l</span> <span class='ocrx_word' id='word_1_340' title='bbox 2063 2106 2091 2150; x_wconf 62' lang='grc' dir='ltr'>ι</span> <span class='ocrx_word' id='word_1_341' title='bbox 2099 2106 2135 2134; x_wconf 96' lang='grc' dir='ltr'>ι</span> <span class='ocrx_word' id='word_1_342' title='bbox 2127 2090 2191 2134; x_wconf 75' lang='grc' dir='ltr'>ἰιι</span> <span class='ocrx_word' id='word_1_343' title='bbox 2199 2106 2263 2154; x_wconf 63' lang='lat' dir='ltr'>*f</span> <span class='ocrx_word' id='word_1_344' title='bbox 2255 2089 2336 2151; x_wconf 82' lang='lat' dir='ltr'>is,</span> <span class='ocrx_word' id='word_1_345' title='bbox 2359 2087 2443 2137; x_wconf 75' lang='lat' dir='ltr'>vel</span> 
     </span>
     <span class='ocr_line' id='line_1_60' title="bbox 1435 2123 2445 2232; baseline 0.004 -19"><span class='ocrx_word' id='word_1_346' title='bbox 1435 2161 1615 2228; x_wconf 82' lang='lat' dir='ltr'>ducis,</span> <span class='ocrx_word' id='word_1_347' title='bbox 1640 2178 1706 2232; x_wconf 82' lang='lat' dir='ltr'>qu</span> <span class='ocrx_word' id='word_1_348' title='bbox 1718 2170 1726 2214; x_wconf 88' lang='grc' dir='ltr'>ι</span> <span class='ocrx_word' id='word_1_349' title='bbox 1758 2178 1802 2214; x_wconf 76' lang='lat' dir='ltr'>t·</span> <span class='ocrx_word' id='word_1_350' title='bbox 1934 2170 2131 2214; x_wconf 63' lang='grc' dir='ltr'>νιίιιιιι</span> <span class='ocrx_word' id='word_1_351' title='bbox 2163 2186 2223 2214; x_wconf 78' lang='grc' dir='ltr'>ιιι·</span> <span class='ocrx_word' id='word_1_352' title='bbox 2215 2123 2336 2216; x_wconf 59' lang='lat' dir='ltr'>1’1l08</span> <span class='ocrx_word' id='word_1_353' title='bbox 2347 2165 2445 2217; x_wconf 86' lang='lat' dir='ltr'>de-</span> 
     </span>
     <span class='ocr_line' id='line_1_61' title="bbox 1433 2184 2444 2310; baseline 0.005 -19"><span class='ocrx_word' id='word_1_354' title='bbox 1433 2240 1613 2292; x_wconf 84' lang='lat' dir='ltr'>bebat.</span> <span class='ocrx_word' id='word_1_355' title='bbox 1655 2243 1718 2293; x_wconf 83' lang='lat' dir='ltr'>Et</span> <span class='ocrx_word' id='word_1_356' title='bbox 1742 2186 1858 2292; x_wconf 60' lang='lat' dir='ltr'><strong>huffe</strong></span> <span class='ocrx_word' id='word_1_357' title='bbox 1862 2184 2030 2310; x_wconf 75' lang='lat' dir='ltr'>igitur</span> <span class='ocrx_word' id='word_1_358' title='bbox 2053 2238 2264 2293; x_wconf 83' lang='lat' dir='ltr'>aliunde</span> <span class='ocrx_word' id='word_1_359' title='bbox 2290 2242 2444 2296; x_wconf 84' lang='lat' dir='ltr'>nobis</span> 
     </span>
     <span class='ocr_line' id='line_1_62' title="bbox 1432 2319 2445 2392; baseline 0.003 -20"><span class='ocrx_word' id='word_1_360' title='bbox 1432 2323 1677 2391; x_wconf 73' lang='lat' dir='ltr'>ignotum</span> <span class='ocrx_word' id='word_1_361' title='bbox 1690 2320 1937 2372; x_wconf 87' lang='lat' dir='ltr'>discimus</span> <span class='ocrx_word' id='word_1_362' title='bbox 1955 2339 2018 2372; x_wconf 79' lang='lat' dir='ltr'>ex</span> <span class='ocrx_word' id='word_1_363' title='bbox 2035 2319 2166 2372; x_wconf 79' lang='lat' dir='ltr'>hac</span> <span class='ocrx_word' id='word_1_364' title='bbox 2152 2340 2268 2392; x_wconf 76' lang='lat' dir='ltr'>ipsa</span> <span class='ocrx_word' id='word_1_365' title='bbox 2279 2323 2445 2390; x_wconf 90' lang='lat' dir='ltr'>Quin-</span> 
     </span>
     <span class='ocr_line' id='line_1_63' title="bbox 1435 2398 2442 2469; baseline 0.002 -19"><span class='ocrx_word' id='word_1_366' title='bbox 1435 2398 1600 2451; x_wconf 86' lang='lat' dir='ltr'>tiliani</span> <span class='ocrx_word' id='word_1_367' title='bbox 1638 2398 1925 2460; x_wconf 87' lang='lat' dir='ltr'>relatione;</span> <span class='ocrx_word' id='word_1_368' title='bbox 1974 2401 2064 2469; x_wconf 88' lang='lat' dir='ltr'>qui</span> <span class='ocrx_word' id='word_1_369' title='bbox 2101 2399 2352 2452; x_wconf 85' lang='lat' dir='ltr'>eumdem</span> <span class='ocrx_word' id='word_1_370' title='bbox 2389 2404 2442 2452; x_wconf 91' lang='lat' dir='ltr'>in</span> 
     </span>
     <span class='ocr_line' id='line_1_64' title="bbox 1434 2474 2441 2530; baseline 0.003 -4"><span class='ocrx_word' id='word_1_371' title='bbox 1434 2476 1737 2527; x_wconf 86' lang='lat' dir='ltr'>oratoribus</span> <span class='ocrx_word' id='word_1_372' title='bbox 1765 2474 2002 2527; x_wconf 86' lang='lat' dir='ltr'>habitum</span> <span class='ocrx_word' id='word_1_373' title='bbox 2030 2488 2092 2527; x_wconf 87' lang='lat' dir='ltr'>ut</span> <span class='ocrx_word' id='word_1_374' title='bbox 2115 2479 2267 2528; x_wconf 87' lang='lat' dir='ltr'>nimis</span> <span class='ocrx_word' id='word_1_375' title='bbox 2293 2496 2441 2530; x_wconf 86' lang='lat' dir='ltr'>arro-</span> 
     </span>
     <span class='ocr_line' id='line_1_65' title="bbox 1427 2555 2442 2626; baseline 0.004 -20"><span class='ocrx_word' id='word_1_376' title='bbox 1427 2567 1644 2626; x_wconf 63' lang='lat' dir='ltr'>gantem</span> <span class='ocrx_word' id='word_1_377' title='bbox 1668 2555 1993 2626; x_wconf 78' lang='lat' dir='ltr'>improbasse</span> <span class='ocrx_word' id='word_1_378' title='bbox 2015 2556 2238 2608; x_wconf 81' lang='lat' dir='ltr'>videtur.</span> <span class='ocrx_word' id='word_1_379' title='bbox 2267 2557 2442 2611; x_wconf 77' lang='lat' dir='ltr'>Auda-</span> 
     </span>
     <span class='ocr_line' id='line_1_66' title="bbox 1433 2635 2439 2705; baseline 0.002 -20"><span class='ocrx_word' id='word_1_380' title='bbox 1433 2636 1545 2686; x_wconf 90' lang='lat' dir='ltr'>cior</span> <span class='ocrx_word' id='word_1_381' title='bbox 1561 2647 1742 2686; x_wconf 83' lang='lat' dir='ltr'>autem</span> <span class='ocrx_word' id='word_1_382' title='bbox 1765 2636 1951 2704; x_wconf 86' lang='lat' dir='ltr'>utique</span> <span class='ocrx_word' id='word_1_383' title='bbox 1977 2653 2131 2705; x_wconf 89' lang='lat' dir='ltr'>quam</span> <span class='ocrx_word' id='word_1_384' title='bbox 2149 2653 2245 2704; x_wconf 88' lang='lat' dir='ltr'>pro</span> <span class='ocrx_word' id='word_1_385' title='bbox 2261 2635 2439 2689; x_wconf 88' lang='lat' dir='ltr'>Nostri</span> 
     </span>
     <span class='ocr_line' id='line_1_67' title="bbox 1432 2712 2438 2786; baseline 0 -21"><span class='ocrx_word' id='word_1_386' title='bbox 1432 2733 1577 2766; x_wconf 89' lang='lat' dir='ltr'>more</span> <span class='ocrx_word' id='word_1_387' title='bbox 1615 2715 1815 2765; x_wconf 86' lang='lat' dir='ltr'>locutio</span> <span class='ocrx_word' id='word_1_388' title='bbox 1857 2714 2058 2766; x_wconf 77' lang='lat' dir='ltr'>habitus</span> <span class='ocrx_word' id='word_1_389' title='bbox 2090 2712 2400 2786; x_wconf 60' lang='lat' dir='ltr'>pacificator</span> <span class='ocrx_word' id='word_1_390' title='bbox 2423 2740 2438 2765; x_wconf 89' lang='lat'><em>:</em></span> 
     </span>
     <span class='ocr_line' id='line_1_68' title="bbox 1431 2789 2434 2857; baseline 0.004 -16"><span class='ocrx_word' id='word_1_391' title='bbox 1431 2809 1552 2842; x_wconf 90' lang='lat' dir='ltr'>nam</span> <span class='ocrx_word' id='word_1_392' title='bbox 1572 2790 1660 2842; x_wconf 89' lang='lat' dir='ltr'>illa</span> <span class='ocrx_word' id='word_1_393' title='bbox 1684 2790 1749 2842; x_wconf 88' lang='lat' dir='ltr'>de</span> <span class='ocrx_word' id='word_1_394' title='bbox 1769 2789 2081 2842; x_wconf 80' lang='lat' dir='ltr'>animalibus</span> <span class='ocrx_word' id='word_1_395' title='bbox 2097 2830 2112 2855; x_wconf 75' lang='lat'>‚</span> <span class='ocrx_word' id='word_1_396' title='bbox 2136 2794 2220 2843; x_wconf 83' lang='lat' dir='ltr'>bos</span> <span class='ocrx_word' id='word_1_397' title='bbox 2232 2805 2434 2857; x_wconf 68' lang='lat' dir='ltr'>arator,</span> 
     </span>
     <span class='ocr_line' id='line_1_69' title="bbox 1430 2868 2434 2940; baseline 0.003 -21"><span class='ocrx_word' id='word_1_398' title='bbox 1430 2887 1589 2940; x_wconf 82' lang='lat' dir='ltr'>equus</span> <span class='ocrx_word' id='word_1_399' title='bbox 1599 2868 1841 2932; x_wconf 80' lang='lat' dir='ltr'>bellator,</span> <span class='ocrx_word' id='word_1_400' title='bbox 1861 2886 1977 2939; x_wconf 81' lang='lat' dir='ltr'>quae</span> <span class='ocrx_word' id='word_1_401' title='bbox 1988 2870 2068 2920; x_wconf 85' lang='lat' dir='ltr'>vel</span> <span class='ocrx_word' id='word_1_402' title='bbox 2083 2872 2195 2940; x_wconf 85' lang='lat' dir='ltr'>ipsa</span> <span class='ocrx_word' id='word_1_403' title='bbox 2210 2872 2264 2921; x_wconf 90' lang='lat' dir='ltr'>in</span> <span class='ocrx_word' id='word_1_404' title='bbox 2274 2889 2434 2940; x_wconf 86' lang='lat' dir='ltr'>prosa</span> 
     </span>
     <span class='ocr_line' id='line_1_70' title="bbox 1431 2947 2433 3017; baseline 0.004 -20"><span class='ocrx_word' id='word_1_405' title='bbox 1431 2949 1670 2998; x_wconf 88' lang='lat' dir='ltr'>oratione</span> <span class='ocrx_word' id='word_1_406' title='bbox 1703 2965 1818 2998; x_wconf 82' lang='lat' dir='ltr'>rara</span> <span class='ocrx_word' id='word_1_407' title='bbox 1854 2960 1978 2998; x_wconf 89' lang='lat' dir='ltr'>sunt</span> <span class='ocrx_word' id='word_1_408' title='bbox 2019 2947 2167 3017; x_wconf 86' lang='lat' dir='ltr'>(vide</span> <span class='ocrx_word' id='word_1_409' title='bbox 2206 2948 2433 3001; x_wconf 75' lang='lat' dir='ltr'>Broukla.</span> 
     </span>
     <span class='ocr_line' id='line_1_71' title="bbox 1431 3022 2434 3096; baseline 0.005 -21"><span class='ocrx_word' id='word_1_410' title='bbox 1431 3023 1497 3075; x_wconf 86' lang='lat' dir='ltr'>ad</span> <span class='ocrx_word' id='word_1_411' title='bbox 1521 3022 1640 3075; x_wconf 86' lang='lat' dir='ltr'>Tib.</span> <span class='ocrx_word' id='word_1_412' title='bbox 1665 3026 1714 3087; x_wconf 84' lang='lat'>1,</span> <span class='ocrx_word' id='word_1_413' title='bbox 1764 3042 1854 3086; x_wconf 84' lang='lat'>11,</span> <span class='ocrx_word' id='word_1_414' title='bbox 1892 3025 2022 3096; x_wconf 75' lang='lat'><strong>46),</strong></span> <span class='ocrx_word' id='word_1_415' title='bbox 2064 3040 2170 3076; x_wconf 83' lang='lat' dir='ltr'>non</span> <span class='ocrx_word' id='word_1_416' title='bbox 2200 3026 2434 3095; x_wconf 85' lang='lat' dir='ltr'>ejusdem</span> 
     </span>
     <span class='ocr_line' id='line_1_72' title="bbox 1427 3102 2434 3178; baseline 0.006 -26"><span class='ocrx_word' id='word_1_417' title='bbox 1427 3102 1583 3174; x_wconf 85' lang='lat' dir='ltr'>plane</span> <span class='ocrx_word' id='word_1_418' title='bbox 1609 3115 1729 3152; x_wconf 87' lang='lat' dir='ltr'>sunt</span> <span class='ocrx_word' id='word_1_419' title='bbox 1751 3105 1972 3171; x_wconf 78' lang='lat' dir='ltr'>generis.</span> <span class='ocrx_word' id='word_1_420' title='bbox 1998 3105 2195 3154; x_wconf 88' lang='lat' dir='ltr'>Tamen</span> <span class='ocrx_word' id='word_1_421' title='bbox 2222 3108 2434 3178; x_wconf 67' lang='lat' dir='ltr'>apposi-</span> 
     </span>
     <span class='ocr_line' id='line_1_73' title="bbox 1429 3180 2432 3254; baseline 0.004 -22"><span class='ocrx_word' id='word_1_422' title='bbox 1429 3194 1540 3232; x_wconf 89' lang='lat' dir='ltr'>tum</span> <span class='ocrx_word' id='word_1_423' title='bbox 1564 3180 1695 3231; x_wconf 84' lang='lat' dir='ltr'>illud</span> <span class='ocrx_word' id='word_1_424' title='bbox 1715 3183 1767 3231; x_wconf 90' lang='lat' dir='ltr'>in</span> <span class='ocrx_word' id='word_1_425' title='bbox 1787 3183 2071 3249; x_wconf 76' lang='lat' dir='ltr'>genitivum</span> <span class='ocrx_word' id='word_1_426' title='bbox 2096 3182 2324 3254; x_wconf 88' lang='lat' dir='ltr'>aliquem</span> <span class='ocrx_word' id='word_1_427' title='bbox 2344 3184 2432 3236; x_wconf 78' lang='lat' dir='ltr'>do-</span> 
     </span>
     <span class='ocr_line' id='line_1_74' title="bbox 1428 3260 2430 3324; baseline 0.004 -13"><span class='ocrx_word' id='word_1_428' title='bbox 1428 3260 1636 3311; x_wconf 84' lang='lat' dir='ltr'>flectere</span> <span class='ocrx_word' id='word_1_429' title='bbox 1648 3263 1847 3324; x_wconf 85' lang='lat' dir='ltr'>conari,</span> <span class='ocrx_word' id='word_1_430' title='bbox 1861 3260 2114 3312; x_wconf 83' lang='lat' dir='ltr'>audacius</span> <span class='ocrx_word' id='word_1_431' title='bbox 2128 3264 2283 3314; x_wconf 80' lang='lat' dir='ltr'>etiam</span> <span class='ocrx_word' id='word_1_432' title='bbox 2295 3278 2430 3315; x_wconf 90' lang='lat' dir='ltr'>esset</span> 
     </span>
     <span class='ocr_line' id='line_1_75' title="bbox 1426 3340 2429 3410; baseline 0.004 -20"><span class='ocrx_word' id='word_1_433' title='bbox 1426 3341 1481 3391; x_wconf 92' lang='lat' dir='ltr'>in</span> <span class='ocrx_word' id='word_1_434' title='bbox 1508 3353 1688 3391; x_wconf 79' lang='lat' dir='ltr'>nostra</span> <span class='ocrx_word' id='word_1_435' title='bbox 1710 3341 2010 3390; x_wconf 88' lang='lat' dir='ltr'>criticorum</span> <span class='ocrx_word' id='word_1_436' title='bbox 2042 3358 2199 3410; x_wconf 86' lang='lat' dir='ltr'>quam</span> <span class='ocrx_word' id='word_1_437' title='bbox 2219 3340 2349 3393; x_wconf 88' lang='lat' dir='ltr'>illud</span> <span class='ocrx_word' id='word_1_438' title='bbox 2375 3345 2429 3393; x_wconf 89' lang='lat' dir='ltr'>in</span> 
     </span>
     <span class='ocr_line' id='line_1_76' title="bbox 1427 3419 2429 3491; baseline 0.003 -22"><span class='ocrx_word' id='word_1_439' title='bbox 1427 3421 1648 3470; x_wconf 85' lang='lat' dir='ltr'>oratoris</span> <span class='ocrx_word' id='word_1_440' title='bbox 1678 3436 1920 3489; x_wconf 78' lang='lat' dir='ltr'>persona.</span> <span class='ocrx_word' id='word_1_441' title='bbox 1964 3419 2204 3488; x_wconf 89' lang='lat' dir='ltr'>Denique</span> <span class='ocrx_word' id='word_1_442' title='bbox 2231 3439 2429 3491; x_wconf 89' lang='lat' dir='ltr'>prono-</span> 
     </span>
     <span class='ocr_line' id='line_1_77' title="bbox 1427 3495 2428 3567; baseline -0.001 -19"><span class='ocrx_word' id='word_1_443' title='bbox 1427 3515 1549 3548; x_wconf 88' lang='lat' dir='ltr'>men</span> <span class='ocrx_word' id='word_1_444' title='bbox 1584 3496 1855 3547; x_wconf 76' lang='lat' dir='ltr'>relativum</span> <span class='ocrx_word' id='word_1_445' title='bbox 1900 3509 1978 3549; x_wconf 91' lang='lat' dir='ltr'>ter</span> <span class='ocrx_word' id='word_1_446' title='bbox 2010 3495 2094 3548; x_wconf 86' lang='lat' dir='ltr'>hic</span> <span class='ocrx_word' id='word_1_447' title='bbox 2119 3498 2350 3567; x_wconf 88' lang='lat' dir='ltr'>positum</span> <span class='ocrx_word' id='word_1_448' title='bbox 2375 3501 2428 3549; x_wconf 91' lang='lat' dir='ltr'>in</span> 
     </span>
     <span class='ocr_line' id='line_1_78' title="bbox 1426 3575 2429 3644; baseline 0.001 -20"><span class='ocrx_word' id='word_1_449' title='bbox 1426 3593 1534 3625; x_wconf 88' lang='lat' dir='ltr'>uno</span> <span class='ocrx_word' id='word_1_450' title='bbox 1555 3593 1713 3626; x_wconf 86' lang='lat' dir='ltr'>sensu</span> <span class='ocrx_word' id='word_1_451' title='bbox 1737 3576 1908 3625; x_wconf 89' lang='lat' dir='ltr'>minus</span> <span class='ocrx_word' id='word_1_452' title='bbox 1928 3592 1984 3626; x_wconf 87' lang='lat' dir='ltr'>se</span> <span class='ocrx_word' id='word_1_453' title='bbox 2007 3575 2062 3625; x_wconf 90' lang='lat' dir='ltr'>in</span> <span class='ocrx_word' id='word_1_454' title='bbox 2085 3576 2309 3639; x_wconf 85' lang='lat' dir='ltr'>Nostro,</span> <span class='ocrx_word' id='word_1_455' title='bbox 2338 3577 2429 3644; x_wconf 87' lang='lat' dir='ltr'>qui</span> 
     </span>
     <span class='ocr_line' id='line_1_79' title="bbox 1427 3654 2426 3723; baseline -0.002 -17"><span class='ocrx_word' id='word_1_456' title='bbox 1427 3658 1475 3706; x_wconf 89' lang='lat' dir='ltr'>ei</span> <span class='ocrx_word' id='word_1_457' title='bbox 1499 3657 1626 3706; x_wconf 87' lang='lat' dir='ltr'>vitio</span> <span class='ocrx_word' id='word_1_458' title='bbox 1651 3673 1748 3706; x_wconf 82' lang='lat' dir='ltr'>nos</span> <span class='ocrx_word' id='word_1_459' title='bbox 1780 3654 2148 3719; x_wconf 76' lang='lat' dir='ltr'>assuefecerit,</span> <span class='ocrx_word' id='word_1_460' title='bbox 2187 3657 2426 3723; x_wconf 79' lang='lat' dir='ltr'>gravari,</span> 
     </span>
     <span class='ocr_line' id='line_1_80' title="bbox 1425 3731 2428 3806; baseline -0.002 -20"><span class='ocrx_word' id='word_1_461' title='bbox 1425 3734 1759 3806; x_wconf 74' lang='lat' dir='ltr'>Spaldingius</span> <span class='ocrx_word' id='word_1_462' title='bbox 1797 3736 1884 3785; x_wconf 86' lang='lat' dir='ltr'>ait.</span> <span class='ocrx_word' id='word_1_463' title='bbox 1927 3737 2061 3785; x_wconf 77' lang='lat' dir='ltr'>Nam</span> <span class='ocrx_word' id='word_1_464' title='bbox 2103 3731 2213 3784; x_wconf 80' lang='lat' dir='ltr'>haec</span> <span class='ocrx_word' id='word_1_465' title='bbox 2251 3737 2428 3786; x_wconf 80' lang='lat' dir='ltr'>omnia</span> 
     </span>
     <span class='ocr_line' id='line_1_81' title="bbox 1426 3812 2426 3884; baseline 0.001 -19"><span class='ocrx_word' id='word_1_466' title='bbox 1426 3813 1494 3866; x_wconf 82' lang='lat' dir='ltr'>ab</span> <span class='ocrx_word' id='word_1_467' title='bbox 1520 3813 1613 3865; x_wconf 89' lang='lat' dir='ltr'>illo</span> <span class='ocrx_word' id='word_1_468' title='bbox 1650 3813 1716 3865; x_wconf 87' lang='lat' dir='ltr'>ad</span> <span class='ocrx_word' id='word_1_469' title='bbox 1753 3812 1896 3864; x_wconf 90' lang='lat' dir='ltr'>hunc</span> <span class='ocrx_word' id='word_1_470' title='bbox 1924 3812 2102 3864; x_wconf 89' lang='lat' dir='ltr'>locum</span> <span class='ocrx_word' id='word_1_471' title='bbox 2139 3827 2426 3884; x_wconf 70' lang='lat' dir='ltr'>praeparata</span> 
     </span>
     <span class='ocr_line' id='line_1_82' title="bbox 1427 3892 2426 3962; baseline -0.001 -17"><span class='ocrx_word' id='word_1_472' title='bbox 1427 3906 1612 3945; x_wconf 87' lang='lat' dir='ltr'>erant:</span> <span class='ocrx_word' id='word_1_473' title='bbox 1654 3905 1929 3944; x_wconf 75' lang='lat' dir='ltr'>exsecutus</span> <span class='ocrx_word' id='word_1_474' title='bbox 1962 3910 2078 3942; x_wconf 91' lang='lat' dir='ltr'>sum</span> <span class='ocrx_word' id='word_1_475' title='bbox 2116 3910 2248 3961; x_wconf 74' lang='lat' dir='ltr'>ego:</span> <span class='ocrx_word' id='word_1_476' title='bbox 2281 3892 2426 3962; x_wconf 84' lang='lat' dir='ltr'>quod</span> 
     </span>
     <span class='ocr_line' id='line_1_83' title="bbox 1426 3969 2424 4041; baseline 0 -18"><span class='ocrx_word' id='word_1_477' title='bbox 1426 3970 1547 4023; x_wconf 88' lang='lat' dir='ltr'>ideo</span> <span class='ocrx_word' id='word_1_478' title='bbox 1583 3969 1905 4021; x_wconf 88' lang='lat' dir='ltr'>monendum</span> <span class='ocrx_word' id='word_1_479' title='bbox 1932 3983 2072 4031; x_wconf 84' lang='lat' dir='ltr'>erat,</span> <span class='ocrx_word' id='word_1_480' title='bbox 2101 3988 2193 4034; x_wconf 85' lang='lat' dir='ltr'>ne,</span> <span class='ocrx_word' id='word_1_481' title='bbox 2224 3971 2269 4021; x_wconf 88' lang='lat' dir='ltr'>si</span> <span class='ocrx_word' id='word_1_482' title='bbox 2298 3970 2424 4041; x_wconf 82' lang='lat' dir='ltr'>quid</span> 
     </span>
     <span class='ocr_line' id='line_1_84' title="bbox 1425 4047 2423 4121; baseline 0.001 -21"><span class='ocrx_word' id='word_1_483' title='bbox 1425 4052 1478 4100; x_wconf 90' lang='lat' dir='ltr'>in</span> <span class='ocrx_word' id='word_1_484' title='bbox 1503 4048 1583 4100; x_wconf 88' lang='lat' dir='ltr'>his</span> <span class='ocrx_word' id='word_1_485' title='bbox 1608 4049 1941 4099; x_wconf 83' lang='lat' dir='ltr'>commissum</span> <span class='ocrx_word' id='word_1_486' title='bbox 1961 4048 2143 4111; x_wconf 87' lang='lat' dir='ltr'>fuerit,</span> <span class='ocrx_word' id='word_1_487' title='bbox 2167 4047 2243 4099; x_wconf 89' lang='lat' dir='ltr'>illi</span> <span class='ocrx_word' id='word_1_488' title='bbox 2259 4051 2423 4121; x_wconf 83' lang='lat' dir='ltr'>impu-</span> 
     </span>
     <span class='ocr_line' id='line_1_85' title="bbox 1426 4129 1804 4182; baseline -0.013 0"><span class='ocrx_word' id='word_1_489' title='bbox 1426 4143 1579 4182; x_wconf 89' lang='lat' dir='ltr'>tetur.</span> <span class='ocrx_word' id='word_1_490' title='bbox 1607 4129 1804 4180; x_wconf 76' lang='lat' dir='ltr'>Burni.</span> 
     </span>
    </p>
   </div>
   <div class='ocr_carea' id='block_1_9' title="bbox 2077 4214 2140 4281">
    <p class='ocr_par' dir='ltr' id='par_1_9' title="bbox 2077 4214 2140 4281">
     <span class='ocr_line' id='line_1_86' title="bbox 2077 4214 2140 4281; baseline 0 0"><span class='ocrx_word' id='word_1_491' title='bbox 2077 4214 2140 4281; x_wconf 81' lang='lat'>24</span> 
     </span>
    </p>
   </div>
   <div class='ocr_carea' id='block_1_10' title="bbox 2471 1956 2500 1984">
    <p class='ocr_par' dir='ltr' id='par_1_10' title="bbox 2471 1956 2500 1984">
     <span class='ocr_line' id='line_1_87' title="bbox 2471 1956 2500 1984; baseline 0 0"><span class='ocrx_word' id='word_1_492' title='bbox 2471 1956 2500 1984; x_wconf 60' lang='lat' dir='ltr'>C</span> 
     </span>
    </p>
   </div>
  </div>
 </body>
</html>
