3200 5159
660 482 1313 552 INSTITUTIONIS
1349 481 1608 547 ORAT.
1651 481 1815 547 LIB.
1855 484 2015 561 XII,
2065 507 2163 551 ιο.

2335 438 2466 571 '573

361 604 723 697 modum¹3
745 608 896 679 sine
920 634 1062 706 quo
1085 603 1266 677 nihil
1291 630 1422 677 nec
1443 603 1790 676 laudabile
1807 660 1826 693 ‚
1852 631 1979 676 nec
2006 605 2307 678 salutare
2334 626 2462 692 est;

361 741 429 791 et
477 721 662 794 nitor
699 723 818 795 ille
863 716 1134 796 cultum
1165 720 1480 812 virilem,
1514 743 1583 793 et
1616 720 1926 794 inventio
1949 722 2332 823 judicium.
2360 721 2470 794 Sic
2493 733 2562 787 80

360 858 564 931 erunt
608 865 863 938 maqna
890 896 911 926 ,
963 865 1108 909 non
1161 837 1462 927 nimia23
1516 835 1877 924 subh’mia,
1929 864 2075 909 non
2122 838 2420 937 abrupta
2448 868 2468 930 ;

335 953 595 1047 sortia,
632 982 777 1027 non
810 955 1205 1043 temeraria3
1236 980 1500 1042 severa,
1547 980 1694 1025 non
1734 953 1984 1044 tristia,
2014 959 2289 1053 qravia,
2322 981 2468 1026 non

357 1069 592 1159 tarda3
641 1071 831 1160 laeta,
880 1099 1025 1144 non
1068 1069 1451 1158 luxuriosa3
1492 1071 1849 1169 jucunda,
1896 1097 2043 1143 non
2089 1069 2464 1160 dissoluta3

357 1188 651 1282 qrandia
664 1186 717 1274 3,
747 1215 894 1260 non
928 1188 1202 1260 tumida
1215 1186 1425 1260 4.Sim
1447 1186 1554 1258 ilis
1578 1187 1655 1258 in
1691 1187 1947 1261 caeteris
1976 1186 2197 1261 ratio⁵
2225 1209 2357 1277 est,
2386 1215 2464 1260 ac

438 1356 480 1389 1.
502 1342 662 1412 Copia
683 1343 835 1396 habet
852 1347 1084 1399 modum.
1106 1344 1370 1398 Heindor-

358 1418 457 1470 fius
481 1423 782 1491 suspicatur
804 1425 967 1476 fuisse
991 1424 1176 1478 habeat
1196 1424 1370 1493 (idem

360 1515 573 1570 quoque
597 1499 773 1572 placet
791 1503 1059 1576 Rollino);
1090 1522 1198 1554 non
1225 1503 1371 1575 quod

355 1573 445 1628 hic
464 1578 783 1633 indicativus
807 1582 1122 1634 commodus
1144 1601 1254 1634 non
1274 1585 1370 1649 sit,

355 1654 450 1706 sed
481 1657 625 1727 quod
659 1678 771 1712 non
794 1661 1077 1714 commode
1099 1674 1371 1733 repetatur

355 1730 496 1784 idem
520 1736 573 1787 in
597 1753 861 1808 sequentt.
895 1750 948 1791 et
967 1741 1112 1792 nitor
1135 1739 1229 1792 ille
1252 1738 1369 1792 cul-

357 1824 471 1863 tum
481 1853 500 1880 ‚
517 1829 618 1869 etc.
630 1820 914 1871 Ver-issima
937 1832 1112 1870 autem
1130 1819 1367 1891 ejusdem

357 1906 438 1943 est
476 1894 774 1949 observatio
804 1901 858 1950 in
890 1901 1144 1970 proximis
1177 1898 1367 1952 distin-

356 1973 587 2025 ctionem
605 1989 727 2045 post
742 1996 957 2053 magna,
967 1977 1231 2045 sublimia,
1241 1991 1367 2043 etc.,

356 2050 531 2106 delere
561 2056 797 2126 jubentis
814 2096 830 2123 ,
874 2072 932 2110 ut
947 2097 965 2125 ,
1007 2057 1153 2130 quod
1191 2060 1365 2130 primo

358 2132 557 2204 ubique
603 2136 723 2189 loco
767 2141 1000 2209 positum
1045 2151 1155 2204 est,
1199 2140 1369 2190 instar

359 2212 583 2283 subjecti
607 2218 705 2275 sits
739 2237 933 2291 maqna
956 2230 1111 2272 emm
1143 2237 1249 2271 non
1279 2218 1365 2268 ιη’-

356 2309 464 2343 mia
478 2332 496 2359 ‚
527 2308 580 2346 et
608 2297 683 2347 sic
707 2315 886 2367 porro.

432 2391 479 2424 2.
509 2375 694 2427 Nimia
705 2398 725 2438 ,-
761 2375 1025 2429 sublimia.
1064 2378 1241 2443 lens„
1278 2378 1367 2428 ni·-

359 2452 525 2502 mium
547 2452 817 2521 sublimia,
843 2467 896 2507 et
912 2458 1219 2526 posteriorr.
1244 2469 1367 2508 ante

357 2528 480 2581 Ald.
495 2529 692 2583 Abruta
702 2574 721 2600 ‚
736 2534 913 2586 Guelf.
929 2534 1180 2587 Stristicia
1191 2575 1209 2602 ‚
1224 2534 1363 2586 Flor.

356 2607 605 2660 Jucunda
630 2630 736 2663 non
767 2611 859 2664 lux
883 2611 1129 2665 dissoluta
1145 2652 1163 2679 ‚
1186 2614 1364 2666 Turic-

361 2687 401 2736 F
402 2686 500 2738 lor.
526 2689 761 2761 Apparet
794 2690 1019 2752 scribam
1047 2690 1366 2762 autographi

358 2765 550 2819 horum
586 2769 842 2822 Codicum
879 2790 977 2842 per
1011 2790 1244 2823 errorem
1278 2790 1365 2822 re-

360 2846 566 2917 lapsum
583 2848 651 2900 ad
667 2850 1244 2921 luxuriosa,inceptum
1253 2851 1365 2919 jam

360 2926 578 2981 verbnm
603 2947 712 2981 non
736 2928 1006 2981 delevisse.
1029 2931 1166 2980 Hinc
1185 2941 1366 2979 tamen

361 3020 542 3057 natum
566 3025 673 3058 non
695 3006 825 3073 luxu
844 3004 1091 3059 dissoluta
1116 3009 1169 3058 in
1190 3005 1364 3061 Guelf.

360 3085 533 3159 (quod
568 3099 755 3137 notatu
791 3086 1008 3156 dignum
1048 3085 1116 3138 ad
1150 3088 1367 3156 genesin

360 3167 518 3236 hujus
542 3166 776 3240 Codicis)
801 3167 918 3220 Ald.
944 3167 1100 3220 Basa.

432 3247 482 3299 3.
523 3247 757 3300 Grandia
774 3287 792 3314 ‚
831 3266 938 3300 non
978 3245 1202 3299 tumida.
1231 3246 1367 3299 Vide

362 3342 471 3380 not.
500 3329 652 3381 infra.
678 3326 938 3380 Videntur
970 3340 1146 3379 autem
1173 3344 1368 3400 magna

364 3405 576 3477 quidem
614 3405 683 3458 ad
719 3425 805 3458 res
838 3419 1112 3478 spectare,
1143 3405 1369 3477 qmndia

364 3485 432 3538 ad
452 3500 717 3538 oratorem
736 3488 913 3557 ipsum
933 3499 985 3538 et
1005 3484 1073 3537 ad
1086 3484 1244 3537 verba
1264 3487 1371 3537 ani-

362 3584 507 3619 mum
521 3566 895 3637 patefacienda
909 3566 1017 3619 sive
1027 3604 1044 3631 ‚
1064 3568 1118 3618 in
1134 3565 1340 3617 tumido
1350 3603 1368 3632 ,

364 3648 681 3698 ostentantia
689 3644 839 3698 Nido
854 3659 1040 3717 praeter
1054 3643 1173 3697 loca
1187 3648 1241 3697 in
1256 3658 1367 3697 not.

367 3723 501 3775 infra
526 3721 770 3788 laudata,
795 3724 870 3789 11,
905 3741 984 3789 11,
1009 3723 1070 3786 3;
1105 3723 1180 3791 X,
1204 3741 1248 3792 ι,
1271 3723 1370 3792 65,

370 3815 463 3869 77;
496 3801 621 3865 ΧΠ,
655 3817 746 3867 to,
776 3801 860 3854 58.

1452 1346 1652 1398 tumida
1671 1387 1690 1413 ,
1742 1347 1929 1419 reliqui
1979 1361 2248 1419 praeeunte
2299 1347 2459 1400 Cum

1450 1424 1629 1490 Quum
1638 1423 1814 1493 fortia
1833 1426 2016 1476 nescio
2039 1444 2147 1496 quo
2168 1428 2466 1498 corruptio·

1451 1504 1533 1553 nis
1552 1520 1684 1554 casu
1702 1501 1810 1554 huc
1828 1506 2055 1569 venerit,
2079 1518 2302 1576 apparet
2321 1505 2469 1556 alter·

1450 1595 1627 1632 utrum
1653 1595 1794 1634 certe
1821 1602 2003 1635 eorum
2020 1621 2037 1650 ,
2063 1602 2179 1654 quae
2203 1587 2315 1655 ejus
2340 1585 2462 1637 loco

1449 1659 1714 1730 leguntur,
1733 1664 2065 1715 correctione
2087 1664 2370 1715 suffectum
2393 1683 2466 1717 es-

1448 1756 1521 1790 se.
1546 1738 1754 1791 Praetuli
1768 1740 1998 1814 qrandia
2018 1760 2126 1793 non
2146 1741 2269 1793 ideo
2290 1741 2465 1793 solum
2555 1784 2562 1793 .

1451 1817 1597 1888 quod
1636 1832 1772 1871 esset
1811 1838 1841 1871 e
1878 1822 2085 1892 scriptis
2100 1859 2118 1887 ,
2157 1821 2249 1871 sed
2287 1821 2466 1892 aliqua

1449 1899 1608 1950 etiam
1624 1900 1698 1950 rei
1712 1901 1879 1973 ipsius
1895 1902 2104 1952 ratione
2118 1899 2461 1953 habita.Nam

1448 1980 1679 2049 primum
1717 1980 1977 2031 tumidum
2013 1998 2174 2051 supra
2201 1982 2357 2032 etiam
2384 1982 2464 2048 X,

1452 2075 1514 2123 2,
1552 2058 1615 2110 16
1648 2058 1776 2129 (ubi
1809 2057 1922 2112 haec
1962 2074 2085 2112 sunt
2123 2075 2307 2113 nostro
2340 2062 2462 2113 loco

1447 2155 1684 2208 congrua
1704 2135 1878 2210 :fiunt
1890 2156 1988 2210 pro
2004 2138 2290 2213 grandibus
2308 2143 2463 2193 tumi-

1446 2215 1502 2267 di
1515 2255 1527 2266 .
1544 2253 1556 2266 .
1574 2255 1586 2267 .
1611 2217 1844 2288 fortibus
1868 2216 2132 2269 temerarii
2145 2256 2163 2281 ‚
2200 2214 2330 2270 loecis
2352 2237 2461 2271 cor-

1447 2293 1673 2365 rupti...)
1700 2312 1823 2346 cum
1851 2294 2045 2370 qmn‘di
2079 2296 2152 2346 ita
2190 2300 2462 2368 composi-

1449 2386 1560 2424 tum
1575 2371 1890 2439 habuimus,
1911 2386 1964 2425 et
1979 2374 2098 2424 vlu
2111 2412 2127 2439 ,
2144 2373 2206 2439 3,
2230 2375 2319 2441 ¹8,
2340 2394 2462 2428 cum

1448 2448 1761 2524 magnifico,
1797 2452 1941 2523 quod
1975 2451 2115 2504 idem
2141 2465 2238 2505 est.
2263 2455 2461 2508 Contra

1443 2529 1695 2602 plenum,
1719 2531 1865 2601 quod
1884 2533 1985 2598 XI,
2012 2548 2060 2597 1,
2079 2532 2140 2584 31
2169 2537 2463 2606 opponitur

1446 2627 1634 2680 presso
1670 2622 1723 2661 et
1747 2610 1877 2677 ΧΠ,
1910 2627 2000 2673 ιο,
2022 2611 2094 2663 66
2120 2611 2331 2679 subtili,
2366 2633 2462 2665 co-

1445 2690 1861 2758 gnatumvitium
1872 2689 2186 2757 Quintiliani
2203 2706 2345 2743 certe
2361 2711 2462 2744 ser-

1446 2787 1606 2820 mone
1635 2787 1746 2820 non
1775 2779 2031 2821 tumorem
2048 2768 2238 2836 hahet,
2261 2772 2357 2824 sed
2381 2791 2462 2825 re-

1446 2847 1814 2899 dundantiam.
1849 2849 2044 2899 Fateor
2076 2866 2185 2899 non
2209 2853 2334 2902 satis
2364 2870 2461 2922 ap—

1447 2943 1634 2997 parere
1649 2963 1666 2989 ,
1688 2943 1784 2977 cur
1796 2925 2023 2998 grandia
2048 2944 2077 2978 a
2097 2930 2337 2996 cognatis
2358 2928 2460 2982 illis

1449 3006 1680 3077 magnis,
1704 3003 2033 3071 sublimibus,
2053 3020 2152 3056 etc.
2178 3021 2286 3059 tam
2304 3008 2462 3080 longe

1448 3084 1834 3138 distineanturz
1865 3086 1957 3138 sed
1991 3085 2190 3139 valeret
2222 3088 2363 3141 idem
2392 3090 2461 3143 dc

1449 3165 1595 3214 omni
1619 3162 1782 3215 verbo
1807 3163 1953 3235 quod
1979 3168 2174 3218 tumori
2197 3182 2341 3219 recte
2372 3169 2462 3221 ad-

1442 3245 1713 3315 jungeres.
1760 3243 1941 3310 Quare
1992 3242 2243 3296 subnasci
2295 3247 2462 3317 possit

1448 3335 1636 3373 contra
1657 3334 1940 3394 utrumque
1958 3321 2177 3375 verbum
2199 3328 2461 3398 suspicio,

1451 3414 1505 3454 et
1523 3421 1632 3453 non
1652 3403 1832 3473 inepte
1849 3420 2121 3474 proponas
2146 3405 2326 3471 mitia,
2353 3423 2460 3457 non

1452 3480 1634 3532 timida
1649 3520 1666 3546 ,
1691 3480 1775 3533 vel
1808 3485 1852 3534 si
1882 3481 2028 3553 quod
2053 3482 2196 3534 aliud
2220 3502 2463 3536 commo·

1450 3560 1568 3614 dius
1608 3563 1785 3613 timori
1824 3561 2159 3633 adjungatur.
2183 3594 2256 3603 -
2281 3565 2463 3617 Nostri

1452 3641 1676 3695 Codices
1706 3641 1907 3713 fortia,
1950 3660 2059 3695 non
2104 3643 2333 3709 tumida,
2373 3664 2462 3697 ex-

1453 3734 1612 3794 cepto
1633 3723 1692 3773 R.
1720 3740 1786 3791 9,
1811 3724 1902 3793 qui
1920 3722 2179 3794 quandia,
2208 3738 2260 3775 et
2285 3725 2463 3791 Poul.,

1454 3806 1546 3874 qui
1581 3802 1795 3875 forcida
1815 3841 1833 3868 ‚
1880 3816 2166 3874 utrumque
2212 3803 2333 3858 loco
2381 3807 2466 3856 τοῦ

436 3879 487 3946 4.
508 3881 771 3946 Grandia,
794 3900 901 3935 non
918 3852 1155 3944 tumida;
1176 3886 1250 3936 sic
1269 3885 1375 3938 Go-
1441 3880 1632 3954 fortia.
1664 3882 1760 3933 Eu.

368 3956 686 4014 than.V0ss·
721 3978 768 4011 2.
802 3959 978 4012 Fortia
1012 3979 1064 4012 n.
1100 3972 1165 4028 t.,
1195 3962 1372 4014 Turic-

370 4035 507 4087 Flor.
524 4035 646 4107 (nisi
666 4037 809 4110 quod
829 4037 915 4091 hic
933 4038 1178 4110 tumidia)
1197 4038 1371 4091 Guelf.

371 4134 492 4168 cum
517 4115 653 4168 Alm.
682 4120 825 4170 Jeus.
860 4118 989 4171 Bad.
1018 4118 1193 4171 Fortia
1219 4139 1272 4171 n.
1305 4119 1376 4168 ti-

372 4192 515 4244 mida
528 4230 542 4257 ,
560 4194 711 4246 Tarv.
730 4196 912 4249 Locat.
927 4198 1061 4257 Ven.
1081 4197 1252 4250 Plena
1270 4215 1377 4248 non

1529 3959 1578 4014 5.
1599 3960 1751 4013 Ratio
1764 3999 1782 4026 ‚
1800 3962 1996 4012 omisso
2014 3970 2114 4026 est,
2133 3959 2294 4011 Goth.
2317 3962 2347 4012 J
2352 3978 2461 4014 ens.

1456 4053 1510 4092 et
1539 4042 1848 4111 posteriorr.
1889 4053 2011 4092 ante
2044 4039 2195 4092 Basil.
2214 4069 2282 4079 —
2300 4038 2361 4090 T&
2394 4052 2469 4094 est

1458 4123 1710 4173 omittunt
1729 4137 1943 4191 quoque
1953 4119 2090 4173 Van.
2107 4119 2199 4172 lib.
2217 4121 2323 4172 RB,
2345 4121 2394 4187 8,
2412 4138 2464 4190 9,

1458 4199 1606 4255 Poul.
1633 4201 1728 4275 Eo.
