3200 5159
782 471 909 554 452
1348 471 1443 540 M.
1484 469 1713 536 mnu
1750 469 2309 555 QUINTILIANI

779 592 1070 695 hujusce
1105 593 1423 665 doctrinae
1458 593 1835 691 loquacitas
1868 614 2074 685 erret,
2113 621 2388 667 necesse
2425 614 2560 686 est,
2599 616 2676 667 ut
2716 620 2872 694 quae

775 710 884 782 vel
928 708 1196 800 nulloS,
1226 708 1333 780 vel
1361 708 1564 781 falsos
1592 707 1804 780 duces
1832 707 2102 784 habeat.
2129 712 2294 783 Pars
2317 735 2476 782 vero
2505 710 2868 797 naturalis,

774 851 998 921 quum
1027 844 1128 896 est
1152 823 1243 895 ad
1277 822 1843 896 exercitationem
1873 822 2146 895 dicendi
2176 844 2368 895 tanto
2397 824 2653 896 caeteris
2687 823 2869 896 ube-

768 939 942 1028 rior,
981 960 1241 1037 quanto
1270 937 1529 1038 majore
1559 936 1808 1036 spiritu
1841 935 1926 1008 de
1951 936 2202 1009 divinis
2233 935 2470 1027 rebus,
2503 964 2720 1035 quam
2747 937 2867 1009 hu·

766 1055 996 1127 manis
1030 1052 1468 1151 loquendum
1499 1073 1632 1142 est,
1667 1072 1818 1122 tum
1844 1050 2034 1125 illam
2067 1052 2274 1124 etiam
2306 1054 2677 1144 moralem,
2713 1054 2865 1127 sine

764 1196 902 1267 qua
930 1168 1126 1242 nulla
1146 1195 1288 1241 esse
1307 1225 1327 1259 ,
1353 1188 1432 1240 ut
1451 1167 1821 1240 docuimus
1844 1180 1890 1258 ¹,
1919 1167 2135 1238 oratio
2158 1188 2406 1266 potest,
2440 1187 2655 1240 totam
2675 1195 2866 1240 com-

662 1315 720 1352 21
760 1286 1103 1387 plectitur.
1147 1287 1329 1358 Nam
1357 1284 1414 1356 si
1450 1284 1712 1382 regitur
1742 1283 2215 1382 providentia²
2247 1284 2595 1376 mundus,
2629 1283 2865 1356 admi—

758 1402 1118 1476 nistranda
1170 1421 1346 1474 certe
1397 1399 1602 1473 bonis
1663 1399 1824 1471 viris
1875 1401 2002 1472 erit
2046 1400 2466 1499 respublica:
2519 1401 2574 1473 si
2624 1401 2863 1474 divina

755 1519 1006 1590 nostris
1052 1517 1307 1588 animis
1355 1515 1589 1614 origo,
1642 1514 2128 1587 tendendum³
2171 1515 2260 1587 ad
2306 1516 2669 1608 virtutem;
2731 1542 2863 1589 nec

753 1632 1224 1732 voluptatibus
1253 1631 1505 1703 terreni
1541 1631 1845 1736 corporis
1876 1631 2347 1710 serviendum.
2396 1635 2504 1704 An
2534 1631 2679 1704 haec
2703 1659 2860 1730 'non

753 1749 1149 1847 frequenter
1174 1746 1486 1819 tractabit
1517 1746 1782 1819 orator?
1814 1748 1926 1819 An
1961 1748 2045 1819 de
2076 1752 2384 1846 auquriis
2397 1746 2452 1834 4,
2490 1755 2856 1847 νεῳοηείε,

754 1863 1084 1963 reliqione
1112 1863 1422 1962 denique
1453 1863 1689 1952 omni,
1722 1863 1809 1934 de
1843 1861 2100 1959 quibus
2130 1862 2430 1934 maxima
2455 1888 2634 1962 saepe
2665 1863 2738 1934 in
2767 1889 2861 1935 se·

753 2001 920 2052 natu
965 1979 1252 2053 consilia
1279 2000 1539 2052 versata
1573 1998 1773 2070 sunt,
1808 2005 1953 2050 non
1988 1979 2114 2051 erit
2150 1978 2214 2050 ei
2249 1978 2767 2071 disserendum,
2801 1978 2856 2051 si

753 2095 1075 2193 quidem,
1111 2116 1189 2167 ut
1229 2095 1435 2170 nobis
1479 2095 1740 2196 placet,
1775 2095 2053 2168 futurus
2097 2113 2197 2166 est
2234 2094 2338 2166 vir
2373 2093 2592 2166 civilis
2623 2092 2858 2166 idem?

749 2211 927 2301 Quae
963 2208 1311 2308 denique⁵
1349 2208 1642 2308 intelligi
1672 2207 1918 2283 saltem
1951 2228 2172 2308 potest
2204 2208 2605 2305 eloquentia
2631 2207 2856 2281 homi·

659 2355 722 2392 22
755 2325 865 2396 nis
894 2325 1159 2424 optima
1190 2324 1606 2398 nescientis?
1644 2326 1809 2396 Haec
1854 2323 1911 2397 si
1946 2323 2258 2396 ratione⁶
2293 2323 2664 2396 manifesta
2707 2352 2853 2398 non

758 2458 1014 2529 essent,
1051 2439 1379 2538 exemplis
1408 2459 1650 2511 tamen
1679 2439 2149 2511 crederemus:
2184 2438 2536 2537 siquidem
2562 2461 2628 2512 et
2659 2440 2858 2513 Peri·-

644 1009 665 1038 Χ

755 2663 1051 2734 remptim).
1085 2662 1312 2728 Hebeat,
1341 2666 1505 2717 Cnn’.
1539 2663 1620 2715 De
1655 2682 1760 2716 om.

753 2743 930 2794 Turio.
955 2741 1136 2793 Ambr.
1162 2758 1189 2793 2
1205 2779 1221 2806 ‚
1245 2743 1419 2796 Guelf.
1449 2744 1615 2795 Cure.
1639 2743 1766 2795 Eto-

752 2822 1014 2895 quendum
1029 2834 1102 2876 est
1113 2860 1130 2888 ,
1150 2824 1328 2875 Turic.
1347 2823 1484 2877 Flor.
1502 2823 1684 2876 Ambr.
1705 2840 1732 2875 α
1746 2861 1763 2891 ,

753 2900 930 2955 Guelf.
954 2902 1120 2953 Cute.
1139 2918 1261 2953 cum
1279 2906 1431 2955 Voss.
1453 2903 1503 2955 3.
1534 2902 1638 2956 Sed
1658 2901 1764 2955 huc

1842 2663 2000 2715 Idem
2024 2665 2218 2716 omittit
2239 2665 2400 2716 Cant.
2434 2692 2508 2703 —
2527 2665 2709 2716 Nostri
2737 2665 2856 2736 Ῐωιι

1842 2743 2182 2818 άεαιιςιινὶἰε,
2199 2763 2309 2797 exc.
2329 2744 2431 2794 RB.
2452 2760 2511 2813 7,
2535 2760 2552 2794 ι
2570 2758 2587 2794 ι
2607 2781 2624 2810 ,
2640 2745 2854 2816 quijam

1843 2822 1906 2872 de
1922 2840 2199 2894 augurum.
2225 2825 2326 2873 Pro
2346 2821 2494 2873 omni
2514 2820 2665 2873 Poul.
2687 2825 2857 2875 omni-

1846 2899 1952 2952 bus.
1978 2900 2069 2950 En.

756 3001 866 3033 non
904 2980 1111 3034 videtur
1154 2981 1329 3034 facere
1375 2985 1762 3055 compositum;

754 3059 875 3112 vide
887 3060 988 3124 IX,
1003 3059 1064 3126 4,
1082 3061 1197 3129 147.
1211 3089 1279 3098 --
1293 3060 1638 3132 Quoequidem
1655 3077 1766 3112 ora-

759 3138 830 3190 tio
868 3149 943 3191 est
977 3157 1105 3190 vere.
1135 3139 1335 3191 Eodem
1366 3138 1503 3192 redit
1529 3138 1640 3192 haec
1678 3159 1765 3193 ex-

758 3218 934 3289 ceptio
947 3255 964 3283 ,
984 3235 1091 3289 quo
1112 3215 1262 3270 locus
1282 3216 1494 3287 elegans
1514 3220 1589 3283 X,
1608 3235 1659 3287 7,
1681 3235 1700 3269 1
1713 3235 1761 3271 2.

755 3298 884 3350 Mox
917 3309 1092 3349 autem
1122 3315 1219 3367 pro
1258 3299 1475 3367 “ignara
1497 3298 1710 3370 quidem
1735 3321 1757 3347 n

757 3376 933 3428 malim
948 3415 966 3442 ‚
993 3398 1016 3422 ι
1032 3378 1211 3446 ignara
1235 3377 1490 3448 quoedam.
1508 3402 1531 3426 u

833 3473 878 3508 t.
912 3456 982 3509 Ut
1001 3455 1286 3510 docuimus.
1313 3455 1480 3509 Modo
1507 3455 1554 3528 ς.
1586 3456 1667 3511 15.

831 3554 880 3588 ει.
919 3536 976 3588 Si
1013 3535 1208 3610 regitur
1236 3536 1582 3608 providentia.
1630 3534 1764 3590 Vide

749 3619 852 3684 ΠΙ,
878 3616 942 3678 5,
966 3615 1017 3668 6.
1633 3611 1664 3620 ““

827 3698 878 3749 3.
912 3693 1252 3746 Tendendum
1274 3692 1346 3744 ad
1367 3693 1627 3746 vir-tutem.
1657 3693 1764 3746 Tu-

748 3779 942 3830 riceus.
966 3774 1320 3844 (quamquam
1342 3771 1429 3825 hic
1450 3772 1731 3825 tenendum
1743 3812 1761 3840 ,

755 3873 878 3907 cum
901 3852 1077 3922 Flor.)
1097 3850 1289 3917 Cum,
1317 3851 1390 3902 ad
1405 3851 1520 3903 virt.
1544 3851 1763 3904 tenden-

751 3932 894 3985 dum.
931 3934 990 3984 ln
1019 3931 1197 3983 Turio.
1222 3944 1397 3983 tamen
1426 3942 1609 3982 noster
1629 3928 1761 3983 ordo

741 4030 849 4083 per
869 4023 1052 4063 notam
1079 4011 1370 4080 reponitur.

823 4086 875 4154 4.
896 4087 983 4141 Art
998 4088 1334 4161 deauqurt't’s5
1355 4089 1429 4139 sic
1452 4087 1613 4140 Cnn’.
1634 4087 1762 4140 Jam

746 4168 810 4222 d.
831 4188 880 4222 a.
893 4207 912 4237 9
927 4165 1133 4239 reliqui.
1158 4165 1474 4222 Fatus-ossea
1496 4168 1603 4234 vir,
1619 4167 1758 4221 Flor.

1916 2978 1964 3032 5.
1995 2979 2124 3049 Quoe
2142 2979 2420 3051 denique...
2445 2978 2646 3032 saltem.
2670 2980 2857 3047 Quum

1842 3058 2187 3128 interrogatio
2230 3061 2296 3109 sit
2323 3060 2487 3110 instar
2530 3063 2858 3131 negationis,

1842 3135 2000 3189 facile
2041 3136 2352 3206 intelligitur
2401 3135 2583 3190 saltem
2604 3179 2624 3207 ,
2671 3140 2857 3194 valens

1844 3213 2073 3287 quidem.
2105 3213 2234 3266 Vide
2255 3218 2350 3280 Vl,
2376 3215 2436 3282 5,
2474 3215 2551 3268 15.

1915 3294 1966 3347 6.
1987 3285 2224 3346 Rdtione.
2241 3296 2416 3347 Turic-
2441 3295 2583 3348 Flor.
2600 3296 2780 3350 Ambr.
2799 3315 2854 3365 2,

1844 3373 2113 3427 Guelferb.
2134 3373 2294 3427 Goth.
2315 3376 2441 3447 (tac.
2467 3376 2652 3449 Geso.)
2669 3379 2856 3447 Caum,

1845 3454 2052 3507 rationi.
2070 3455 2343 3509 Turicens.
2368 3455 2529 3522 flor„
2551 3456 2732 3510 saltem
2753 3479 2854 3532 pro

1843 3543 2048 3597 tamen,
2074 3551 2195 3585 cum
2212 3533 2352 3586 Alm.
2382 3536 2668 3602 Periclem,
2693 3556 2856 3591 accu-

1845 3614 2010 3666 sativo
2057 3631 2306 3679 romano,
2349 3614 2418 3667 ad
2461 3634 2625 3669 unum
2668 3636 2854 3671 omne·

1844 3693 1974 3755 mei;
2003 3709 2168 3762 quare
2204 3692 2336 3745 nihil
2364 3707 2567 3748 mutare
2599 3713 2718 3748 sum
2756 3714 2855 3748 au·

1844 3789 1952 3822 sus.
1999 3771 2382 3838 Perveneram,
2420 3774 2620 3838 Caum
2657 3773 2850 3849 placet.

1839 3851 2158 3904 Historicum
2173 3853 2332 3907 etiam
2350 3855 2666 3908 uberrimum
2677 3893 2697 3922 ‚
2721 3857 2862 3910 Tur?

1841 3930 1883 3982 F
1884 3931 1982 3983 lor.
2009 3945 2335 4003 postremum
2360 3954 2481 3988 cum
2505 3934 2641 3988 Alm.
2665 3937 2851 3990 Etim

1843 4014 2038 4065 omittit
2058 4014 2220 4066 Cant.
2244 4034 2366 4068 cum
2393 4015 2554 4069 Goth.
2577 4047 2648 4058 —-
2665 4017 2848 4070 Nostri

1843 4089 2063 4158 rationi,
2088 4105 2294 4165 except.
2319 4094 2381 4146 R.
2405 4094 2470 4162 3,
2505 4096 2597 4166 qui
2624 4093 2845 4149 tutione.

1839 4167 2005 4223 Iidem
2028 4181 2219 4224 tamen.
2245 4173 2340 4226 En.
