3200 5159
761 464 886 530 508

1323 466 1414 528 M.
1457 463 1683 528 meu
1722 462 2285 545 Qnm‘rlmml

757 588 950 660 enim
983 588 1315 661 recedunt
1345 615 1387 660 a
1414 586 1839 686 praeparatis,
1870 606 1937 658 et
1959 606 2100 658 tota
2123 586 2396 658 actione
2425 600 2440 629 ¹
2479 585 2856 683 respiciunt

756 703 1296 801 requiruntque,
1323 730 1497 774 num
1528 701 1799 801 aliquid
1825 730 1904 773 ex
1933 701 2071 773 illis
2097 700 2434 772 intervelli
2457 714 2511 789 ³,
2542 721 2745 798 atque
2775 726 2858 771 ex

755 838 1070 917 tempore
1106 817 1423 890 dicendis
1459 817 1670 890 inseri
1701 817 1950 916 possit:
1986 816 2177 914 quod
2203 816 2259 888 si
2287 816 2437 905 fiat,
2474 843 2616 887 non
2648 814 2854 886 cohae-

702 916 709 923 ’
751 953 884 1022 ret,
921 960 1050 1004 nec
1084 934 1561 1006 commissuris
1595 934 1843 1023 modo,
1884 954 1962 1004 ut
2009 933 2082 1004 in
2124 960 2331 1031 opere
2363 931 2548 1003 male
2575 932 2860 1032 juncto*

649 1052 711 1106 18
749 1044 1146 1137 hiantibus,
1190 1047 1311 1119 sed
1352 1047 1507 1146 ipsa
1552 1046 1798 1119 coloris
1834 1046 2300 1144 inaequalitate
2339 1044 2703 1144 detegitur.
2755 1047 2860 1115 Ita

749 1189 879 1235 nec
900 1162 1121 1235 liber3
1158 1187 1260 1237 est
1280 1164 1591 1262 impetus
1609 1221 1629 1253 ,
1657 1189 1786 1235 nec
1809 1189 1972 1235 cura
2004 1183 2357 1252 contexta3
2384 1182 2450 1234 et
2478 1182 2854 1257 utrumque

747 1276 943 1349 alteri
992 1277 1214 1350 obstat
1252 1306 1266 1349 ι
1319 1276 1440 1348 illa
1488 1279 1682 1349 enim
1700 1274 1756 1369 4,
1806 1304 1958 1374 quae
2006 1278 2256 1376 scripta
2302 1297 2509 1365 sunt,
2562 1274 2856 1346 retinent

748 1393 1104 1484 animum,
1125 1420 1266 1465 non
1286 1414 1705 1490 sequuntur:
1732 1392 1968 1490 itaque
1986 1392 2059 1461 in
2078 1390 2187 1462 his
2199 1389 2594 1463 actionibus
2609 1387 2864 1474 ⁵0mni‚.

743 1553 1270 1625 plusquamperfecto
1313 1569 1456 1606 certe
1503 1567 1625 1626 post
1670 1551 1762 1603 illa

742 1643 983 1702 possunt,
1010 1642 1218 1698 noceat,
1262 1631 1412 1684 locus
1438 1631 1616 1683 nullus
1642 1649 1756 1683 esse

741 1703 937 1784 potest.
964 1713 1198 1781 Reposui
1220 1714 1398 1784 itaque
1423 1725 1758 1764 constantem

742 1790 1000 1844 Codicum
1046 1793 1360 1862 scripturam
1408 1791 1758 1863 eamdemque

741 1871 1092 1940 grammaticae
1122 1871 1312 1921 rationi
1353 1889 1510 1942 quam
1535 1872 1760 1922 maxime

745 1961 1185 2012 consentaneam,
1208 1965 1395 2019 parum
1421 1966 1614 1999 curans
1633 1946 1761 1998 deli-

744 2029 851 2079 cias
876 2046 1086 2092 eorum,
1114 2028 1202 2097 qui
1228 2028 1504 2098 repetitam
1521 2026 1761 2078 termina-

748 2109 948 2158 tionem
966 2108 1070 2158 rint
1090 2105 1335 2158 videntur
1349 2124 1456 2157 non
1479 2103 1680 2157 tulisse.
1693 2136 1762 2144 ——

741 2185 926 2237 Nostri
927 2185 1137 2256 fuerint
1145 2224 1163 2251 ,
1175 2185 1509 2248 occurrerint,
1527 2201 1639 2235 exc.
1653 2183 1759 2234 Ru.

744 2264 805 2331 3,
826 2261 887 2328 5.,
917 2265 1006 2334 qui
1013 2262 1267 2333 fuerant,
1298 2271 1634 2313 occurrerent.
1666 2263 1759 2311 En.

822 2360 865 2395 1.
897 2343 947 2393 T
943 2353 1029 2394 ota
1043 2344 1266 2395 actione.
1299 2341 1475 2393 Guelf.
1495 2340 1762 2407 Gothan.,

745 2431 870 2472 nota
906 2421 1142 2485 actione,
1175 2439 1297 2471 cum
1332 2423 1487 2471 Voss.
1522 2436 1576 2485 ι,
1609 2438 1670 2483 2,
1700 2421 1762 2484 3,

742 2501 903 2553 Joan.
925 2501 1069 2551 Jeus.
1111 2512 1163 2551 et
1191 2498 1311 2551 edd.
1344 2513 1465 2551 ante
1491 2498 1611 2551 Ald.
1643 2498 1762 2550 Ali-

736 2573 911 2651 quod,
928 2580 1103 2629 Turio.
1132 2579 1277 2627 Inter
1296 2577 1421 2628 belli
1437 2587 1616 2647 atque,
1633 2580 1757 2629 Tur.

745 2653 1024 2706 Inter-valli
1055 2674 1105 2706 a.
1122 2692 1140 2719 ,
1175 2654 1349 2706 Guelf.
1378 2673 1497 2706 cum
1527 2657 1681 2708 Voss.
1714 2673 1759 2722 t,

744 2735 797 2787 3.
825 2731 1124 2786 Intervallis
1138 2752 1217 2797 a.,
1238 2732 1400 2785 Goth.
1423 2735 1582 2786 Cane.
1610 2735 1755 2786 Jens.

746 2826 800 2864 et
834 2810 953 2863 edd.
998 2824 1120 2864 ante
1150 2814 1325 2863 Burm.
1362 2814 1453 2883 qui
1484 2831 1513 2864 e
1544 2813 1697 2865 Voss.
1728 2833 1755 2863 2

743 2906 984 2945 nostrum
1003 2893 1232 2963 recepit,
1258 2891 1403 2963 quod
1423 2906 1500 2944 est
1526 2894 1683 2944 etiam
1702 2894 1754 2944 in

740 2971 882 3024 Flor.
923 2984 977 3023 et
1004 2973 1309 3041 agnoscitur
1345 2972 1399 3023 in
1428 2971 1606 3023 Turic-
1633 2989 1756 3022 cor-

739 3047 964 3121 ruptela.
991 3048 1275 3119 vulgatum
1309 3048 1437 3100 olim
1468 3049 1757 3102 intervallis

740 3128 1041 3182 Obrechtus
1081 3141 1344 3181 commate
1380 3147 1491 3180 non
1513 3142 1638 3201 post
1663 3129 1780 3180 sed=

741 3221 864 3260 ante
888 3206 994 3258 hoc
1017 3206 1336 3259 vocabulum
1368 3209 1544 3278 posito
1576 3209 1751 3260 sensui

738 3283 1081 3338 commodum
1098 3285 1321 3340 reddere
1339 3287 1603 3339 tentabat:
1623 3288 1755 3338 frus·

736 3381 833 3418 tra.
857 3365 1108 3433 Dicendi,
1132 3365 1307 3418 T'uric.
1327 3363 1466 3418 Flor.
1488 3366 1752 3432 Dicentis,

736 3444 913 3498 Guelf.
938 3445 1149 3509 Inseret,
1172 3448 1323 3497 Voss.
1359 3462 1404 3510 t,
1437 3465 1484 3498 2.
1515 3447 1748 3509 Possunt,

739 3524 918 3575 Turio.
947 3522 1085 3584 Flor.
1120 3522 1271 3593 Quod
1298 3543 1402 3574 om.
1428 3524 1605 3577 Guelf.
1632 3543 1754 3576 cum

738 3602 895 3654 Voss.
943 3618 986 3652 1.
1019 3601 1241 3668 Vincta,
1283 3601 1447 3654 Cau».
1481 3630 1551 3640 —-·
1574 3603 1755 3655 Nostri

737 3681 908 3733 codd.
928 3719 945 3747 ,
965 3690 1090 3732 nota
1112 3680 1349 3745 actione,
1377 3700 1488 3733 exc.
1505 3681 1639 3734 Van.
1661 3682 1750 3734 lib.

739 3779 769 3812 a
795 3779 899 3813 see.
920 3779 1081 3812 manu
1104 3762 1349 3830 antiqua,
1364 3763 1457 3832 qui
1482 3761 1630 3813 solus
1644 3772 1754 3813 tota

738 3840 960 3893 actione.
987 3840 1114 3890 Mox
1130 3837 1218 3890 alii
1242 3839 1530 3904 intervelli,
1559 3839 1647 3892 alii
1668 3842 1754 3892 in-

741 3918 976 3984 terualli,
1003 3916 1091 3968 alii
1111 3916 1416 3971 intervallis.
1438 3920 1584 3970 Avic.
1606 3918 1751 3970 Poul.

736 3998 927 4062 mm,
950 3996 1009 4062 5,
1035 4013 1114 4061 to,
1134 4013 1186 4048 ιι
1216 3992 1270 4048 eri
1294 3996 1434 4070 qnod
1455 4011 1576 4049 ante
1595 3994 1756 4069 sifiat

744 4079 1012 4127 omittunt.
1038 4077 1134 4127 En.

809 4173 857 4206 α.
881 4153 1170 4206 Inter-velli.
1194 4154 1576 4207 Intervellendi
1598 4175 1758 4208 voca·

1845 1552 2032 1604 bulum
2069 1555 2122 1603 in
2156 1551 2337 1605 lexicis
2358 1552 2482 1602 satio
2503 1549 2816 1621 explicatum
2839 1585 2866 1613 ‚,

1844 1645 2021 1681 aetum
2046 1630 2286 1701 designat
2316 1628 2535 1680 tollendi
2563 1646 2623 1679 ex
2652 1628 2853 1696 integro

1845 1709 2025 1780 aliquo
2064 1727 2128 1760 ea
2153 1727 2267 1779 quae
2296 1708 2457 1759 nimia
2494 1705 2766 1766 videntum
2808 1718 2858 1756 et

1844 1790 1916 1840 ita
1942 1789 2051 1840 fere
2076 1802 2388 1859 usurpatum
2409 1799 2489 1838 est
2512 1803 2672 1856 supra
2697 1784 2742 1833 X
2760 1821 2778 1849 ,
2796 1801 2854 1853 7,

1844 1865 1893 1919 5.
1944 1865 2085 1918 Alias
2126 1867 2284 1936 igitur
2320 1863 2510 1917 avulsae
2544 1862 2643 1914 iuae
2679 1876 2854 1933 partes

1842 1945 2164 2017 abjiciuntur
2180 1966 2194 1995 ε
2219 1943 2308 1995 hic
2332 1960 2457 1994 vero
2485 1939 2748 1993 intervelli
2766 1959 2856 2011 per

1843 2037 2208 2095 contemptum
2238 2022 2466 2093 aliquem
2490 2019 2682 2071 dicitur
2703 2018 2772 2071 de
2795 2021 2856 2071 iis

1844 2122 1959 2175 quae
1983 2101 2051 2154 ad
2083 2121 2235 2153 usum
2259 2102 2450 2172 raptim
2479 2111 2852 2169 excerpuntur.

1913 2183 1964 2235 3.
1973 2181 2120 2234 Liber
2128 2181 2366 2252 impetus,
2379 2181 2573 2231 omisso
2583 2188 2677 2241 est,
2689 2177 2853 2229 Canu».

1847 2264 2028 2333 Optat,
2044 2259 2219 2312 Guelf.
2241 2259 2316 2311 Iis
2333 2258 2648 2323 actionibus,
2672 2259 2850 2308 Turic.

1843 2340 2003 2393 Goth.
2020 2339 2147 2411 (tac.
2158 2339 2318 2392 Gesn.
2329 2338 2351 2410 )
2364 2336 2621 2413 Agricolae
2634 2336 2823 2389 debent
2833 2373 2852 2401 ‚

1842 2418 2002 2473 Goth.
2030 2421 2164 2484 (tac.
2189 2416 2397 2486 Gesn.).

1913 2499 1964 2565 4.
2003 2496 2112 2549 Illa
2154 2497 2353 2549 enim...
2402 2515 2510 2547 non
2550 2506 2850 2567 sequuntur.

1841 2579 1971 2647 Quae
1994 2590 2285 2649 praeparata
2311 2589 2458 2641 sunt,
2500 2577 2725 2627 retinent
2742 2576 2855 2626 ani-

1842 2675 2012 2723 mum,
2038 2655 2239 2707 durnin
2268 2654 2322 2706 id
2352 2657 2527 2726 ipsum
2554 2656 2742 2708 intenti
2761 2674 2851 2707 su·

1839 2754 1983 2801 mus,
2002 2748 2061 2787 ut
2086 2737 2389 2787 memoriter
2405 2754 2468 2787 ea
2491 2736 2853 2806 profer-amum

1839 2825 1953 2888 qhxoe
1979 2834 2042 2866 ex
2079 2829 2318 2887 tempore
2358 2813 2640 2880 dicuntur,
2682 2813 2849 2866 libere

1837 2908 2118 2965 vagantem
2138 2896 2372 2945 animum
2387 2895 2536 2966 quasi
2553 2905 2852 2965 sequnntur.

1835 2972 2095 3024 Contu-arii
2135 2985 2313 3024 motus
2350 2995 2361 3022 ε
2413 2973 2595 3043 qui28e
2623 2973 2848 3023 invicem

1837 3049 2048 3103 tollunt.
2097 3052 2440 3102 Manifestum
2468 3050 2610 3103 hunc
2637 3050 2853 3118 Quinti-

1836 3131 1963 3183 liani
1987 3149 2199 3184 sensum
2228 3144 2336 3182 tam
2359 3149 2545 3202 parum
2572 3142 2847 3182 assecutus

1837 3223 1917 3261 est
1953 3208 2255 3263 Obrechtus
2271 3246 2288 3275 ,
2333 3222 2392 3260 ut
2436 3207 2669 3261 nefando
2719 3225 2850 3259 auso

1834 3290 1992 3362 plane
2021 3292 2381 3362 intervertet-et
2415 3307 2536 3341 eum
2566 3285 2848 3339 scribendo

1834 3386 1898 3420 ex
1925 3370 2232 3439 conjectura
2267 3390 2279 3418 x

1841 3470 1863 3493 αι
1885 3450 2080 3520 scripta
2111 3460 2265 3510 sunt,
2307 3449 2536 3499 retinent
2581 3447 2854 3507 animum;

1842 3549 1864 3572 αι
1885 3544 1999 3597 quae
2037 3546 2100 3579 ex
2138 3541 2377 3597 tempore
2418 3523 2642 3577 dicenda
2684 3538 2810 3577 sunt
2831 3561 2848 3588 ‚

1842 3629 1864 3652 α
1888 3625 1995 3659 non
2026 3620 2336 3678 sequuntur.
2359 3629 2384 3653 o

1907 3684 1956 3738 5.
2010 3684 2224 3736 Omni...
2272 3683 2405 3755 pede
2453 3681 2697 3735 standum
2759 3693 2847 3734 est.

1834 3765 2077 3818 Graecum
2099 3761 2189 3830 ἕλᾳ
2208 3762 2325 3814 voti
2347 3762 2486 3813 idem
2510 3761 2850 3834 proverbium

1836 3862 1951 3896 esse
1963 3881 1980 3908 ‚
1995 3862 2151 3896 nemo
2164 3842 2484 3895 dubitaverit
2496 3864 2511 3905 ;
2528 3860 2850 3914 quamquam

1835 3941 1948 3978 non
1968 3925 2095 3975 satis
2120 3922 2186 3975 ad
2211 3935 2448 3975 nostrum
2474 3921 2654 3973 locum
2673 3939 2851 3991 appo-

1836 4005 1933 4055 site
1971 3998 2048 4070 im,
2082 3999 2273 4068 δυνάμει
2312 3999 2444 4053 illud
2471 4015 2701 4073 exponat
2731 4002 2850 4053 Sui-

1837 4078 1959 4145 ἄεις,
1999 4093 2052 4131 et
2072 4078 2230 4151 plane
2260 4081 2436 4152 inepte
2468 4077 2752 4148 Apostoles
2777 4076 2845 4128 de

1838 4156 2105 4210 celeritate
2129 4157 2319 4228 agendi
2343 4156 2615 4228 intelligat.
2645 4160 2846 4210 Vocem

2332 3389 2354 3413 οι
2381 3366 2473 3419 Illa
2516 3369 2684 3431 enim,
2732 3384 2847 3436 quae
2948 3405 2955 3416 .
