3200 5159
763 380 884 460 104

1227 411 1236 420 ·
1318 380 1413 446 M.
1451 383 1680 448 FABII
1719 382 2280 468 QUINTILIANI

753 501 886 574 hoc
908 516 926 548 ¹
973 528 1180 601 opere
1232 504 1534 577 Platonis
1586 506 1882 580 aemulus
1932 506 2180 579 exstitit
2209 533 2223 578 :
2260 506 2621 605 egregius²
2649 526 2849 592 vero,

752 614 1154 716 multoque,
1184 646 1399 717 quam
1432 621 1504 692 in
1538 621 1962 693 orationibus
1981 620 2034 711 3,
2070 619 2496 720 praestantior
2527 616 2849 702 4Brutus,

753 730 1030 803 suffecit
1049 730 1077 776 ⁵
1113 733 1452 831 ponderi⁶
1477 763 1706 807 rerum
1727 767 1746 824 ;
1777 736 1945 809 scias
1970 763 2136 808 eum
2167 736 2451 826 sentire,
2481 760 2639 833 quae
2662 730 2849 803 dicit.

758 1008 865 1078 Qui
892 1010 1375 1075 ubi,'1'uric.;·sed
1403 1032 1433 1066 a
1461 1033 1566 1067 sec.
1603 1033 1765 1067 manu

754 1098 816 1138 ut
837 1048 1045 1160 ubique.
1070 1090 1231 1143 Goth.
1258 1092 1393 1160 (tac.
1419 1095 1580 1146 Gesn.
1593 1093 1689 1167 )q.
1716 1106 1767 1146 et

755 1166 948 1238 ubique
974 1166 1056 1238 (et
1084 1188 1182 1241 pro
1211 1171 1365 1222 etiam
1398 1172 1453 1223 in
1485 1172 1582 1224 hoc
1610 1191 1764 1238 mox,

754 1248 881 1297 item
897 1260 998 1299 tac.
1015 1249 1204 1316 Gesn„
1224 1263 1274 1303 et
1293 1250 1349 1302 in
1369 1249 1495 1317 hoc,
1516 1250 1618 1304 sibi
1637 1271 1764 1304 con·

635 1353 644 1360 ·
756 1324 925 1394 stans)
947 1345 1068 1378 cum
1093 1331 1246 1380 Voss.
1278 1346 1325 1381 2.
1354 1328 1456 1381 Sed
1485 1332 1685 1397 Cium,
1710 1351 1762 1405 q.

757 1415 819 1455 ut
841 1405 1055 1477 ubique,
1083 1420 1134 1458 et
1159 1408 1232 1459 sic
1252 1407 1470 1478 reliqui,
1488 1411 1541 1461 in
1562 1426 1665 1479 qua
1687 1427 1768 1460 ra-

756 1484 903 1534 tione
938 1502 1123 1553 parum
1162 1498 1309 1554 grate
1346 1486 1665 1539 subauditur
1698 1496 1773 1540 est

756 1561 828 1614 ad
841 1562 994 1613 idem.
1010 1592 1080 1602 -
1095 1564 1290 1616 Eadem
1308 1569 1476 1618 nostri
1489 1588 1504 1630 ;
1522 1580 1769 1638 praeterea

758 1641 907 1694 solus
931 1644 1064 1692 Prat.
1079 1680 1095 1708 ,
1114 1643 1210 1714 qui
1236 1645 1543 1719 ubicunque.
1569 1648 1664 1699 En'.

841 1737 886 1771 1.
922 1720 1100 1772 Etiam
1139 1722 1195 1773 e‘n
1236 1723 1348 1776 hoc.
1385 1726 1523 1778 Leve
1555 1744 1681 1777 saue
1716 1727 1771 1777 iu

759 1797 864 1851 hac
894 1801 1133 1852 oratione
1156 1803 1336 1854 vitium
1355 1841 1372 1869 ,
1396 1806 1547 1874 quasi
1571 1804 1772 1877 ubique

760 1873 998 1928 Platonis
1017 1880 1239 1931 maxime
1253 1881 1470 1934 aemulus
1486 1885 1550 1934 sit
1565 1884 1770 1938 Cicero.

765 1953 867 2006 Sed
903 1953 1006 2006 hoc
1041 1971 1100 2008 ut
1124 1959 1374 2011 vitaretur
1404 1960 1643 2032 longiore
1676 1980 1774 2013 an-

762 2034 937 2085 fractu
961 2054 1098 2104 opus
1123 2051 1250 2090 erat.
1272 2038 1476 2111 Nempe
1498 2054 1556 2091 ut
1576 2039 1774 2113 ubique

762 2113 1063 2166 Graecorum
1076 2120 1485 2187 praestantissimi
1497 2121 1776 2192 cujusque,

764 2192 838 2243 ita
864 2194 918 2243 in
941 2191 1047 2244 hoc
1073 2203 1235 2266 op'ere
1258 2196 1506 2250 Platonis.

843 2287 890 2321 a.
917 2270 1212 2342 Eqmyt'us..
1229 2276 1469 2328 ‚Bi-utus.
1500 2278 1650 2338 Hoc,
1681 2275 1777 2328 etsi

770 2346 1018 2417 iniquior,
1040 2349 1255 2403 Tacitus
1285 2355 1526 2423 agnoscit
1547 2353 1683 2406 Dial.
1710 2343 1779 2406 de

768 2424 940 2475 Oratt.
984 2441 1085 2480 21.
1131 2431 1391 2482 -Brutum
1428 2430 1779 2526 philosophie

776 2521 929 2556 «sure
961 2506 1336 2578 relinquamus.
1366 2510 1501 2562 Nam
1521 2549 1535 2575 ,
1565 2513 1620 2566 in
1643 2513 1779 2564 Ora-

778 2599 800 2625 «-
823 2579 1055 2635 tionibus
1076 2586 1330 2637 minorem
1356 2606 1469 2640 esse
1492 2588 1632 2640 fama
1656 2607 1780 2655 sua,

778 2678 802 2702 σι
824 2660 977 2710 etiam
995 2661 1338 2716 admiratores
1354 2669 1467 2735 ejus
1482 2666 1731 2719 fatentur.
1749 2690 1772 2715 υ

773 2736 904 2789 vide
924 2737 1010 2790 hie
1030 2740 1171 2792 Brut.
1195 2743 1244 2808 Ι,
1264 2760 1352 2814 97;
1373 2743 1437 2795 de
1456 2744 1625 2796 Finih.
1650 2747 1701 2810 1,
1724 2744 1778 2797 3.

844 2817 896 2869 3.
936 2819 1280 2874 Orationibus.
1320 2822 1588 2876 Guelferb.
1603 2861 1620 2891 ,
1659 2842 1778 2875 ora·

771 2896 978 2951 toribus.

845 2977 895 3043 4.
914 2977 1112 3030 Brutus.
1130 2980 1226 3030 nic
1243 2977 1637 3051 philosophiam
1654 2981 1782 3031 stoi-

773 3072 892 3108 cam
921 3069 1150 3108 sectatus
1180 3071 1289 3123 est,
1312 3059 1367 3109 in
1391 3077 1558 3131 eaque
1581 3057 1779 3110 multos

773 3132 937 3186 libros
961 3137 1193 3206 scripsit,
1218 3149 1277 3187 ut
1300 3135 1548 3209 colligere
1570 3137 1694 3190 licet
1718 3155 1781 3189 ex

774 3214 927 3284 epist.
954 3212 1021 3265 ad
1045 3216 1294 3267 Atticum.
1316 3218 1481 3268 Tuus.

846 3291 896 3344 5.
926 3293 1167 3366 Suffecit.
1200 3296 1307 3348 RR.
1341 3312 1430 3363 10,
1457 3313 1546 3364 12,
1567 3293 1778 3368 sufficit.

774 3373 933 3425 Male.
957 3376 1052 3426 En.

843 3454 897 3506 6.
932 3455 1175 3508 Ponderi.
1207 3456 1384 3507 Turic.
1418 3455 1557 3508 Flor.
1593 3452 1719 3526 (hic
1752 3475 1782 3509 a

771 3551 853 3605 pr.
878 3533 1061 3604 manu)
1081 3533 1337 3603 pondere,
1362 3552 1483 3584 cum
1507 3533 1645 3586 Alm.

848 3627 894 3680 7.
922 3611 1048 3662 Non
1067 3629 1254 3684 parum
1282 3608 1467 3664 multa.
1493 3611 1786 3665 Almelove-

772 3708 901 3743 num
934 3690 1103 3741 multa
1129 3690 1393 3742 volentem
1426 3691 1611 3744 tollere
1642 3706 1785 3746 recte

772 3771 992 3822 revincit
1009 3772 1337 3822 Burmannus
1349 3809 1367 3836 ,
1382 3770 1670 3825 amandans
1686 3772 1790 3825 lec·

769 3862 940 3901 torem
977 3848 1047 3902 ad
1073 3851 1175 3915 vl,
1211 3868 1274 3916 a,
1306 3848 1374 3910 3,
1401 3850 1495 3903 uhi
1527 3853 1784 3924 exemplis

770 3927 1126 3980 Ciceronianis
1169 3926 1408 3981 defendit
1455 3948 1610 3982 usum
1657 3949 1785 3984 nos-

773 4018 930 4059 trum.

601 863 718 932 -124
751 847 1034 945 Scripsit
1060 875 1205 920 non
1240 877 1492 950 parum
1523 852 1793 925 multa7
1833 852 2187 926 Cornelius
2213 852 2508 939 ⁸Celsus,
2540 851 2857 923 9Sextios

1846 1027 1940 1067 tus.
1977 1038 2000 1062 ι
2021 1017 2202 1068 Duo...
2232 1015 2447 1066 fuerunt
2473 1011 2650 1064 Sextii.
2680 1010 2751 1077 Q.
2773 1008 2853 1058 vi·

1849 1119 1872 1143 a
1893 1094 2086 1148 delicet
2117 1096 2323 1147 Sextius
2352 1106 2520 1165 pater,
2550 1092 2642 1162 qui
2670 1108 2698 1140 a
2727 1087 2852 1140 divo

1852 1199 1875 1222 ι
1892 1175 2038 1226 Julio
2060 1175 2225 1227 latum
2250 1174 2457 1225 clavum
2485 1172 2585 1224 sibi
2613 1169 2855 1221 oblatum

1816 1279 1827 1288 -
1851 1274 1873 1297 a·
1896 1254 2183 1314 recusavit,
2220 1262 2268 1302 et
2302 1252 2416 1320 ejus
2448 1249 2586 1301 filius
2603 1287 2621 1310 ,
2648 1245 2715 1298 de
2744 1263 2852 1317 quo

1851 1355 1874 1378 a
1896 1332 1951 1382 B.
1981 1333 2331 1404 Hieronymus
2361 1348 2501 1381 anno
2532 1346 2640 1398 quo
2671 1324 2856 1378 Chris-

1853 1424 2008 1461 «tum
2050 1423 2230 1462 natum
2274 1409 2467 1470 tradit,
2506 1406 2623 1459 hec
2658 1406 2854 1457 refert:

1855 1512 1878 1536 a
1896 1490 2102 1542 Sextius
2123 1486 2497 1561 Pythaqon’cus
2514 1481 2859 1557 philosophus

1855 1590 1878 1614 οι
1900 1567 2141 1620 nascitur.
2180 1568 2507 1627 Sextiorum,
2546 1575 2735 1635 praeter
2764 1561 2860 1613 Se-

1855 1670 1878 1693 a
1898 1664 2083 1698 necam
2104 1645 2159 1696 in
2178 1642 2429 1716 Epistolis
2449 1655 2502 1694 et
2524 1640 2669 1694 libris
2688 1638 2759 1691 de
2782 1641 2859 1689 ira

1856 1748 1879 1771 ιι
1900 1743 2071 1794 saepe,
2096 1736 2148 1774 et
2181 1741 2300 1792 cap.
2338 1720 2432 1773 ult.
2460 1721 2552 1773 lib.
2583 1720 2675 1772 vu
2704 1730 2861 1768 natu·

1857 1826 1880 1851 ιι
1902 1804 2086 1855 ralium
2103 1803 2473 1874 quaestionum,
2489 1795 2862 1862 meminitQu...

1858 1903 1947 1934 «c.
1975 1899 2020 1949 1,
2039 1881 2128 1934 lib.
2152 1881 2262 1931 X.
2287 1880 2539 1933 Nicolaus
2566 1877 2763 1941 Faber,
2794 1874 2863 1926 ad

1853 1962 2037 2014 Senec-
2060 1974 2194 2031 patr.
2215 1960 2500 2023 Controvq
2524 1958 2560 2011 l.
2586 1959 2659 2022 11,
2683 1957 2865 2021 pnes„

1856 2041 2005 2113 p.98
2027 2039 2146 2111 (ed.
2172 2041 2334 2091 Paris.
2362 2037 2528 2104 1613,
2556 2037 2648 2089 fol.
2660 2036 2699 2108 ).
2729 2035 2863 2087 Vide

1857 2122 1982 2172 etF.
1999 2122 2062 2171 A.
2073 2117 2329 2171 Wolflnm
2350 2116 2417 2169 ad
2433 2117 2648 2168 Sueton
2667 2112 2862 2168 Illustr.

1856 2198 2085 2252 Gramm.
2116 2197 2205 2263 18,
2226 2210 2278 2249 et
2296 2193 2672 2249 FabriciiBibl.
2693 2194 2860 2246 Graec.

1859 2278 1927 2330 ab
1956 2275 2168 2329 Harlete
2195 2287 2402 2328 auctam
2420 2311 2436 2339 ,
2459 2271 2563 2323 vol.
2596 2272 2653 2336 1,
2677 2288 2733 2340 p.
2758 2269 2867 2339 870

1860 2373 2006 2425 seqq.
2019 2352 2113 2405 Ille
2122 2352 2328 2430 Sengrae
2338 2354 2389 2403 in
2403 2361 2605 2423 quoestt.
2621 2347 2866 2400 naturali.

1859 2433 2006 2485 locus
2028 2432 2116 2483 hic
2141 2444 2248 2483 est:
2282 2455 2304 2478 a·
2325 2431 2618 2484 Sextiorum
2642 2446 2781 2480 nova
2811 2440 2867 2479 et

1864 2512 2112 2563 romani
2128 2510 2351 2562 'roboris
2383 2520 2523 2561 secta
2556 2509 2694 2558 inter
2720 2506 2868 2557 initia

1863 2614 1885 2638 ι
1906 2608 2031 2657 sua,
2046 2608 2206 2662 quum
2227 2606 2420 2659 magno
2450 2589 2653 2657 impetu
2675 2586 2871 2656 coepis-

1867 2691 1890 2716 σι
1911 2683 2018 2735 set,
2049 2671 2301 2721 exstincta
2326 2680 2422 2720 est.
2445 2691 2467 2716 ιι
2498 2664 2632 2718 Vide
2662 2679 2713 2717 et
2740 2664 2868 2716 Plu-

1861 2749 2028 2801 tarch.
2049 2747 2320 2818 Quomodo
2333 2744 2521 2799 sentias
2540 2754 2587 2795 te
2597 2741 2867 2816 profluere,

1859 2847 1914 2899 p.
1936 2845 2018 2898 77.
2041 2828 2179 2879 Loca
2200 2825 2267 2878 de
2287 2826 2461 2878 Sentio
2480 2822 2705 2895 plurima
2724 2820 2869 2893 apud

1861 2906 2112 2958 Senecam
2136 2905 2368 2957 invenies
2392 2906 2444 2954 iu
2470 2901 2648 2953 Indice
2668 2900 2752 2952 ed.
2776 2903 2868 2952 Pa-

1861 2987 1948 3037 ris.
1978 2983 2137 3047 1613,
2162 2982 2258 3034 fol.
2283 2982 2484 3032 Horum
2510 2980 2667 3048 igitur
2687 2976 2867 3049 philo-

1862 3062 2152 3135 sophorum
2167 3074 2381 3125 sectam,
2392 3056 2697 3132 Pythagorae
2711 3075 2869 3109 11111111-

1861 3141 1992 3205 lam,
2014 3141 2221 3212 scriptis
2241 3139 2529 3208 exprimere
2548 3148 2771 3187 conatus
2792 3147 2871 3187 est

1860 3223 1937 3282 ia,
1968 3221 2058 3290 qui
2091 3220 2262 3270 omnis
2294 3217 2405 3269 fere
2436 3214 2689 3266 doc-trime
2720 3232 2872 3264 com-

1861 3301 2145 3354 mentarios
2185 3295 2460 3349 adornavit
2498 3294 2700 3347 Celsus.
2738 3290 2870 3344 Vide

1861 3377 2052 3440 lib.11,
2077 3395 2194 3449 cap.
2225 3376 2316 3441 15,
2338 3378 2388 3443 3.
2419 3391 2502 3426 22.

1933 3473 1985 3527 9
2000 3458 2230 3516 Suetius,-
2246 3457 2321 3507 sic
2336 3454 2512 3505 Turic.
2529 3449 2669 3502 Flor.
2691 3447 2869 3501 Guelf.

1862 3537 2025 3588 01111».
2057 3552 2179 3586 eum
2207 3532 2337 3586 cod.
2368 3531 2735 3601 antiquissimo
2764 3530 2871 3580 Da·

1863 3615 2012 3667 nielis
2024 3613 2260 3684 (videvl,
2275 3629 2303 3663 a
2318 3651 2334 3679 ,
2356 3627 2373 3662 1
2392 3612 2442 3682 1)
2458 3623 2592 3662 teste
2607 3610 2724 3660 Nic.
2738 3605 2868 3660 Fab.

1864 3691 2012 3765 (vide
2038 3705 2130 3744 not
2162 3692 2394 3762 sapen).
2426 3687 2587 3742 Goth.
2617 3690 2772 3738 Voss,
2811 3703 2872 3750 2,

1868 3771 2017 3826 Bem.
2037 3785 2089 3825 et
2105 3770 2225 3824 edd.
2239 3784 2360 3823 aute
2371 3768 2490 3821 ΔΜ.
2504 3768 2729 3832 Sextius,
2739 3767 2869 3817 Tur.

1866 3869 1896 3903 a
1926 3871 2031 3903 sec.
2062 3870 2133 3902 m.
2155 3852 2230 3902 Ex
2249 3848 2387 3902 Alm.
2423 3848 2647 3900 affertur
2669 3845 2869 3898 Sextus.

1864 3932 1981 3984 Ald.
2001 3930 2124 3982 Rad.
2140 3968 2156 3995 ,
2171 3929 2415 4001 Sceptios.
2432 3928 2642 3980 EVoss.
2666 3943 2708 3988 1,
2722 3925 2877 3995 Scep-

1865 4013 1979 4062 tior.
2019 4009 2061 4059 E
2100 4010 2254 4059 Voss.
2298 4008 2331 4061 3
2354 4044 2370 4072 ,
2404 4006 2624 4059 scecte'os.
2668 4003 2876 4072 Reliqui

790 4105 798 4112 ·
844 4087 892 4139 Β.
919 4083 1185 4141 cornelius
1208 4077 1403 4157 Celsus,
1422 4089 1620 4143 Sextios
1641 4108 1782 4146 secu·
1860 4089 2120 4162 Scepu'cos
2136 4125 2156 4153 ,
2178 4104 2315 4159 -quae
2349 4085 2558 4139 videtur
2601 4077 2878 4136 Philandri
