3200 5159
727 430 852 497 532

1289 430 1384 495 M.
1423 430 1652 495 FABII
1690 430 2253 514 QUINTILIANI

725 555 1058 627 surdum¹
1104 554 1445 654 quiddam
1491 576 1557 627 et
1601 553 1982 627 barbarum
2027 557 2365 649 efficient,
2415 577 2486 630 et
2516 555 2704 629 velut
2749 551 2829 629 in

725 669 962 742 locum
1024 696 1263 762 earum
1319 667 1691 741 succedent
1752 669 1977 741 tristes
2031 692 2099 743 et
2149 671 2449 745 horridae
2484 729 2504 763 ,
2569 672 2836 770 quibus

623 815 692 869 ²9
728 788 993 860 Graecia
1031 805 1233 857 caret.
1264 787 1490 884 Nam*²
1532 805 1599 856 et
1635 783 1755 856 illa
1769 782 1824 876 3,
1853 812 2005 883 quae
2038 807 2138 858 est
2174 808 2358 860 sexta
2394 808 2788 862 nostrarum
2809 843 2830 877 ,

692 989 697 995 ·
724 972 855 1023 bent
895 985 949 1023 et
993 971 1333 1024 similitudine
1375 984 1552 1023 tamen
1594 989 1733 1041 prae-

726 1051 961 1104 cedentis
988 1053 1213 1104 nominis
1248 1054 1304 1104 in
1333 1070 1562 1103 errorem
1582 1049 1734 1102 illum

726 1131 794 1183 de
813 1132 985 1184 littera
1010 1152 1037 1182 z
1059 1131 1311 1184 lectorem
1331 1130 1609 1184 inducunt.
1641 1134 1734 1183 Est

724 1213 906 1281 itaque
944 1209 1033 1262 hic
1056 1229 1195 1262 unus
1219 1230 1248 1262 e
1285 1209 1736 1281 splendidioribus

724 1289 886 1355 locis,
909 1287 1001 1340 ubi
1024 1308 1052 1341 e
1076 1288 1201 1341 solis
1227 1291 1440 1359 optimis
1466 1287 1567 1340 illis
1590 1287 1735 1340 libris

724 1369 945 1437 insignis
990 1366 1321 1435 Quintiliano
1354 1366 1559 1419 medela
1595 1367 1738 1418 facta

728 1461 824 1501 est.
843 1446 1177 1518 Spaldingius
1196 1459 1249 1499 et
1269 1465 1397 1516 ego,
1418 1460 1539 1498 ante
1558 1449 1740 1518 inspe-

728 1541 845 1580 ctos
859 1526 997 1590 illos,
1013 1526 1169 1578 nobis
1185 1544 1636 1597 persuaseramus,
1651 1526 1743 1577 Ze-

725 1607 921 1680 phyros
934 1606 1076 1658 solos
1092 1606 1179 1658 hic
1195 1625 1226 1658 a
1242 1607 1425 1674 Quint.
1439 1607 1743 1657 nominatos

730 1704 863 1738 esse.
888 1714 959 1724 —
976 1685 1159 1736 Nostri
1182 1683 1351 1736 Codd.
1375 1683 1504 1734 dant
1532 1681 1619 1734 alii
1639 1683 1743 1733 Ze-

725 1764 909 1838 phyris
921 1776 972 1816 et
992 1764 1240 1835 zopyris,
1271 1762 1359 1814 alii
1378 1761 1631 1834 Zephyris
1645 1763 1745 1812 Zo-

726 1843 1026 1917 phyn'sque.
1049 1845 1143 1895 Eu.
1156 1873 1230 1882 —
1249 1843 1374 1912 Quoe
1388 1879 1404 1906 ,
1420 1841 1607 1893 litterae
1626 1859 1747 1909 ὅτω-

733 1941 824 1974 cae.
840 1921 1044 1974 Nostris
1064 1920 1270 1986 litteris,
1288 1940 1320 1971 v
1334 1920 1448 1992 etf,
1467 1921 1606 1971 sicut
1619 1919 1676 1970 fit
1692 1921 1746 1969 in

731 2019 850 2066 sue,
865 2018 1045 2065 mure,
1069 1998 1470 2070 Cumis5fama,
1485 1997 1643 2070 fure,
1658 1998 1746 2070 fe-

734 2078 925 2144 rende,
950 2088 1047 2129 etc.

814 2175 859 2209 1.
884 2157 1174 2212 Surdum...
1199 2157 1447 2242 efficient.
1472 2161 1744 2212 Turicens.

730 2237 998 2304 Florent„
1028 2238 1241 2292 mnium
1266 2234 1516 2312 quiddam
1545 2249 1596 2292 et
1620 2242 1667 2291 b.
1699 2258 1744 2291 e.

733 2336 948 2382 sonum,
973 2336 1094 2369 cum
1132 2316 1280 2369 Bodl.
1314 2321 1466 2370 Voss.
1510 2335 1569 2384 2,
1608 2316 1746 2368 vall.

733 2393 862 2447 Bad.
893 2395 1044 2446 Basil.
1071 2407 1124 2446 et
1151 2395 1354 2466 aliquot
1376 2415 1464 2467 ap.
1490 2398 1669 2447 Burm.
1696 2409 1750 2447 et

735 2474 884 2527 Gibs.
910 2491 1022 2526 acc.
1048 2473 1210 2525 Cam».
1241 2475 1342 2525 nisi
1371 2473 1517 2544 quod
1545 2473 1633 2525 hic
1659 2473 1750 2525 dat

738 2552 983 2625 quidam,
1004 2550 1147 2602 unde
1161 2554 1304 2602 Jens.
1328 2564 1379 2602 et
1408 2553 1497 2621 qui
1522 2571 1644 2604 eum
1670 2570 1752 2603 se-

740 2649 886 2702 quun
893 2643 996 2695 tur,
1006 2631 1207 2681 faciunt
1220 2628 1750 2699 quidem.Primariam

738 2711 887 2763 illam
920 2710 1233 2780 scripturam
1262 2726 1370 2759 non
1403 2707 1542 2760 male
1575 2722 1753 2761 tuetur

738 2788 870 2842 Bad.
908 2784 1282 2856 distinguendo
1307 2800 1431 2857 post
1465 2786 1750 2859 quiddam,

744 2865 798 2922 et
818 2866 953 2920 illud
973 2877 1026 2918 et
1043 2864 1436 2937 interpretando
1457 2866 1513 2915 id
1529 2878 1615 2918 est.
1635 2865 1754 2918 Infi-

745 2960 861 3001 ceta
903 2960 1079 2998 tamen
1107 2957 1343 2996 remanet
1371 2963 1664 3016 compago:
1703 2959 1755 2997 et

741 3027 902 3098 longe
943 3024 1221 3078 rotundior
1260 3042 1430 3076 sermo
1460 3037 1540 3076 est
1575 3026 1632 3076 in
1670 3044 1754 3077 re-

745 3119 929 3176 cepta,
956 3124 1069 3176 quae
1092 3103 1248 3156 bonis
1272 3116 1325 3155 et
1351 3105 1465 3174 ipsa
1483 3105 1669 3155 nititur
1690 3103 1756 3155 li-

739 3185 1757 3255 bris.Videtnritaquevoxsonumvetus

653 3313 659 3319 .
745 3284 862 3320 esse
888 3266 1432 3335 interpretamentum.
1470 3264 1543 3314 Et
1569 3262 1756 3328 velud,

745 3347 924 3399 Turic.
950 3344 1054 3396 Sed
1076 3364 1123 3395 v.
1144 3383 1161 3410 ,
1197 3342 1374 3395 Guelf.
1403 3343 1565 3395 CAnn’.
1590 3342 1755 3395 Goth.

748 3428 888 3497 (tac.
919 3422 1117 3492 Gesn.)
1144 3440 1265 3474 cum
1292 3425 1444 3474 Voss.
1483 3440 1531 3473 2.
1566 3421 1758 3474 Succe-

744 3507 893 3571 dere,
912 3504 1090 3554 Turic.
1110 3500 1254 3552 Flor.
1277 3519 1396 3552 cum
1418 3499 1556 3552 Alm.
1577 3501 1758 3553 Succe-

745 3585 912 3650 dunt,
940 3580 1115 3633 Guelf.
1150 3581 1317 3631 Cum
1349 3578 1509 3632 Goth.
1540 3581 1685 3633 Jens.
1709 3594 1762 3633 et

746 3675 973 3737 posterr.
1000 3673 1123 3712 ante
1156 3657 1357 3732 Gryph.
1383 3677 1495 3709 exc.
1520 3658 1643 3710 Ald.
1675 3661 1762 3711 Ex

749 3740 984 3813 horride,
1008 3739 1171 3791 Cam».
1192 3767 1266 3777 —-
1283 3735 1420 3789 Vall
1447 3735 1538 3788 lib.
1564 3738 1671 3789 RR.
1696 3739 1756 3804 8,

747 3838 784 3891 9
812 3819 1015 3872 addunt
1039 3833 1256 3889 quoque
1283 3833 1465 3868 sonum
1489 3827 1613 3885 post
1642 3812 1761 3887 effi-

749 3903 906 3953 cient.
932 3897 1139 3970 Reliqui
1162 3907 1447 3989 receptam.
1469 3895 1564 3946 En.

824 3998 874 4031 2.
912 3979 1053 4029 Nam
1075 3986 1127 4027 et
1150 3973 1279 4036 illa‚·
1303 3976 1378 4026 sic
1400 3974 1582 4024 Turic.
1613 3972 1756 4025 Plor.

748 4060 911 4114 Cum
934 4060 963 4110 J
968 4076 1078 4109 ens.
1103 4055 1341 4127 (tacente
1360 4052 1545 4125 Gesn.)
1563 4066 1618 4106 et
1637 4053 1754 4106 edd.

746 4149 878 4192 ante
896 4134 1051 4190 Basil.
1074 4139 1187 4188 acc.
1216 4132 1418 4207 Gryph.
1451 4132 1601 4187 Gibs.
1627 4133 1756 4188 Obr.

1812 969 2020 1042 Reliqui
2052 982 2104 1025 et
2126 977 2394 1027 omittunt.
2439 976 2618 1044 Quum
2652 987 2830 1032 tamen

1812 1052 2017 1103 ratione
2054 1051 2142 1104 hic
2169 1073 2280 1105 non
2312 1067 2492 1106 careat
2533 1051 2831 1125 particula,

1815 1148 1988 1201 neque
2027 1144 2223 1183 temere
2253 1132 2450 1184 facile'
2435 1152 2491 1183 in
2515 1133 2746 1201 optimos
2770 1129 2834 1180 li-

1815 1207 1970 1259 bros'
1957 1227 2184 1281 irrepere
2200 1212 2462 1281 potuerit,
2473 1205 2832 1260 reducendam

1815 1291 2089 1359 putavi.—-
2103 1291 2285 1341 Nostri
2304 1288 2532 1343 Codices
2556 1306 2681 1338 nam
2703 1284 2832 1350 illa,

1819 1369 2013 1418 omisso
2044 1380 2108 1420 et.
2137 1368 2233 1419 En.

1890 1448 1940 1499 3.
1958 1446 2101 1498 Nam
2122 1458 2174 1499 et
2193 1445 2307 1498 illa.
2329 1446 2650 1515 Conjunctio
2669 1454 2718 1495 et
2729 1459 2838 1494 res·

1821 1528 1998 1598 picere
2021 1525 2151 1578 mihi
2170 1525 2374 1578 videtur
2398 1525 2637 1578 vocalem
2653 1545 2712 1591 v,
2735 1542 2836 1575 cu-

1816 1609 1905 1677 jus
1930 1605 2150 1659 surdum
2173 1619 2224 1658 et
2248 1608 2447 1658 tristem
2461 1624 2652 1657 sonum
2670 1621 2837 1676 quum

1825 1701 1968 1739 extra
1994 1704 2208 1737 omnem
2246 1686 2658 1738 controversiam
2692 1685 2835 1754 posi·

1827 1780 1938 1818 tum
1965 1778 2204 1819 censeret
2226 1765 2408 1832 Quint.
2422 1801 2440 1829 ,
2459 1761 2526 1814 de
2543 1762 2653 1814 sola
2667 1760 2836 1833 fhaec

1826 1842 1998 1908 addit,
2040 1852 2092 1894 et
2117 1840 2269 1894 illam
2287 1842 2689 1911 ingratissimam
2719 1857 2840 1891 esse

1826 1919 2023 1972 dicens.
2040 1949 2112 1959 —
2125 1920 2302 1970 Nimia
2318 1932 2493 1970 autem
2514 1917 2628 1970 haec
2637 1921 2840 1990 vitupe-

1823 2001 1960 2051 ratio
1988 2017 2149 2071 quum
2177 2001 2232 2051 in
2255 1997 2566 2054 hodiernam
2588 1998 2838 2069 plurima-

1826 2097 1943 2132 rum
1968 2081 2203 2149 gentium
2244 2081 2356 2150 ejus
2393 2078 2575 2130 litterae
2599 2096 2840 2150 pronun·

1828 2161 2110 2212 ciationem
2150 2160 2364 2210 minime
2387 2158 2577 2224 cadat,
2618 2170 2838 2229 apparet

1829 2237 2026 2311 aliquid
2045 2238 2311 2310 peculiare
2326 2237 2489 2289 fuisse
2510 2236 2839 2308 infLatino-

1828 2337 1978 2381 rum;
2003 2331 2054 2371 et
2077 2320 2132 2369 in
2152 2336 2217 2370 eo
2239 2316 2355 2368 solo
2373 2317 2596 2368 fortasse
2611 2333 2841 2387 qua-ren-

1829 2396 1955 2448 dum
1984 2394 2118 2448 illud
2144 2397 2281 2447 inter
2298 2395 2372 2468 ph
2398 2408 2452 2447 et
2464 2392 2512 2464 f
2525 2394 2803 2446 discrimen
2819 2431 2838 2459 ‚

1832 2474 1978 2547 quod
1994 2473 2159 2526 hodie
2174 2493 2284 2526 non
2298 2473 2729 2527 observamus.—
2742 2472 2798 2526 V
2791 2492 2841 2524 o·

1830 2553 1996 2606 calem
2009 2554 2252 2625 proxima
2265 2553 2530 2624 accipin„
2549 2570 2840 2606 consonan-

1834 2645 1936 2685 tem
1950 2634 2178 2707 franqit.
2196 2634 2392 2709 stanqi
2405 2632 2600 2684 dictam
2615 2632 2838 2684 litteram

1833 2733 1862 2764 r
1881 2715 1933 2764 in
1963 2710 2069 2764 hoc
2093 2715 2211 2784 ipso
2246 2711 2409 2764 verbo
2428 2711 2619 2783 fianqi
2644 2730 2705 2762 ex
2733 2709 2839 2762 hoc

1833 2791 1955 2843 loco
1982 2805 2033 2843 et
2062 2791 2229 2844 altero
2254 2790 2345 2843 illo
2375 2793 2425 2856 1,
2450 2788 2512 2856 4,
2545 2808 2562 2842 1
2581 2807 2598 2841 ι
2635 2788 2840 2862 liquido

1832 2870 2263 2923 demonstrarunt
2280 2872 2497 2924 Gesner.
2527 2883 2578 2922 et
2604 2870 2671 2921 ad
2693 2870 2842 2922 illum

1834 2949 2013 3002 locum
2027 2950 2381 3022 Spaldingius.
2401 2952 2459 3001 ln
2483 2967 2546 3001 eo
2572 2964 2746 3001 autem
2761 2970 2841 3002 er-

1835 3048 1978 3082 rasse
2013 3028 2142 3082 mihi
2183 3029 2428 3082 videntur
2463 3028 2650 3095 ambo,
2699 3028 2843 3100 qnod

1837 3125 2030 3160 sonum
2053 3109 2232 3160 nescio
2259 3126 2416 3180 quem
2437 3105 2591 3159 nobis
2614 3110 2846 3177 incogni-

1837 3198 1980 3250 tum,
2027 3186 2223 3258 quique
2258 3187 2313 3236 in
2340 3183 2655 3257 quibusdam
2682 3184 2843 3237 modo

1837 3261 2031 3315 talibus
2039 3265 2302 3334 juncturis
2318 3262 2523 3316 accidat
2532 3300 2550 3328 ,
2561 3261 2668 3315 hoc
2681 3262 2840 3316 verbo

1836 3342 2126 3395 indicatum
2149 3356 2420 3415 putarunt.
2436 3347 2682 3409 Veteres,
2700 3356 2760 3394 ut
2778 3362 2840 3395 ex

1836 3424 2300 3492 grammaticorum
2313 3421 2541 3476 lectione
2552 3436 2698 3496 patet
2707 3461 2723 3488 ,
2735 3423 2846 3476 nul·

1835 3502 1940 3553 lam
1954 3500 2183 3553 litteram
2198 3503 2398 3573 integra
2415 3522 2508 3556 sua
2524 3506 2575 3555 vi
2593 3518 2645 3555 et
2658 3521 2842 3575 puram

1840 3601 2029 3634 sonare
2051 3580 2363 3649 censebant,
2393 3585 2494 3636 nisi
2523 3603 2637 3655 quae
2657 3597 2746 3636 aut
2766 3585 2841 3637 in·

1839 3663 2038 3733 ciperet
2064 3679 2280 3728 vocem,
2327 3674 2418 3713 aut
2444 3665 2686 3735 proxime
2713 3681 2840 3734 pre·

1839 3742 2051 3792 missam
2072 3739 2292 3793 haberet
2329 3740 2558 3793 vocalem
2571 3763 2594 3804 ‚-
2631 3755 2694 3793 ut
2718 3759 2843 3792 con·

1841 3832 2090 3870 sonantes
2107 3835 2156 3884 r,
2175 3828 2197 3868 t
2215 3820 2270 3871 in
2284 3818 2502 3872 vocibus
2517 3839 2595 3885 re,
2628 3833 2703 3888 te,-
2722 3837 2844 3886 ara,

1840 3897 1962 3950 late.
1988 3897 2184 3950 Contra
2215 3914 2501 3951 consonans
2530 3918 2746 3972 quaeque
2769 3897 2845 3949 lit-

1839 3989 2005 4028 teram
2022 3989 2327 4048 sequentem
2350 3976 2580 4048 accipere
2602 3973 2844 4029 credeba-

1838 4069 1954 4121 tur,
1990 4056 2062 4106 ita
2088 4068 2146 4105 ut
2173 4053 2315 4106 velut
2338 4068 2544 4126 partem
2569 4055 2845 4126 potestatis

1839 4138 1955 4210 ejus
1978 4136 2034 4188 in
2057 4154 2114 4202 se
2137 4136 2422 4208 reciperet,
2446 4152 2620 4206 neque
2644 4135 2848 4203 integra
