3200 5159
676 1399 772 1436 112

813 453 904 542 96

1380 453 1474 518 Μ.
1513 452 1743 517 FABII
1782 450 2345 535 QUINTILIANI

804 575 1121 679 judicem
1150 578 1324 650 ferat
1344 590 1391 668 ¹,
1417 598 1653 649 tamen
1690 575 1807 648 ille
1841 602 1991 650 non
2022 577 2207 676 rapi²
2241 576 2627 669 videatur-³,
2658 579 2780 652 sed
2802 606 2921 652 se·-

567 713 580 724 ·
678 712 699 750 ¹
714 715 732 751 ¹
750 713 769 749 ¹
813 691 994 794 qui4.
1016 697 1175 767 Jam
1198 694 1274 765 in
1295 693 1629 766 omnibus
1647 750 1665 784 ,
1682 720 1838 793 quae
1858 692 2024 765 dicit
2037 691 2092 781 ⁵,
2116 715 2303 766 tanta
2322 695 2685 768 auctoritas
2706 697 2920 785 inest,

813 830 893 879 ut
926 807 1283 881 dissentire
1317 805 1574 906 pudeat
1586 835 1605 895 ;
1637 832 1766 876 nec
1795 805 2105 879 advocati
2139 806 2448 878 studium
2466 807 2524 898 ⁶,
2546 808 2667 880 sed
2696 809 2919 898 testis,

813 944 935 994 aut
960 922 1223 1024 judicis
1255 922 1500 993 afferat
1533 920 1793 1007 fidem;
1824 947 2053 1019 quum
2090 921 2411 992 interim7
2454 922 2600 995 haec
2634 924 2919 1012 omnia,

813 1063 968 1135 quae
996 1037 1108 1110 vix
1134 1035 1414 1135 singula
1440 1034 1816 1134 quisquam
1848 1033 2354 1107 intentissima⁸
2385 1063 2551 1108 cura
2580 1037 2917 1135 consequi

813 1173 1075 1251 posset,
1097 1151 1374 1223 fluunt9
1399 1149 1799 1239 illaborata,
1820 1171 1886 1221 et
1913 1149 2064 1237 illa,
2096 1177 2236 1249 qua
2270 1150 2448 1221 nihil
2484 1151 2922 1250 ⁸⁰pulchrius

743 1281 753 1291 ’
812 1267 1057 1339 auditu
1083 1287 1218 1354 est,
1246 1264 1458 1338 oratio
1483 1290 1622 1363 prae
1652 1291 1720 1335 se
1749 1265 1882 1336 fert
1902 1277 1918 1307 ¹
1936 1279 1952 1308 ¹
1984 1284 2217 1336 tamen
2238 1265 2721 1338 felicissimam
2746 1267 2923 1338 faci-

812 1384 1106 1457 litatem.
1125 1386 1367 1474 Quare
1385 1407 1529 1453 non
1552 1380 1903 1453 immerito
1926 1379 2014 1452 ab
2040 1381 2452 1454 hominibus
2471 1396 2525 1427 ¹²
2540 1383 2751 1456 aetatis
2771 1410 2918 1455 suae

813 1525 1101 1597 reynare
1145 1503 1214 1568 in
1232 1491 1593 1596 judiciis¹³
1625 1493 1847 1566 dictus
1885 1515 2019 1585 est3
2054 1495 2246 1594 apud
2291 1517 2595 1595 posteros
2638 1524 2800 1570 vero
2844 1498 2919 1569 id

812 1632 1223 1684 consecutus
1245 1608 1326 1699 ¹4,
1361 1630 1440 1680 ut
1467 1607 1712 1680 Cicero
1733 1608 1891 1709 jam
1924 1636 2070 1682 non
2104 1610 2415 1683 hominis
2454 1638 2760 1703 nomen,
2794 1613 2925 1686 sed

891 1817 936 1852 ι.
970 1799 1134 1852 Ferat.
1168 1799 1344 1850 Turio.
1383 1794 1449 1869 (a
1486 1817 1590 1851 sec.
1628 1796 1824 1869 manu)

811 1879 1032 1930 Jensou.
1050 1877 1279 1950 ‚fer-iat,
1304 1894 1424 1928 cum
1451 1875 1569 1928 edd.
1595 1888 1819 1947 posterr.

816 1972 937 2012 ante
965 1958 1084 2011 Ald.
1115 1960 1236 2008 Nou
1265 1957 1427 2009 Cani».
1459 1959 1687 2008 correxit
1720 1958 1824 2008 ue-

811 2040 948 2108 gius.
972 2068 1044 2078 -
1064 2037 1246 2088 Nosti-i
1270 2053 1453 2086 omnes
1470 2033 1634 2104 ferat.
1663 2035 1820 2086 Beue.

811 2116 893 2171 Ad
913 2116 1050 2170 hanc
1068 2115 1377 2169 amandam
1398 2113 1680 2166 lectionem
1703 2116 1824 2166 Bur-

810 2216 1035 2249 mannus
1061 2199 1199 2247 varia
1226 2193 1436 2263 collegit
1462 2193 1702 2266 exempla
1721 2196 1822 2245 Lu·

810 2295 959 2343 cam,
983 2274 1073 2326 lib.
1099 2275 1189 2342 1V,
1207 2292 1340 2325 vers.
1368 2275 1492 2344 817,
1513 2272 1635 2338 ubi,
1661 2295 1682 2318 α
1707 2274 1822 2324 Δηι-

815 2375 840 2401 «
858 2355 1001 2407 bitus
1017 2367 1071 2406 et
1085 2354 1237 2405 luxus
1250 2391 1266 2417 ‚
1288 2365 1339 2404 et
1355 2370 1518 2422 opum
1536 2350 1821 2403 metuenda

817 2456 840 2479 ι
862 2430 1114 2496 facultas,
1142 2432 1446 2483 Transverso
1470 2443 1699 2481 mentem
1724 2428 1821 2481 du-

817 2533 840 2558 «
861 2511 1003 2563 biam
1045 2523 1279 2563 torrente
1317 2508 1566 2559 tulerunt.
1591 2530 1614 2553 n
1658 2509 1822 2581 Aqere

812 2589 941 2642 dixit
969 2588 1108 2640 Flor.
1126 2627 1144 2655 ‚
1169 2586 1260 2639 lib.
1291 2588 1378 2652 IV,
1410 2603 1437 2637 2
1457 2623 1474 2649 ‚
1510 2608 1532 2630 a
1549 2583 1638 2637 hic
1666 2586 1823 2639 dolor

819 2681 1204 2722 “transversum
1241 2666 1362 2741 egit.
1390 2689 1412 2711 ι
1455 2664 1653 2717 Plinius
1682 2683 1822 2736 quo-

814 2767 917 2820 que
936 2749 1179 2813 xxviii,
1206 2763 1252 2812 1,
1272 2767 1295 2792 α
1312 2744 1541 2797 remedia
1554 2745 1824 2817 auferrent

814 2839 1135 2880 transversos.
1155 2849 1177 2873 n
1211 2827 1304 2877 En.

886 2925 934 2959 2.
958 2907 1083 2959 Non
1114 2904 1244 2977 rapi.
1263 2904 1567 2969 Tunicam„
1595 2922 1649 2955 n.
1683 2921 1815 2975 repe.

811 2985 952 3038 Flor.
967 2985 1019 3055 (a
1038 3003 1117 3056 pr.
1135 2982 1317 3053 manu)
1338 3002 1390 3035 n.
1414 2994 1634 3054 repente.
1655 2982 1816 3036 Goth.

813 3063 938 3135 (tac.
961 3059 1145 3131 Gesn.)
1170 3063 1364 3113 omittit
1389 3079 1513 3113 non.
1536 3060 1671 3113 Vide
1701 3063 1816 3129 104.

884 3143 936 3196 3.
965 3142 1235 3197 Videatur.
1261 3141 1442 3193 Malim
1467 3140 1684 3194 videtur.
1710 3143 1821 3193 Ne-

814 3239 917 3298 que
936 3224 1075 3276 enim
1094 3222 1362 3295 probarim
1375 3260 1393 3288 ‚
1413 3221 1557 3294 quod
1576 3221 1819 3293 plerique

815 3318 937 3357 ante
971 3305 1080 3376 ipsa
1115 3301 1212 3354 illa
1243 3304 1480 3355 inserunt
1515 3310 1588 3352 ut.
1624 3304 1822 3354 Nostra

813 3388 945 3437 ratio
974 3381 1132 3454 longe
1160 3384 1332 3433 acrior
1364 3394 1416 3434 et
1442 3380 1820 3448 vehementior,

815 3481 979 3535 quum
1024 3463 1308 3533 presertim
1354 3478 1476 3511 mox
1518 3461 1586 3512 sit
1632 3481 1654 3505 ι
1674 3473 1822 3512 tanta

820 3564 842 3588 ι
864 3544 1000 3593 inest
1022 3550 1107 3605 ut,
1123 3563 1145 3586 ι
1171 3541 1226 3590 in
1246 3556 1353 3610 quo
1375 3539 1532 3590 nimia
1547 3539 1686 3591 foret
1699 3557 1823 3592 cum

816 3615 1006 3672 nostr‘is
1026 3617 1261 3669 struendi
1281 3616 1584 3669 similitudo,
1601 3615 1706 3669 Sed
1718 3619 1825 3669 fon-

815 3715 954 3752 tasse
983 3711 1036 3750 et
1064 3699 1140 3749 sic
1167 3697 1290 3748 ferri
1317 3708 1494 3767 potest
1520 3698 1821 3768 conjuncti-

814 3799 910 3833 vus
931 3780 984 3829 in
1009 3774 1113 3827 hoc
1137 3774 1326 3839 verbo,
1351 3774 1483 3825 &0205
1497 3772 1570 3827 ἰν.

887 3857 938 3925 4.
970 3854 1348 3927 Sequi.·Turic.
1367 3891 1384 3919 ‚
1413 3853 1457 3904 si
1485 3854 1613 3925 quiss-
1645 3872 1676 3906 a
1712 3872 1818 3907 sec.

816 3956 977 3989 mauu
997 3936 1041 3988 εἰ
1062 3937 1159 3986 cul:

891 4017 940 4068 5.
976 4016 1103 4084 Quoe
1124 4011 1267 4064 dicit.
1294 4010 1433 4063 Flor.
1460 4010 1512 4081 (a
1535 4029 1615 4083 pr.
1641 4010 1825 4084 manu)

817 4114 869 4169 q.
896 4095 1046 4148 dicet.
1071 4094 1266 4158 Caum,
1287 4110 1338 4163 q.
1365 4092 1515 4143 dixit.

886 4171 938 4226 6.
954 4166 1590 4241 Studium...fidem.Vide
1603 4171 1693 4238 IV,
1712 4186 1818 4241 1,7.

1977 1816 2026 1869 7.
2053 1799 2289 1852 Interim.
2309 1801 2485 1853 Tui-ic.
2510 1799 2571 1871 (a
2591 1819 2698 1854 sec.
2720 1802 2925 1870 manu)

1902 1874 2065 1930 ctu».
2091 1879 2236 1930 Jens.
2257 1881 2442 1945 Tarm,
2467 1881 2617 1931 inter.

1974 1957 2025 2009 8.
2060 1958 2347 2032 Quisquam
2383 1959 2738 2014 inmitissimo.
2774 1960 2922 2012 Flor.

1902 2037 2081 2087 inserit
2106 2046 2171 2087 et.

1971 2131 2022 2182 9.
2043 2113 2240 2168 Fluunt
2260 2114 2557 2168 illaborata.
2579 2115 2710 2170 Obr.
2732 2117 2925 2170 inserit

1902 2202 1991 2257 ut,
2026 2193 2179 2247 male.
2208 2223 2281 2234 —
2313 2198 2412 2247 Pro
2448 2194 2727 2248 illaborata
2767 2196 2921 2249 solus

1901 2274 1961 2323 R.
1993 2288 2053 2325 ιο
2075 2273 2358 2326 elaborata.
2384 2275 2538 2326 Male.
2564 2277 2656 2327 En.

1979 2369 2058 2403 ιο.
2092 2354 2149 2405 N
2150 2352 2254 2404 ihil
2266 2351 2552 2425 pulchrius.
2568 2354 2749 2406 Turic.
2769 2353 2916 2407 Flor-

1900 2432 2140 2483 inserunt
2161 2450 2313 2504 quoe3
2343 2446 2394 2484 et
2417 2451 2516 2504 pm
2538 2434 2725 2485 auditu
2750 2434 2915 2486 iidem
2947 2481 2955 2487 .

1900 2508 2099 2562 habent
2143 2511 2402 2563 auditum.
2451 2513 2703 2583 Suspicor
2748 2512 2920 2564 fuisse

1898 2608 2006 2661 qua
2039 2588 2176 2640 nihil
2208 2608 2439 2662 unquam
2465 2588 2735 2663 pulchrius
2760 2593 2919 2643 audi-

1901 2679 2012 2719 tum
2035 2681 2122 2720 est.

1977 2765 1997 2799 1
2017 2765 2058 2799 ι.
2073 2748 2190 2800 Proe
2206 2748 2391 2820 sefer-t.
2408 2749 2570 2802 Cim.
2587 2786 2603 2812 ‚
2615 2769 2672 2822 p.
2694 2750 2912 2821 afer-at.

1898 2856 1971 2867 —-
1991 2829 2171 2879 Nostri
2197 2820 2381 2879 omnes
2401 2845 2512 2899 proe
2531 2829 2725 2900 sefer-t.
2752 2832 2849 2882 En.

1978 2923 2058 2957 12.
2092 2906 2418 2959 Hominibus.
2454 2908 2727 2961 Tui-icens.
2764 2909 2912 2961 Flor.

1898 2984 2072 3038 Guelf.
2090 3023 2107 3049 ‚
2122 2986 2383 3049 omnibus,
2401 3004 2521 3038 cum
2532 2985 2669 3037 Alm.
2683 2990 2840 3040 Voss.
2860 2990 2919 3042 3.

1978 3063 2059 3115 13.
2078 3065 2311 3136 Reqnare
2333 3065 2386 3115 in
2397 3065 2919 3140 judiciis.·Respicit

1906 3165 1930 3188 ιι
1949 3141 2055 3194 huc
2097 3145 2211 3213 ipse
2248 3145 2389 3194 Fam.
2429 3146 2555 3210 vu,
2599 3144 2665 3211 ²4
2681 3181 2699 3209 ‚
2740 3145 2877 3198 olim
2894 3186 2913 3212 ‚

1907 3243 1929 3265 ι
1948 3240 2113 3293 quum
2143 3238 2356 3293 requam
2374 3223 2833 3285 existimabamur,-
2860 3238 2917 3277 et

1906 3323 1929 3346 α
1948 3301 2092 3352 Fam.
2115 3301 2214 3367 IX,
2238 3303 2326 3364 18,
2345 3304 2532 3353 amisso
2552 3318 2671 3374 regn
2726 3303 2917 3373 foren-

1905 3401 1928 3425 ι
1944 3379 2001 3430 εἰ.
2025 3401 2048 3424 οι
2071 3381 2354 3432 Gesnerus.
2376 3378 2456 3429 Ad
2476 3380 2709 3450 priorem
2728 3379 2916 3432 locum

1899 3472 2041 3510 recte
2057 3461 2326 3511 Manutius
2340 3457 2561 3510 alterum
2579 3457 2915 3512 demonstrat

1900 3556 1999 3610 pro
2022 3537 2165 3594 Sulla
2191 3555 2240 3608 7.
2718 3573 2729 3582 ·

1977 3616 2057 3683 14.
2086 3616 2152 3668 Id
2171 3627 2484 3669 consecutus.
2507 3616 2685 3668 Tun'c.
2710 3615 2780 3687 (a
2804 3635 2915 3671 sec.

1900 3693 2090 3764 manu)
2119 3694 2174 3745 id
2200 3707 2272 3746 est
2294 3705 2493 3746 secutus
2512 3693 2637 3765 (ubi
2660 3708 2805 3748 recte
2830 3700 2915 3748 vi-

1902 3774 2057 3826 detur
2080 3774 2365 3827 admonere
2388 3773 2594 3826 Ulricus
2618 3778 2681 3827 V.
2712 3777 2771 3828 C.
2802 3779 2918 3848 pri·

1902 3871 2043 3905 mam
2062 3871 2277 3905 manum
2299 3852 2646 3920 intellectam,
2668 3858 2819 3926 quasi
2837 3874 2918 3906 es-

1905 3946 1985 3984 set
2007 3933 2141 3984 idem
2166 3942 2395 3995 secutus,
2416 3930 2738 4002 compendio
2761 3931 2800 3984 c*
2822 3950 2921 3983 nc·-

1903 4024 2060 4082 cepto
2088 4028 2186 4080 pro
2212 4008 2348 4069 em).
2378 4012 2542 4062 cim.
2568 4011 2786 4062 Jenson.
2815 4009 2923 4080 (de

1901 4088 2061 4142 Goth.
2102 4106 2200 4138 err.
2242 4087 2442 4159 Gesn.)
2480 4088 2537 4138 id
2571 4100 2643 4140 est
2678 4108 2723 4140 c.
2738 4127 2759 4156 ‚
2795 4106 2921 4139 cum

1903 4166 2024 4220 edd.
2045 4178 2166 4219 ante
2188 4164 2313 4219 Bad.
2331 4195 2399 4206 —
2417 4166 2524 4219 RR.
2551 4184 2603 4237 7,
2634 4184 2653 4219 ι
2672 4184 2689 4218 ι
2717 4179 2926 4220 tautum
