3200 5159
695 491 821 579 47⁶
1260 494 1355 558 M.
1392 496 1622 559 FABn
1660 495 2220 579 Qnm'rlLlANt

692 640 925 702 mune,
968 641 1178 716 quam
1224 622 1495 716 spiritus
1542 622 1770 704 vivis,'
1800 634 1978 690 terra
2019 627 2338 709 mortuis,
2383 649 2572 694 mare
2589 623 2796 722 fluc-
2857 713 2868 722 Δ

693 727 1069 817 mantibus,
1113 730 1294 803 littus
1322 732 1593 829 ejectis?
1621 732 1798 822 Quae
1826 760 2050 831 quum
2079 759 2191 806 sex
2223 756 2290 807 et
2311 736 2550 834 viginti
2585 757 2787 808 natus

691 869 951 935 annos,
988 847 1285 919 summis
1318 847 1763 921 audientium
1802 848 2222 922 clamoribus
2256 851 2528 941 dixerit,
2564 852 2790 923 defer-

687 959 864 1033 visse
885 976 902 1005 ¹
931 982 1268 1061 tempore,
1293 985 1361 1036 et
1375 964 1576 1038 annis
1598 965 1861 1064 liquata
1881 964 2031 1065 jam
2049 968 2278 1040 senior
2299 969 2488 1040 idem
2509 970 2781 1041 fatetur.

697 1077 784 1147 Et
824 1075 1148 1150 hercule²
1201 1078 1723 1178 quantumlibet
1769 1103 2023 1154 secreta
2065 1074 2291 1155 studia
2325 1082 2781 1171 contulerint,

693 1210 795 1261 est
839 1209 1077 1262 tamen
1121 1192 1446 1291 propri-us
1487 1194 1780 1293 quidam
1825 1195 1954 1267 fori
2003 1197 2415 1295 profectus3,
2464 1197 2597 1269 alia
2628 1197 2785 1286 lux,

688 1303 826 1377 alia
858 1306 998 1377 veri
1035 1306 1455 1380 discriminis
1488 1310 1694 1382 facies
1712 1341 1731 1400 ;
1781 1309 2109 1410 plusque,
2141 1313 2195 1385 si
2224 1340 2493 1412 separes
2515 1370 2534 1403 ,
2570 1311 2602 1374 4
2623 1339 2789 1384 usus

620 1453 653 1508 5
690 1421 839 1494 sine
869 1420 1182 1495 doctrina
1195 1449 1410 1523 quam
1442 1424 1610 1498 citra
1642 1452 1848 1497 usum
1874 1427 2183 1499 doctrina
2207 1427 2233 1473 ⁵
2252 1428 2453 1500 valet.
2483 1428 2792 1527 Ideoque

691 1579 833 1644 eam·
856 1593 1245 1646 confessionem
1293 1594 1499 1660 faciat,
1539 1613 1700 1666 quam
1779 1616 1834 1667 p.
1862 1596 2026 1668 866),
2056 1615 2212 1650 nemo
2245 1610 2425 1650 tamen
2447 1599 2621 1649 invitis
2646 1598 2793 1667 opti-

689 1669 899 1742 pridem
919 1672 1115 1724 factam
1139 1685 1330 1725 narrat.
1354 1672 1514 1739 Quod
1540 1692 1698 1740 sane,
1782 1674 1880 1724 mis
1918 1672 2063 1726 libris
2099 1676 2297 1727 Nostro
2335 1675 2480 1727 illam
2517 1673 2794 1726 obtrudat-

692 1770 803 1803 rem
825 1751 871 1804 si
896 1766 1103 1824 spectas
1117 1791 1135 1819 ,
1158 1753 1271 1807 leve
1294 1753 1577 1806 discrimen
1601 1765 1702 1807 est.
1779 1751 1977 1806 Eadem
2000 1768 2176 1807 autem
2199 1758 2337 1807 inter
2355 1758 2580 1827 scriptos
2605 1768 2659 1806 et
2682 1753 2794 1806 edi·

691 1832 835 1900 Quin
859 1831 935 1884 illi
956 1834 1060 1905 ipsi
1083 1831 1361 1906 aliquanto
1377 1872 1395 1898 ‚
1427 1832 1572 1904 quod
1597 1835 1705 1884 for·
1784 1845 1868 1886 tos
1881 1832 2235 1905 discrepantia
2254 1836 2398 1908 apud
2413 1835 2524 1888 Cic.
2542 1854 2642 1907 pro
2657 1834 2789 1908 anl.

694 1925 833 1964 tasse
857 1912 972 1964 aliis
1001 1914 1159 1964 etiam
1183 1912 1505 1978 blandiatur,
1531 1912 1704 1984 quod·
1792 1913 1883 1977 18,
1908 1912 2002 1964 uhi
2023 1913 2142 1967 vide
2163 1916 2347 1968 Lamb.
2386 1918 2452 1967 Et
2485 1929 2605 1968 ante
2636 1915 2793 1966 annis

771 2009 800 2042 e
835 1992 1120 2043 omissione
1153 1991 1358 2064 copulae
1394 2003 1448 2044 et
1482 1994 1536 2044 in
1568 1990 1701 2043 Cod.
1787 1996 1980 2045 omittit
2001 1995 2264 2052 Τηνία-
2285 1998 2465 2048 Nostri
2482 1994 2793 2060 Codd.,de-

740 2071 869 2122 uric.
907 2074 1150 2141 juvatur,
1196 2072 1520 2142 patrocinari
1559 2089 1705 2122 nunc
1773 2071 2015 2144 fervisse,
2052 2085 2254 2144 except.
2293 2074 2355 2124 R.
2390 2090 2454 2141 9,
2494 2075 2586 2145 qui
2620 2069 2794 2141 defer·-

692 2167 805 2200 non
833 2148 1059 2220 amplius
1087 2151 1344 2202 sustineo.
1368 2151 1507 2201 Nam
1536 2167 1706 2220 quan·
1786 2150 1960 2203 baisse.
1989 2152 2083 2202 En.

695 2229 887 2281 tumvis
900 2227 1217 2300 displiceant
1230 2232 1351 2281 vina
1373 2228 1461 2280 illa
1483 2227 1707 2300 liquata,
1863 2247 1910 2281 2.
1940 2227 2167 2280 Hercule
2175 2252 2194 2291 ;
2226 2231 2303 2282 sic
2330 2228 2600 2283 Guelferb.
2627 2232 2789 2284 Cute.

696 2326 813 2379 quie
832 2306 1175 2361 disertissimo
1192 2308 1573 2378 defer-vescendi
1588 2327 1707 2360 ver·

695 2387 771 2440 bo
818 2387 1182 2459 explicationis
1222 2391 1390 2458 gratia
1435 2388 1707 2460 subjecta;

697 2483 809 2517 non
831 2468 1078 2539 profecto
1100 2468 1389 2538 juvenilem
1419 2467 1710 2541 exuberan-

701 2548 854 2612 tiam,
879 2546 973 2600 sed
993 2545 1211 2599 senilem
1229 2547 1602 2600 verbositatem
1622 2566 1711 2600 sa-

699 2628 856 2698 piunt
875 2648 888 2675 2
914 2643 1100 2677 vereor
1127 2640 1305 2678 tamen
1320 2664 1337 2691 ,
1361 2642 1420 2678 ut
1444 2639 1587 2679 recte
1616 2624 1710 2678 ali-

700 2708 817 2777 quis
833 2704 1040 2757 dicatur
1049 2705 1327 2780 aliquanto
1337 2707 1509 2760 senior
1510 2728 1531 2777 J
1539 2725 1710 2759 uvene

698 2785 871 2838 XXVI
918 2804 1198 2839 annorum.
1242 2786 1486 2839 Habeant
1526 2788 1708 2857 itaque

699 2883 795 2918 sua
818 2877 871 2917 et
890 2866 1076 2917 Cicero
1110 2879 1164 2918 et
1192 2865 1568 2933 Quintilianus.
1599 2867 1708 2918 Ce-

666 2985 669 2988 .
700 2957 870 2996 terum
885 2942 998 2996 leve
1012 2944 1144 2996 illud
1158 2943 1435 2998 dissidium
1449 2947 1586 2997 inter
1596 2963 1709 3012 eos,

702 3023 791 3095 qui
826 3022 1125 3076 Fenestella
1162 3022 1298 3076 duce
1333 3024 1507 3076 XXVI
1538 3043 1709 3077 annos

701 3114 884 3153 natum
907 3118 1006 3172 pro
1029 3101 1145 3154 Sex.
1178 3103 1372 3154 Roscio
1398 3103 1706 3155 Ciceronem

699 3179 892 3233 dixisse
912 3177 1244 3245 statuebant,
1275 3195 1327 3233 et
1351 3184 1443 3254 qui
1466 3201 1589 3235 cum
1608 3184 1710 3236 As-

702 3259 861 3309 conio
884 3257 1117 3310 Pediano
1142 3259 1367 3326 xxvu,
1394 3261 1558 3314 verbo
1586 3263 1710 3313 teti·

699 3339 838 3406 gisse
877 3338 1124 3390 sufficiat.
1152 3338 1287 3392 Vide
1313 3339 1574 3406 Gellium,
1613 3340 1707 3404 lib.

701 3418 820 3483 XV,
848 3436 968 3491 cap.
997 3420 1080 3472 28.

781 3514 800 3547 ι
814 3534 825 3546 .
846 3497 1160 3569 Defervisse3
1180 3499 1255 3551 sic
1277 3500 1400 3570 (nisi
1420 3503 1564 3571 quod
1583 3521 1707 3574 pars

702 3594 799 3647 per
819 3575 881 3646 u)
902 3576 1086 3627 Ambr.
1109 3594 1137 3628 2
1154 3614 1171 3642 ,
1190 3577 1364 3631 Guelf.
1381 3580 1518 3631 vall.
1543 3581 1706 3634 Goth.

700 3657 848 3708 Jens.
872 3654 1006 3725 (tac.
1032 3655 1100 3708 de
1124 3654 1229 3707 boc
1252 3657 1438 3729 Gesn.)
1466 3659 1589 3711 Bad.
1618 3679 1708 3712 ne-

704 3754 807 3807 que
827 3735 978 3787 aliter
993 3736 1236 3807 profecto
1250 3739 1304 3788 in
1319 3739 1708 3809 antiquioribus

699 3814 829 3882 illis,
854 3814 997 3868 unde
1010 3816 1184 3868 Turic.
1198 3854 1215 3882 ,
1239 3817 1304 3868 de
1324 3817 1524 3871 eruisse.
1547 3819 1708 3882 Μαι,

699 3895 967 3948 demisse.
983 3895 1192 3969 Reliqui
1206 3896 1512 3969 deferbuisse
1526 3922 1542 3949 .-
1562 3899 1710 3971 quod

704 3977 942 4046 quamvis
974 3977 1028 4026 in
1061 3975 1331 4029 Ciceronis
1353 3979 1562 4043 verbis,
1591 3998 1708 4050 quoe

703 4049 792 4102 hie
834 4050 1017 4103 laudat
1053 4053 1266 4120 Quint,
1308 4053 1471 4108 hodie
1508 4056 1713 4128 legatur

703 4127 844 4198 (vide
872 4136 982 4182 not.
1012 4150 1186 4202 super.
1213 4133 1387 4205 init.),
1412 4148 1465 4186 et
1488 4150 1714 4207 utraque

702 4211 932 4280 genuina
962 4214 1027 4264 sit
1056 4213 1223 4264 forma
1246 4213 1399 4282 (vide
1423 4218 1581 4268 Prisc.
1611 4217 1682 4268 lx
1699 4257 1716 4282 ,

1787 2308 2075 2380 Equidem,
2090 2306 2323 2360 Gothan.
2339 2312 2491 2361 Voss.
2512 2328 2561 2362 2.
2585 2310 2796 2380 Reliqui

1790 2385 1976 2438 hercle.
2003 2388 2150 2454 NoS,
2176 2389 2413 2459 quamvis
2446 2389 2797 2460 antiquissimi

1790 2463 2062 2531 sileantur,
2101 2469 2453 2519 constantiam
2496 2469 2661 2521 secuti
2705 2487 2797 2520 su-

1788 2561 1907 2597 mus
1928 2567 1939 2596 :
1964 2544 2084 2598 vide
2110 2546 2180 2596 XI
2196 2585 2214 2613 ,
2238 2548 2299 2614 3,
2323 2565 2374 2617 9.
2416 2547 2795 2615 contulerunt,

1788 2627 2062 2679 Turicens.
2075 2629 2237 2680 Cnn».
2254 2626 2381 2681 Alia
2399 2631 2517 2694 viri,
2539 2630 2717 2681 Ambr.
2741 2648 2792 2682 2.

1790 2702 2078 2775 Plusquam
2091 2745 2109 2771 ‚
2130 2704 2370 2777 sphalma
2389 2709 2444 2759 in
2461 2707 2614 2758 Tar-v.
2635 2710 2796 2760 Ruso.

1790 2803 1902 2837 non
1920 2785 2101 2837 Locat.
2122 2786 2353 2854 (errante
2367 2788 2568 2857 Burm.)
2589 2805 2764 2857 neque
2777 2825 2801 2854 ,

1790 2863 1935 2936 quod
1949 2865 2073 2916 fecit
2089 2864 2308 2930 Badius,
2327 2867 2492 2935 Regio
2513 2864 2802 2918 tribuenda

1788 2943 2084 3014 scriptura,
2117 2946 2267 3015 cujus
2297 2944 2668 3012 castigationes
2681 2945 2796 3014 jam

1788 3021 2057 3075 desierant
2087 3025 2142 3075 in
2171 3043 2288 3095 cap.
2319 3041 2368 3076 2.
2407 3024 2534 3077 Usus
2558 3024 2799 3078 doctrina

1790 3119 1949 3173 quam
1967 3141 1984 3168 ,
2028 3103 2224 3153 omisso
2260 3104 2396 3164 sine,
2438 3102 2615 3153 Tui-ic.
2650 3099 2792 3152 Flor.

1788 3179 1977 3232 Almel.
2011 3180 2199 3246 Usum,
2228 3199 2266 3233 s.
2295 3179 2348 3230 d.
2371 3197 2457 3252 φ,
2475 3181 2636 3231 Qut.
2666 3177 2798 3230 Mox

1789 3259 1919 3310 citra
1953 3276 2102 3311 usum
2135 3257 2407 3322 doctr-inae,
2440 3258 2617 3309 Tur-ic.
2651 3257 2794 3308 Flor.

1789 3339 2036 3391 Csur.—
2048 3340 2256 3404 Nostri,
2276 3349 2328 3389 et
2346 3337 2571 3389 hercule.
2586 3339 2796 3392 Omittit

1785 3419 1850 3469 R.
1885 3435 1964 3470 ιο.
1990 3416 2145 3471 Solus
2166 3420 2227 3470 R.
2253 3436 2318 3487 9,
2341 3428 2392 3469 et
2412 3417 2640 3488 quidem.
2669 3416 2767 3468 Eo.

1860 3499 1911 3551 3.
1935 3497 2054 3548 Fon·
2076 3496 2353 3569 profectum.
2377 3495 2438 3547 ld
2456 3509 2562 3561 est,
2585 3497 2798 3568 profec-

1788 3592 1873 3630 tus
1896 3581 1951 3629 in
1975 3573 2233 3642 dicendo,
2268 3594 2423 3648 quem
2453 3575 2631 3627 forum
2664 3593 2799 3649 pos-

1789 3656 1923 3707 tulat
1944 3654 2043 3707 sibi
2067 3657 2358 3727 proprium.
2384 3656 2686 3708 Wotrrtus.

1860 3736 1910 3802 4.
1947 3733 2134 3786 Usta...
2168 3732 2421 3784 doctrina.
2453 3730 2585 3784 Vide
2610 3731 2800 3784 Horat,

1789 3815 1856 3867 ad
1878 3816 2094 3867 Pisones
2116 3832 2246 3865 vers.
2271 3812 2466 3880 408-41
2485 3829 2630 3864 t......
2652 3835 2674 3858 a·
2695 3831 2798 3883 ego

1796 3918 1817 3940 a
1840 3913 1936 3946 nec
1985 3891 2218 3945 studium
2261 3895 2371 3945 sine
2421 3890 2581 3944 divite
2626 3909 2760 3943 vena
2779 3929 2800 3957 ,

1795 3996 1818 4019 α
1837 3975 1951 4026 Nec
1974 3969 2107 4023 rude
2131 3970 2259 4043 quid
2291 3972 2458 4043 possit
2478 3970 2631 4022 video
2651 3973 2798 4040 inge-

1799 4076 1823 4098 ·
1841 4054 2016 4117 nium,
2040 4064 2140 4102 etc.
2158 4075 2181 4099 ι
2208 4053 2304 4103 En.

1867 4131 1916 4182 5.
1949 4129 2002 4182 V
1995 4126 2136 4190 alet;
2157 4133 2234 4181 sic
2257 4132 2435 4182 Turic.
2467 4129 2606 4181 Flor.
2632 4129 2800 4181 Caum

1795 4209 2004 4279 Reliqui
2027 4208 2217 4260 valeat.
