3200 5159
662 507 1354 577 ‘INSTITUTIONIS
1389 505 1647 575 ORAT.
1687 511 1851 575 LIB.
1888 511 2026 591 xl,
2055 513 2115 577 3.

2329 515 2458 602 409

512 655 685 733 Quid
713 658 907 740 igitur
932 657 1200 719 faciam?
1223 679 1357 719 non
1386 679 1523 719 eam
1544 668 1590 734 ¹,
1618 679 1700 719 ne
1729 679 1898 719 nunc
1923 658 2211 740 quidem,
2265 697 2270 702 -

512 754 727 831 Quum
751 776 1030 817 arcessor
1053 754 1260 816 ultro?
1288 775 1371 815 an
1395 755 1609 837 potius
1632 757 1720 816 ita
1746 776 1846 816 me
1869 776 2259 840 comparem,
2337 813 2348 820 .

513 851 658 913 Non
686 857 930 935 perpeti
957 855 1359 914 meretricum
1388 851 1841 914 contumelias?

354 992 491 1064 Hic
531 994 722 1068 enim
762 993 1218 1067 dubitationis
1254 1020 1516 1083 moraS,
1560 993 1747 1066 vocis
1785 992 2040 1085 flexus,
2068 992 2290 1066 varias
2323 1019 2464 1064 ma·

360 1134 526 1198 nus,
552 1103 854 1182 diuersos
883 1129 1100 1182 nutus
1128 1130 1314 1182 actor
1345 1109 1750 1182 adhibebit:
1784 1108 1976 1181 aliud
1999 1108 2218 1181 oratio
2247 1108 2460 1208 sapit,

360 1249 488 1295 nec
526 1222 678 1296 vult
718 1224 1031 1297 nimium
1080 1250 1226 1297 esse
1270 1224 1583 1298 condita:
1625 1223 1894 1296 actione
1936 1223 2128 1295 enim
2159 1243 2462 1315 constat,

358 1367 504 1414 non
552 1340 963 1415 imitatione.
1014 1341 1299 1432 Quare²
1345 1369 1490 1415 non
1538 1340 1891 1414 immerito
1938 1339 2466 1440 reprehenditur
2507 1353 2606 1409 183

356 1455 885 1556 pronunciatio³
916 1478 987 1531 et
1013 1457 1353 1549 vultuosa,
1385 1478 1453 1530 et
1479 1455 2121 1557 gesticulationibus
2155 1452 2465 1546 molesta,

358 1593 430 1647 et
446 1575 633 1648 vocis
660 1575 1161 1648 mutationibus
1186 1575 1524 1647 resultans
1547 1606 1566 1665 ;
1592 1600 1723 1646 nec
1749 1572 2087 1645 inutiliter
2109 1598 2189 1645 ex
2205 1571 2467 1645 Graecis

359 1689 666 1764 veteres⁴
699 1691 1235 1783 transtulerunt,
1272 1691 1463 1791 quod
1509 1691 1597 1762 ab
1642 1689 1769 1763 iis⁵
1812 1709 2177 1788 sumptum
2219 1690 2468 1761 Laenas

357 1806 669 1906 Popilius
688 1806 950 1907 posuit,
977 1833 1123 1879 esse
1149 1804 1329 1879 hanc
1355 1804 1758 1881 ιήοῑιόεαιτι6
1783 1810 2145 1877 actionem.
2175 1802 2465 1902 Optime

363 1994 516 2063 loco,
539 1995 764 2068 Vulpius
799 1994 869 2048 ad
898 1995 1090 2049 Catuli.
1120 1995 1289 2062 XLn,
1314 1996 1377 2062 8,

364 2095 419 2148 p.
451 2075 567 2143 140.
582 2074 720 2128 Vide
744 2095 866 2128 mox
890 2077 942 2145 S.
970 2075 1099 2142 183,
1137 2089 1189 2128 et
1226 2077 1282 2127 iu
1320 2095 1376 2128 re

367 2158 485 2229 ipsa
507 2157 559 2220 1,
591 2171 610 2206 1
628 2172 675 2221 r,
703 2156 755 2208 3.

446 2252 490 2287 ι.
516 2236 642 2289 Nou
665 2253 800 2287 eam.
834 2238 936 2288 Pro
964 2234 1047 2287 his
1064 2272 1082 2300 ,
1106 2254 1235 2287 num
1259 2252 1375 2285 eam

336 2316 528 2368 -Cnm
555 2313 710 2367 Arces
731 2312 898 2379 ultro,
926 2314 1200 2366 Tur-icens.
1233 2312 1374 2365 Flor.

364 2391 501 2444 Hice
513 2391 836 2444 dubitatione
849 2393 1034 2457 moris,
1044 2393 1220 2443 Turic.
1233 2389 1375 2442 Flor.

368 2472 442 2522 H.
479 2488 524 2522 e.
561 2469 906 2523 dubitationes
936 2489 1008 2521 m.
1030 2507 1048 2534 ,
1090 2469 1272 2521 Ambr.
1312 2487 1377 2534 2,

367 2549 641 2602 Guelferb.
662 2552 787 2602 Exc.
812 2550 1025 2602 Santen.
1046 2547 1208 2600 Goth.
1230 2549 1374 2599 Jens.

366 2627 503 2699 (tac.
545 2627 738 2694 (ἶσαι,
784 2629 886 2679 nisi
928 2625 1076 2697 quod
1114 2628 1380 2698 posterior

371 2727 494 2762 cum
529 2709 686 2760 Tarv.
726 2708 909 2760 inserit
943 2717 1036 2778 est!
1050 2719 1174 2777 post
1206 2705 1380 2776 euim)

368 2790 524 2842 Tarv.
546 2787 668 2841 Ald.
692 2787 766 2839 H.
786 2806 831 2839 e.
856 2786 1180 2839 dubitatione
1202 2787 1377 2852 moris,

368 2869 534 2923 Cur.
559 2869 631 2919 Η.
657 2886 700 2920 e.
723 2867 1048 2920 dubitatione
1068 2883 1265 2932 moras,
1283 2867 1382 2918 Lo-

371 2961 473 3001 cat.
507 2967 630 3000 cum
657 2947 796 2999 Alm.
830 2945 913 3017 (ut
939 2944 1128 3017 fertur)
1154 2958 1208 2998 et
1231 2943 1379 2996 editt.

371 3043 494 3082 ante
512 3029 629 3081 Ald.
652 3026 720 3080 de
736 3029 886 3098 Regii
904 3029 1231 3098 conjectura.
1247 3026 1384 3077 Nos·

372 3123 451 3162 tra
489 3122 571 3161 est
605 3126 635 3160 a
674 3107 836 3160 Badio
874 3106 1164 3157 rectissime
1197 3122 1383 3155 emen-

371 3186 549 3240 dante.
583 3185 743 3239 Vare‘a
779 3202 995 3244 manus,
1021 3182 1202 3234 Turic.
1237 3180 1378 3232 Flor.

373 3267 608 3319 Diversus
624 3276 803 3329 nam,
821 3262 1095 3314 Turicens.
1118 3260 1186 3311 D.
1206 3269 1380 3326 actus,

371 3347 535 3400 Cant.
568 3346 643 3406 D.
684 3345 869 3410 tutius,
905 3344 1059 3395 Voss.
1106 3359 1151 3394 ι.
1194 3339 1387 3393 orator

369 3425 534 3497 sapit,
553 3423 729 3478 Guelf.
749 3425 874 3475 Exc.
897 3422 1108 3475 Samen.
1140 3417 1271 3472 Vult
1290 3418 1380 3469 mi-

372 3507 608 3571 nimum,
632 3504 808 3556 Tun-ic.
838 3499 979 3553 Flor.
1010 3498 1174 3551 (λιιι.

446 3600 495 3634 2.
534 3583 705 3652 Quare
738 3598 864 3632 non.
902 3580 1109 3644 Turic.,
1146 3594 1294 3649 oeque
1330 3592 1383 3627 re

375 3680 504 3715 uon.
533 3660 715 3714 Ambr.
746 3677 773 3711 2
791 3697 809 3726 ,
837 3676 1027 3731 equare
1048 3675 1176 3708 mm.

447 3742 501 3794 3.
528 3740 906 3793 Pronunciatio
929 3748 981 3788 et
1008 3733 1277 3796 vultuosa,-
1311 3736 1386 3787 sic

376 3824 553 3875 Turic.
574 3821 712 3886 Flor.
736 3821 807 3873 Et
825 3820 1079 3871 omittunt
1094 3815 1387 3886 reliqui.Vi·

379 3901 448 3956 de
485 3900 688 3974 §.164
730 3899 950 3952 Moleste
984 3910 1063 3964 et,
1101 3895 1281 3948 Ambr.
1325 3914 1387 3961 2,

379 4000 503 4036 cum
515 3981 671 4034 Voss.
700 3997 746 4032 1.
772 3977 1054 4031 Molesta...
1083 3974 1393 4027 mutationi-

382 4062 532 4114 nibus
552 4060 803 4112 omittunt
815 4059 994 4109 Turic.
1016 4055 1248 4107 Floreut.
1270 4072 1392 4105 cum

385 4141 520 4194 Alm.
539 4141 611 4193 Et
628 4139 815 4193 Groect‘s
835 4136 1041 4203 veter-Es,
1056 4137 1233 4189 Turio.
1251 4133 1391 4186 Flor.

386 4222 460 4276 Et
484 4236 654 4296 9roeca
686 4238 765 4284 v.,
800 4214 1396 4272 Caum—Pronum&-

1459 1995 1551 2049 tt‘o.
1571 2035 1584 2048 .
1608 2035 1619 2047 .
1667 1993 1921 2048 vultuosa.
1966 1995 2232 2047 Gesnerus
2279 1989 2470 2043 eodem

1456 2075 1720 2128 vocabulo
1750 2086 1987 2127 utentem
2019 2072 2350 2125 demonstrat
2378 2070 2470 2122 Ci-

1457 2171 1708 2205 ceronem
1731 2154 1912 2218 Orat„
1934 2170 1983 2203 c.
2015 2150 2096 2203 18.
2122 2148 2322 2203 Similia
2346 2160 2471 2200 sunt

1458 2235 1626 2304 ipsius
1646 2250 1861 2303 quoque
1876 2232 2145 2283 Ciceronis
2163 2240 2400 2283 actuosus
2419 2239 2473 2280 et

1456 2314 1765 2383 sequiorum
1785 2323 2063 2384 qestuosus.

1528 2391 1581 2458 4.
1607 2391 1811 2445 Veteres
1829 2387 2218 2442 transtulerunt.
2240 2388 2472 2440 Demon-

1441 2480 1695 2523 'strantur
1708 2470 1766 2536 ii,
1783 2486 1918 2540 quos
1934 2468 2278 2538 cognovimus
2293 2465 2372 2534 §.1
2382 2466 2470 2519 06.

1458 2551 1599 2603 Cave
1634 2561 1812 2601 autem
1837 2543 2212 2599 transtulerunt
2240 2546 2472 2615 accipias

1459 2629 1527 2681 de
1549 2627 1815 2680 vocabulo
1849 2629 1904 2679 in
1937 2626 2161 2678 latinum
2184 2642 2474 2691 converso,

1460 2711 1549 2761 cui
1566 2727 1677 2760 uon
1697 2708 1943 2779 congruit
1966 2703 2114 2778 quod
2132 2725 2225 2758 «ex
2250 2704 2469 2758 Groece's»

1460 2788 1674 2854 dicitur,
1702 2805 1814 2839 non
1845 2809 1867 2833 οι
1885 2804 1949 2838 ex
1981 2786 2178 2838 Groeco.
2195 2806 2218 2830 ι·
2257 2783 2403 2848 Nec,
2430 2783 2476 2835 si

1459 2865 1568 2918 boc
1617 2876 1909 2937 spectasset
1948 2863 2134 2930 Quint.
2151 2901 2169 2929 ,
2214 2862 2476 2931 integram

1460 2944 1793 2998 locutionem
1821 2942 2165 3012 subjecisset:
2191 2957 2292 2993 esse
2320 2939 2474 2991 hanc.

1460 3025 1507 3076 A
1534 3022 1786 3075 veteribus
1808 3024 1968 3094 igitur
1991 3019 2096 3071 hoe
2120 3019 2346 3091 sumpsit
2361 3019 2477 3090 ipse

1462 3104 1822 3157 recentiorum
1888 3118 2028 3154 unus
2090 3112 2476 3173 praeceptorum

1462 3185 1673 3253 Loenas,
1700 3184 1767 3236 de
1792 3201 1901 3255 quo
1922 3179 2044 3234 vide
2066 3182 2144 3248 X,
2168 3199 2221 3252 7,
2246 3181 2330 3234 32.

1536 3265 1586 3319 5.
1622 3263 1706 3317 Ab
1730 3263 1820 3326 iis,·
1853 3265 1927 3314 sic
1950 3261 2114 3314 Goth.
2137 3260 2264 3332 (tac.
2289 3258 2477 3328 Gesn.)

1463 3346 1626 3398 Cum
1670 3342 1753 3395 Ab
1788 3343 1862 3409 is,
1900 3340 2086 3394 Ambr.
2129 3357 2179 3392 2.
2214 3340 2265 3392 A
2300 3340 2474 3406 bonis,

1462 3422 1737 3478 Guelferb.
1761 3421 1811 3474 A
1830 3420 2000 3487 nobis,
2023 3437 2187 3489 marg.
2217 3418 2372 3471 Basil.
2397 3418 2479 3470 Ab

1463 3503 1574 3570 his,
1610 3501 1800 3573 reliqui
1831 3499 1984 3571 (vide
2009 3501 2056 3569 S.
2091 3498 2237 3570 134).
2268 3497 2477 3563 Lenax,

1463 3581 1634 3636 Goth.
1664 3580 1907 3651 (tacente
1933 3577 2169 3632 Gesnero
2181 3575 2219 3647 ).
2250 3577 2364 3628 Nos
2386 3594 2481 3628 no-

1465 3681 1590 3715 men
1623 3680 1720 3733 per
1751 3657 2146 3732 diphthongum
2169 3654 2445 3708 scribimus
2461 3692 2479 3721 ,

1467 3741 1556 3794 bic
1595 3739 1809 3812 quidem
1849 3740 1961 3791 sine
1991 3739 2310 3790 auctoritate
2347 3734 2478 3788 libb.

1469 3819 1573 3874 Sed
1594 3821 1668 3872 ita
1694 3819 1870 3871 Turic.
1899 3829 1952 3868 et
1975 3818 2077 3881 111,
2107 3831 2156 3880 1,
2182 3829 2265 3866 21.

1541 3897 1593 3950 6.
1621 3896 1779 3947 Hanc
1802 3894 2095 3946 inotiosam.
2127 3892 2269 3944 Flor.
2296 3889 2478 3943 Ambr.

1477 3996 1503 4029 τι
1519 4017 1535 4043 ,
1557 3977 1696 4028 hanc
1717 3992 2002 4037 mocosam,
2025 3990 2147 4024 cum
2172 3972 2323 4023 Bern.
2341 3967 2482 4039 (vide

1473 4055 1635 4107 Salm.
1675 4052 1742 4105 ad
1773 4050 1934 4104 Treb.
1970 4050 2221 4102 Pollionis
2256 4047 2482 4103 Gallica.

1476 4153 1524 4185 e.
1551 4133 1613 4200 8,
1645 4153 1702 4206 p.
1730 4131 1858 4197 208,
1887 4129 2021 4183 nihil
2043 4148 2203 4201 agens
2237 4142 2291 4182 et
2313 4146 2484 4202 quan·

1478 4214 1669 4266 tumvis
1691 4209 1892 4265 erudite
1905 4211 2169 4282 ineptieus
2188 4228 2297 4262 non
2313 4207 2486 4261 solum

2510 1815 2610 1886 184
