3200 5159
760 480 1417 548 ms‘rlru‘rloms
1455 480 1724 547 οΒΑΤ..
1755 482 1917 547 Lm.
1957 482 2079 561 xi,
2122 482 2181 548 3.

2397 480 2522 551 315

414 603 731 695 modata,
756 631 901 677 non
920 604 1439 704 magnitudine,
1462 604 1581 677 sed
1609 604 2048 704 proprietate,
2070 604 2158 681 ad
2185 605 2317 679 hoc
2335 605 2527 678 velut

408 720 811 812 tractabilis,
855 721 1097 818 utique
1131 721 1403 793 habens
1430 746 1679 794 omnes
1709 721 1782 792 in
1825 748 1929 812 se,
1959 722 2082 824 qui
2116 721 2522 797 desideran-

408 858 560 928 tur,
594 865 803 912 sonos
827 852 845 883 ¹
881 837 1478 938 intentionesque,
1510 860 1577 911 et
1612 854 1752 910 toto
1769 852 1822 929 ²,
1867 860 1941 911 ut
1979 840 2216 928 aiunt,
2259 863 2523 937 orqano

408 946 825 1045 instructa33
874 956 987 1028 cui
1044 955 1264 1028 aderit
1312 955 1561 1031 lateris·
1591 954 1925 1048 firmitas,
1973 956 2258 1056 spiritus
2297 980 2520 1054 quum

407 1106 595 1160 barum
621 1110 1000 1162 sententiarum
1028 1128 1127 1181 per
1162 1112 1422 1181 conjunc-

409 1189 611 1243 tio-mn
637 1187 779 1239 enim
817 1187 1214 1243 nectendas-um.
1262 1191 1342 1242 Ne
1366 1189 1423 1241 id

412 1266 627 1338 quidem
664 1270 944 1341 quisquam
985 1267 1177 1322 diserte
1209 1283 1422 1335 monet,

409 1346 709 1420 subjectum
749 1352 922 1402 nostri
959 1369 1142 1403 sensus
1173 1371 1281 1404 non
1306 1370 1422 1404 esse

402 1427 920 1499 pronunciationem,
932 1429 1027 1483 sed
1041 1432 1428 1498 vocem-Quam-

412 1524 571 1577 quam
595 1505 701 1557 hoc
725 1510 942 1579 agnovit
970 1506 1258 1581 Gedoynus
1274 1547 1292 1575 ‚
1337 1511 1428 1581 qui

404 1588 519 1638 auis
540 1586 769 1639 sortasse
799 1586 1155 1659 popularibus
1179 1601 1323 1641 recte
1346 1586 1428 1639 di-

407 1681 529 1717 cere
573 1677 655 1717 est
692 1665 864 1733 visus,
921 1683 1086 1736 quum
1132 1668 1387 1719 rationem
1406 1704 1422 1732 ‚

408 1758 573 1814 quare
621 1756 867 1796 ornatum
923 1744 1284 1816 appellaretur
1330 1745 1426 1797 ali-

409 1820 560 1895 quod
597 1825 1056 1896 pronunciationis
1095 1844 1267 1897 genus
1284 1863 1302 1892 ‚
1346 1827 1428 1878 af-

408 1904 534 1955 ferri
549 1902 832 1956 audierunt
850 1921 995 1970 earn,
1016 1905 1163 1975 quod
1178 1916 1317 1957 esset
1331 1904 1426 1957 ali-

410 1998 517 2053 qua
529 2001 632 2034 vox
648 1995 796 2034 certo
807 1982 970 2035 modo
983 1998 1310 2057 comparata,
1323 1998 1424 2037 etc.

407 2059 513 2114 Sed
534 2062 573 2112 ii
601 2075 725 2115 aute
763 2061 951 2115 oculos
984 2082 1092 2115 non
1123 2063 1429 2117 habuerunt

406 2138 807 2210 difficultatem,
854 2161 969 2214 quae
1006 2156 1086 2196 est
1124 2146 1179 2196 in
1216 2144 1426 2210 latinis,

358 2214 367 2221 ⁸
406 2218 528 2284 ubi,
553 2232 835 2291 postquam
868 2222 1150 2292 suffragari
1174 2220 1316 2273 dicta
1347 2236 1429 2274 est

408 2311 605 2351 ornata
622 2301 1054 2371 pronunciationi
1076 2318 1182 2353 vox
1201 2319 1395 2375 magna
1408 2340 1425 2368 ‚

406 2379 651 2451 protinus
697 2378 977 2449 subjicitur
1022 2379 1135 2432 baec
1186 2382 1301 2451 ejus
1350 2382 1428 2433 rei

408 2476 598 2526 causa,
648 2461 773 2531 quia
795 2477 901 2511 vox
925 2458 992 2510 sit
1027 2477 1133 2510 non
1161 2460 1427 2530 magnitu-

407 2538 561 2606 dine,
611 2538 704 2591 sed
745 2541 1076 2611 proprietate
1123 2556 1428 2592 accommo-

407 2616 533 2668 data
572 2616 641 2669 ad
685 2617 942 2669 auditum.
990 2620 1097 2671 Has
1144 2618 1326 2671 turbas
1368 2630 1427 2670 ut

408 2712 794 2766 componamus
806 2734 822 2759 ,
839 2696 1150 2748 mutandum
1173 2699 1269 2748 erit
1284 2697 1426 2748 enim

408 2776 463 2827 in
501 2775 659 2826 etiam
687 2773 843 2848 (quae
881 2790 960 2827 est
1001 2777 1425 2848 frequentissima

411 2854 684 2921 confusio,
711 2854 833 2907 vide
856 2856 962 2921 xl,
993 2873 1012 2907 t
1037 2894 1054 2921 ,
1083 2856 1230 2926 am),
1261 2868 1319 2907 ut
1342 2859 1427 2907 in·

410 2933 704 3004 telligatur,
729 2935 886 2985 etiam
914 2947 1103 3006 prteter
1129 2934 1273 2986 illam
1301 2947 1426 2986 tan·

408 3026 519 3066 tam
541 3015 686 3065 vocis
710 3010 1045 3079 felicitatem,
1077 3013 1246 3085 qualis
1265 3012 1427 3065 modo

408 3104 494 3144 tot
516 3092 630 3161 ejus
647 3089 928 3143 virtutibus
948 3091 1320 3144 enumerandis
1340 3091 1429 3143 de-

410 3184 703 3224 monstrata
750 3182 896 3237 erat,
948 3189 1170 3243 quaeque
1216 3172 1429 3224 nonnisi

411 3268 532 3304 raro
556 3249 860 3303 hominibus
886 3254 1194 3322 contingere
1218 3264 1395 3324 potest
1410 3292 1427 3313 ,

417 3349 533 3383 esse
557 3330 763 3403 aliquas
785 3345 986 3383 naturae
1022 3332 1076 3381 in
1106 3329 1210 3383 hoc
1233 3350 1427 3401 genere

413 3408 596 3476 dotes,
617 3427 726 3460 non
753 3408 967 3481 quidem
990 3426 1248 3473 summas,
1281 3409 1426 3461 suffi-

412 3490 612 3541 cientes
628 3501 803 3540 tamen
819 3487 944 3539 huic
961 3490 1191 3558 negotio.
1211 3488 1297 3540 Ad
1310 3489 1425 3553 hoc,

413 3570 468 3620 in
487 3586 593 3639 quo
609 3582 661 3619 et
683 3570 800 3639 ipso
816 3565 994 3639 lapsus
1016 3560 1094 3621 est
1112 3568 1426 3641 Gedoynm,

414 3646 709 3718 significatu
756 3646 1126 3717 accipiendum
1181 3648 1281 3698 erit
1320 3667 1384 3698 eo
1411 3686 1428 3712 ,

415 3744 575 3797 quem
591 3724 815 3777 vidimus
834 3725 1008 3790 111‚6‚
1025 3724 1109 3776 53.
1128 3726 1249 3791 Est,
1272 3725 1430 3796 quale

412 3804 502 3856 hic
522 3806 575 3855 iu
599 3805 749 3856 initio
775 3821 989 3869 sensus,
1018 3796 1303 3874 Saepissime
1319 3806 1430 3856 ani·

415 3883 819 3949 madverdmus,
842 3883 986 3936 velut
1008 3884 1132 3949 vn,
1164 3901 1190 3933 2
1205 3922 1222 3949 ‚
1254 3902 1270 3935 ι
1289 3900 1333 3934 1.
1367 3886 1428 3935 In

414 3960 517 4015 bac
542 3981 668 4014 sane
701 3975 991 4027 structura,
1032 3962 1187 4014 etiam
1214 3960 1284 4013 ob
1315 3964 1431 4014 soni

415 4046 726 4095 suavitatem
745 4055 796 4095 et
820 4043 927 4095 fere
948 4042 1097 4095 malis
1112 4060 1218 4114 pra*
1234 4045 1393 4094 etiam
1408 4083 1428 4111 ‚

413 4121 561 4174 velut
582 4123 679 4187 lv,
703 4140 763 4187 2,
799 4123 914 4174 128.
955 4121 1058 4174 Sed
1084 4140 1151 4173 ne
1177 4121 1288 4173 haec
1309 4123 1429 4194 qui-

419 4200 542 4253 dem
566 4193 695 4255 dura
713 4204 964 4269 mutatio,
1004 4214 1062 4255 ut
1088 4220 1231 4254 emm
1257 4215 1427 4254 trans-

1503 1122 1589 1162 eat
1624 1110 1786 1171 inet,·
1825 1107 1945 1161 vide
1984 1108 2251 1161 Drakenb.
2293 1107 2362 1159 ad
2409 1106 2523 1157 Liv·

1502 1190 1745 1254 XXXIV,
1759 1189 1855 1255 50,
1867 1206 1918 1258 7.
1938 1190 2182 1243 Fortasse
2203 1203 2376 1241 tamen
2396 1205 2525 1259 prae-

1504 1271 1694 1322 stiterit
1718 1280 1898 1322 autem
1933 1288 2190 1341 reponere
2215 1285 2315 1341 pro
2344 1268 2482 1318 enim
2505 1304 2522 1331 ,

1504 1367 1621 1421 quae
1650 1362 1704 1400 et
1727 1350 1841 1423 ipsa
1868 1351 2116 1401 confusio
2143 1367 2257 1400 rara
2288 1366 2396 1398 non
2418 1359 2523 1406 est;

1506 1428 1628 1483 vide
1651 1431 1747 1495 111,
1775 1430 1838 1494 3,
1870 1446 1960 1493 ¹03
1986 1433 2112 1482 item
2135 1428 2225 1482 hic
2247 1430 2296 1497 s.
2323 1428 2411 1480 fin.
2446 1429 2525 1479 lta

1506 1509 1718 1562 nullum
1755 1512 1916 1563 fuerit
1948 1510 2239 1584 asyndeton
2265 1511 2319 1561 in
2344 1521 2524 1560 nostra

1506 1590 1787 1642 sententia.
1825 1589 2015 1662 Utique
2034 1588 2320 1659 significat,
2345 1585 2398 1638 id
2424 1585 2527 1637 sal-

1506 1678 1612 1722 tem
1653 1687 1762 1720 non
1798 1667 1992 1720 debere
2030 1667 2314 1720 desiderari
2339 1667 2393 1717 in
2422 1668 2520 1717 ista

1504 1750 1652 1800 vocis
1671 1746 2065 1814 mediocritate,
2090 1760 2149 1799 ut
2174 1746 2421 1798 omnibus
2441 1764 2524 1797 so-

1503 1830 1585 1880 nis
1618 1829 1928 1880 satisfaciat.

1585 1924 1630 1958 1.
1661 1908 1844 1960 Sonos.
1877 1906 2063 1959 Ambr.
2092 1924 2153 1972 ο,
2182 1905 2358 1970 sinus,
2406 1922 2528 1956 cum

1506 1986 1693 2051 Bern.‚
1721 1984 2046 2051 blandienti,
2084 1983 2177 2037 scd
2201 1986 2374 2050 inani,
2403 2002 2522 2055 spe·

1506 2067 1605 2119 cie.
1633 2070 1786 2120 Voss.
1820 2082 1840 2116 1
1859 2105 1875 2132 ,
1898 2066 1960 2131 3,
1985 2064 2161 2117 simul.
2179 2064 2376 2129 Guelf.,
2398 2064 2523 2116 sine.

1504 2176 1578 2186 ——
1605 2146 1789 2198 Nostri
1830 2143 2034 2198 habent
2075 2144 2164 2196 alii
2208 2160 2390 2210 sonos,
2440 2141 2529 2195 am

1509 2226 1670 2278 sinus.
1697 2224 1796 2275 Eu.

1581 2322 1630 2358 2.
1643 2304 1716 2356 Et
1730 2315 1895 2355 toto...
1914 2304 2166 2354 instructa
2177 2323 2198 2363 ‚·
2211 2303 2315 2353 cui.
2328 2300 2528 2365 Turio„

1506 2393 1687 2435 ettoto
1711 2404 1766 2436 u.
1805 2403 1856 2435 α.
1889 2399 2086 2454 organa
2115 2382 2220 2432 cui.
2267 2381 2440 2443 Flor.‚
2479 2389 2531 2429 et

1509 2471 1617 2513 tota
1642 2482 1692 2514 ιι.
1725 2483 1777 2513 a.
1807 2480 2004 2535 organa
2035 2461 2155 2525 cui,
2186 2478 2306 2511 cuin
2337 2457 2525 2529 sil-mel.

1507 2540 1664 2613 (vide
1689 2543 1736 2610 S.
1766 2540 1886 2611 27.)
1904 2539 2079 2593 Guelf.
2106 2537 2235 2590 nihil
2253 2540 2350 2590 nisi
2371 2550 2422 2589 et
2439 2536 2529 2590 de-

1509 2619 1732 2683 siderat,
1756 2619 1868 2672 haec
1894 2618 2057 2671 dans:
2088 2619 2400 2670 intentiones
2412 2632 2529 2690 quoe

1511 2710 1651 2765 toto,
1697 2714 1798 2752 etc.
1845 2698 1940 2751 llla
1976 2698 2189 2770 quidem
2218 2698 2526 2749 Florentina

1508 2778 1767 2849 scriptura
1793 2794 1970 2829 carere
2010 2788 2188 2847 potest
2217 2777 2525 2847 participio;

1506 2870 1682 2925 neque
1715 2870 1891 2908 tamen
1934 2874 2111 2906 veram
2155 2857 2413 2907 existimo.
2454 2884 2527 2894 —

1505 2936 1858 2986 Buttmannus
1897 2936 2118 2986 miratur
2161 2934 2526 3005 Spaldingium

1507 3013 1596 3065 hic
1611 3014 2005 3083 antiquissimos
2021 3032 2147 3066 suos
2168 3012 2496 3066 deserentem
2509 3052 2527 3079 ‚

1509 3105 1562 3143 et
1585 3094 1819 3143 rationes
1845 3089 2004 3162 hujus
2035 3091 2226 3161 judicii
2264 3110 2373 3144 non
2402 3091 2527 3145 red-

1508 3170 1741 3223 dentem.
1785 3169 1895 3222 Sibi
1920 3189 2046 3222 vero
2083 3173 2336 3243 optimam
2361 3170 2528 3224 videri

1507 3251 1549 3302 F
1551 3249 1649 3301 lor.
1679 3250 2022 3320 scripturam,
2058 3264 2111 3301 et
2143 3252 2195 3301 in
2220 3250 2322 3302 levi
2347 3251 2524 3302 Turio.

1508 3327 1846 3380 aberratione
1871 3330 2071 3379 semina
2102 3346 2216 3385 esse
2239 3329 2557 3400 interpola-·

1508 3410 1697 3472 tionis,
1723 3425 1837 3478 quae
1864 3419 1945 3458 est
1967 3406 2020 3457 in
2036 3407 2245 3475 vulgata
2263 3445 2280 3473 ,
2299 3419 2527 3459 conten·

1507 3485 1585 3538 dit
1608 3486 1750 3538 idem
1765 3484 1959 3537 Buttm.
1981 3485 2080 3536 Cui
2109 3474 2165 3537 ‘rei
2190 3505 2388 3559 oryana
2412 3486 2527 3557 pla·

1508 3578 1621 3627 cet,
1670 3583 1833 3636 quum
1863 3566 1938 3616 sic
1963 3563 2237 3634 pluraliter
2263 3565 2375 3615 fere
2406 3563 2526 3615 ubi-

1510 3662 1615 3714 que
1639 3644 1831 3715 legitur
1860 3642 2005 3715 apud
2037 3642 2168 3694 alios
2194 3657 2244 3694 et
2269 3643 2524 3694 Nostrum

1509 3720 1587 3793 §§.
1623 3722 1716 3788 16,
1745 3740 1840 3786 20;
1860 3724 1909 3789 1,
1933 3737 1990 3786 a,
2016 3722 2114 3785 30,
2137 3738 2257 3792 pag.
2287 3720 2382 3789 74,
2407 3732 2522 3772 not.

1512 3819 1541 3853 π
1556 3801 1806 3874 ‚hujusce
1823 3801 2084 3852 editionis.
2097 3801 2299 3850 Unicus
2315 3812 2492 3850 autem
2503 3836 2522 3864 ‚

1512 3878 1560 3951 §-
1607 3881 1738 3950 169‚
1785 3880 1936 3932 locus
1974 3891 2158 3930 contra
2197 3896 2304 3930 non
2342 3876 2518 3930 valet:

1494 3978 1670 4032 ‘quem
1702 3974 1828 4011 nota
1862 3960 2100 4029 sequenti
2125 3956 2371 4009 illustrari
2401 3960 2522 4029 qui·

1511 4040 1662 4107 dein,
1697 4060 1804 4093 non
1825 4052 2001 4091 autern
2024 4037 2132 4089 huc
2155 4039 2417 4111 respicere
2441 4058 2522 4090 ar·

1509 4120 1739 4173 bitratur
1757 4123 2122 4173 Buttmannus.
2152 4119 2245 4171 En.

1580 4203 1631 4255 3.
1657 4202 1847 4256 Toto...
1872 4219 2068 4273 onycino
2094 4201 2358 4253 instructa.
2382 4201 2521 4252 aeui
