3200 5159
696 451 1347 522 INSTITUTIONIS
1378 456 1638 524 ORAT.
1679 463 1838 529 LIB.
1876 466 1966 546 X,
2015 491 2069 532 ι.

2335 472 2420 538 61

330 570 470 642 nisi
517 572 693 646 forte
736 597 860 648 aut
902 576 1018 649 illa
1061 577 1284 650 mala¹
1325 579 1627 680 judicia,
1665 613 1820 684 quae
1858 590 2422 691 'Epitrepontes‚

328 686 719 785 Epicleros‚
748 690 950 763 Locri
981 690 1278 782 habent,
1313 714 1433 766 aut
1465 697 1994 775 meditationes-³
2021 704 2095 776 in
2123 707 2424 807 Psopho-

238 895 243 899 .
329 799 461 873 dee
472 798 526 887 4,
552 803 989 897 Nomothete,
1016 805 1551 905 Hypobolimaeo
1575 838 1720 885 non
1746 817 2078 891 omnibus
2095 817 2424 893 ⁵oratoris

326 989 509 1038 animo
534 989 774 1060 concipi,
802 991 858 1041 in
886 990 1187 1062 fragmentis
1216 995 1334 1065 qui-

327 1065 453 1118 dem
466 1067 619 1121 nobis
634 1068 825 1122 relictis
841 1089 948 1122 non
963 1084 1200 1144 apparet.
1218 1073 1335 1123 Me-

323 1144 603 1198 ditationes
627 1162 803 1200 autem
826 1161 949 1200 sunt
964 1147 1158 1213 μιλίτειι
1172 1186 1190 1210 ,
1217 1166 1336 1199 ora-

328 1225 502 1276 tiones
530 1223 598 1276 de
626 1245 681 1278 re
714 1245 821 1278 non
847 1225 1119 1296 judiciali,
1152 1229 1333 1299 cujus-

328 1302 479 1353 modi
495 1302 686 1356 dixeris
710 1305 853 1358 illam
875 1305 996 1371 1350„
1011 1342 1027 1365 ,
1053 1306 1334 1359 disertissi-

327 1399 473 1434 mam
497 1384 742 1455 profecto
770 1398 824 1437 et
855 1388 1065 1457 spiritus
1092 1390 1336 1456 generosi

326 1461 573 1534 plenam,
594 1482 753 1535 quam
771 1463 1027 1517 habemus
1044 1468 1180 1517 inter
1195 1467 1337 1537 frag-

332 1554 510 1594 menta
531 1561 592 1595 ex
613 1543 1010 1615 Hypobolimaeo
1030 1543 1258 1616 reliqua,
1278 1565 1332 1617 p.

332 1617 420 1671 ed.
437 1619 626 1672 Clerici
652 1620 747 1689 184
768 1640 909 1693 seq.‚
930 1624 1015 1675 cui
1031 1623 1150 1675 edd.
1169 1624 1333 1676 Bentl.

330 1700 391 1750 in
415 1699 695 1752 emendatt.
722 1700 1092 1754 Phileleuthcri
1109 1741 1126 1768 ‚
1154 1722 1206 1774 p.
1236 1703 1336 1770 64,

328 1775 503 1828 multa
537 1776 846 1832 dexterrime
877 1794 1177 1844 sanantem;
1213 1784 1337 1833 item

328 1858 508 1929 Toup.
546 1861 742 1931 Epist„
773 1880 828 1932 p.
858 1861 944 1914 33.
976 1862 1055 1913 De
1079 1862 1193 1931 ipsa
1219 1863 1339 1933 qui-

329 1934 457 1988 dem
480 1936 579 1990 hac
602 1940 780 1992 fabula
805 1939 922 1994 vide
947 1959 1044 1992 nos
1069 1940 1135 1992 ad
1160 1943 1215 2006 1,
1247 1956 1337 2006 ιο,

340 2015 421 2067 18.
440 2018 646 2070 Poterat
665 2032 840 2070 antem
859 2017 972 2071 haec
991 2020 1104 2089 ipsa
1124 2019 1340 2070 Menan·

328 2092 449 2145 drei
472 2098 648 2166 operis
672 2114 820 2167 pars,
845 2115 961 2167 quae
986 2095 1340 2148 meditationi-

330 2171 437 2224 bus
471 2177 720 2240 cernitur,
755 2174 1203 2226 accommodatior
1234 2174 1339 2226 dici

328 2248 777 2304 declamatoribus
798 2270 956 2323 quam
975 2255 1228 2322 patronis.
1247 2255 1340 2304 Fa·

330 2329 579 2382 bularum
598 2350 714 2403 quoe
731 2333 816 2384 hie
841 2345 1180 2384 recensentur
1203 2333 1341 2385 tituli

326 2408 449 2462 aliis
483 2428 701 2482 qnoque
733 2411 1074 2484 scriptoribus
1108 2430 1340 2466 comme-

333 2492 525 2541 morati
548 2503 770 2562 possunt
791 2493 980 2562 inspici
998 2490 1141 2562 apud
1158 2492 1337 2545 Fabri-

332 2566 475 2617 cium
509 2566 577 2618 ab
610 2567 818 2619 Harlete
851 2582 1096 2634 auctum,
1125 2569 1229 2622 vol.
1258 2572 1336 2638 11,

328 2662 391 2715 p.
414 2644 520 2709 463
544 2664 691 2717 seqq.
716 2646 1092 2714 Nomotheten,
1113 2660 1174 2700 ut
1196 2650 1336 2701 Nos-

336 2735 433 2788 ter,
444 2724 694 2793 singulari
704 2744 923 2777 numero
936 2724 1172 2796 designat
1180 2727 1340 2779 Athe·

334 2820 508 2868 naeus,
532 2823 583 2875 p.
608 2804 727 2873 247,
749 2803 940 2877 plurali
958 2808 1269 2860 Ammonius
1288 2826 1335 2860 v.

336 2883 552 2947 Δυχνίον.

417 2976 437 3011 1
450 2998 462 3010 .
481 2958 590 3011 Illa
612 2958 770 3012 mala.
785 2963 1056 3015 Tui-icens.
1069 2999 1087 3028 ‚
1104 2962 1214 3015 alia
1235 2983 1306 3017 m.
1319 3004 1338 3032 ,

336 3057 463 3091 cum
491 3037 639 3090 Bodl.
659 3044 813 3092 Voss.
852 3059 895 3108 t,
923 3041 955 3092 3
982 3039 1109 3110 (sed
1131 3039 1305 3095 Guelf.
1323 3080 1342 3109 ‚

333 3114 448 3167 alia
471 3114 677 3183 solum,
704 3120 898 3170 omisso
924 3118 1098 3192 quala)
1120 3121 1263 3172 Jens.
1290 3133 1344 3173 et

336 3194 460 3246 edd.
486 3210 649 3268 postt.
675 3210 796 3249 ante
823 3196 977 3251 Basil.
1005 3197 1113 3250 Illa
1135 3198 1340 3264 civilia,

340 3274 472 3326 Obr.

413 3373 463 3406 2.
488 3355 900 3427 Epitrepontes...
928 3356 1078 3409 Locri
1088 3377 1106 3417 ‚·
1128 3358 1204 3409 sic
1227 3356 1342 3409 lati·

338 3436 421 3486 nis
445 3434 547 3486 litt.
571 3434 710 3486 Flor.
735 3436 895 3488 Cute.
914 3435 1090 3489 Guelf.
1113 3436 1201 3509 (in
1225 3438 1344 3489 ulti·

340 3529 430 3561 mo
450 3511 663 3583 quidem
685 3514 839 3579 Λοκροὶ
861 3512 947 3565 hic
970 3513 1097 3566 dare
1119 3514 1344 3584 videtur)

339 3589 502 3642 Goth.
541 3590 671 3662 (nisi
703 3592 848 3662 quod
881 3592 1123 3645 ultimum
1157 3593 1342 3661 lectos,

340 3686 441 3719 err.
466 3667 660 3734 Gesn.‚
687 3687 812 3721 cum
841 3669 962 3722 edd.
993 3684 1114 3723 ante
1142 3673 1343 3737 Stoer.‚

342 3764 455 3797 exc.
486 3744 617 3798 Bad.
650 3766 730 3819 pr.
766 3750 857 3818 qui
888 3749 1081 3813 Locre,
1111 3765 1164 3804 et
1192 3751 1345 3803 Basil.

344 3827 437 3895 qui
471 3824 688 3893 Locros,
725 3826 792 3879 (le
823 3830 1043 3881 Jenson.
1085 3832 1206 3882 item
1246 3850 1344 3882 err.

343 3903 542 3972 Germ.)-
561 3905 687 3955 Mox
701 3904 821 3956 edd.
840 3904 1040 3971 lochos,
1064 3920 1114 3958 et
1134 3905 1202 3957 ab
1219 3907 1350 3960 Obr.

347 3981 470 4034 inde
494 3984 676 4052 graecis
705 3983 804 4036 litt.
832 3986 927 4036 Hic
959 3997 1135 4037 tamen
1166 3988 1351 4039 vitiose

349 4060 671 4130 impiam-c.
708 4060 845 4114 mud
880 4081 1094 4133 quoqne
1130 4082 1162 4116 a
1198 4064 1349 4117 Basil.

350 4140 471 4196 inde
492 4142 870 4215 plerorumque
893 4157 975 4200 est
995 4145 1180 4197 vitium
1196 4182 1213 4210 ‚
1237 4146 1352 4217 epi-

1419 1004 1680 1068 nrpontas
1720 1005 2074 1056 accusativum
2117 1006 2422 1059 facientium

1417 1088 1469 1126 et
1510 1076 1712 1148 reliqua
1757 1079 1943 1132 eodem
1985 1099 2112 1135 casu
2155 1086 2423 1157 accipien-

1415 1156 1577 1222 tium,
1618 1155 1774 1225 (nam
1813 1172 1865 1211 et
1901 1158 2165 1230 iaemipwe
2203 1164 2423 1236 Basa),

1452 1232 1560 1284 uod
1591 1237 1769 1287 vitavit
1805 1236 1936 1289 Obr.
1970 1239 2020 1291 ls
2053 1240 2255 1294 effinxit
2284 1241 2425 1307 λοχᾶσ

1414 1250 1449 1373 {l
1445 1308 1756 1377 puerpera),
1796 1310 2093 1377 cujusmodi
2127 1312 2270 1365 nulla
2307 1333 2422 1365 me-

1415 1398 1649 1436 moratur
1675 1387 1801 1438 alibi
1825 1389 2139 1442 Menandro.
2168 1391 2276 1445 Mei
2300 1395 2420 1465 qui-

1415 1461 1533 1513 dem
1563 1463 1605 1513 F
1607 1463 1706 1516 lor.
1736 1466 1898 1518 Cim».
1928 1481 1981 1519 et
2009 1468 2198 1539 reliqui
2227 1471 2419 1536 Locre,

1416 1543 1561 1613 quod
1588 1563 1619 1597 e
1642 1546 1795 1598 Voss.
1826 1564 1854 1597 a
1871 1585 1888 1612 ‚
1918 1559 1970 1601 et
1994 1548 2129 1601 Vall.
2159 1550 2423 1620 afferunt,

1419 1638 1581 1691 quum
1613 1625 1727 1694 ipse
1757 1623 2035 1695 diligenter
2066 1626 2288 1681 alterum
2321 1649 2424 1684 no-

1417 1702 1569 1752 tarim
1598 1720 1627 1752 e
1655 1702 1816 1755 Goth.
1835 1741 1852 1770 ‚
1878 1707 1978 1758 nisi
2005 1706 2144 1758 forte
2174 1726 2319 1761 error
2345 1722 2424 1761 est

1418 1798 1565 1832 meus
1577 1818 1593 1844 ,
1609 1779 1847 1835 debentis
1863 1783 2139 1854 designare
2148 1786 2421 1839 Guelferb.

1417 1857 1632 1912 dantem
1655 1859 1823 1914 lectos.
1850 1863 1892 1914 E
1914 1866 2089 1916 Turic.
2115 1864 2246 1918 nihil
2271 1869 2424 1938 poni·

1417 1952 1523 2004 tur,
1548 1942 1698 2009 quasi
1728 1945 2089 1996 consentiente
2115 1945 2273 2015 plane
2301 1964 2423 1998 cum

1417 2020 1591 2070 Burm.
1609 2036 1776 2086 graeca
1794 2020 2214 2075 emendatissima
2234 2022 2422 2086 dante;

1419 2095 1563 2168 quod
1587 2109 1772 2147 contra
1797 2115 1911 2149 esse
1935 2100 2191 2167 suspicor.
2218 2100 2426 2152 Gesne-

1417 2192 1505 2226 rus
1522 2176 1720 2245 primus
1733 2190 1951 2227 auctore
1961 2176 2203 2228 Fabricio
2218 2180 2271 2229 in
2291 2178 2423 2231 Bibl.

1418 2251 1575 2321 Λοκροὶ
1597 2251 1771 2316 dedit3
1796 2271 1896 2323 ego
1922 2253 2114 2318 malui,
2137 2273 2233 2324 per
2256 2254 2424 2308 levem
2487 2245 2492 2258 ’

1419 2333 1764 2384 mutationem
1787 2350 1817 2383 e
1838 2331 2027 2396 Lucre,
2059 2351 2273 2385 romana
2302 2337 2425 2387 reti-

1418 2426 1542 2459 nere
1568 2407 1846 2460 elementa.

1487 2487 1537 2539 3.
1569 2486 1951 2542 Meditationes.
1981 2488 2111 2542 Obr.
2129 2527 2146 2556 ‚
2175 2489 2285 2542 iuoe
2309 2490 2423 2543 die·

1418 2565 1595 2619 tiones.

1486 2644 1538 2711 4.
1575 2644 1944 2716 Psophodee...
1962 2685 1975 2698 .
2006 2645 2423 2720 Hypobolimaeo·

1416 2723 1559 2775 Plor.
1593 2725 1755 2776 Cmr-
1789 2722 1911 2795 (hic
1946 2738 2119 2778 tamen
2152 2725 2427 2797 Sophocle)

1417 2801 1672 2872 Sophocle
1692 2802 2017 2854 enomothete
2039 2801 2423 2876 hippobolimeo

1417 2879 1627 2952 (ultimo
1660 2881 1714 2931 in
1747 2880 1885 2932 Flor.
1921 2884 2335 2952 suprascriptum
2355 2902 2425 2953 y,

1420 2962 1543 3012 item
1556 2959 1905 3032 Hypobolime
1914 2959 2100 3031 Cute.)
2110 2980 2231 3013 cum
2245 2961 2423 3013 Guelf.

1418 3038 1582 3092 Goth.
1614 3039 1746 3109 (tac.
1774 3038 1970 3109 Gesn.)
1995 3058 2311 3111 quamquam
2336 3060 2426 3093 va-

1420 3121 1589 3170 riante
1616 3120 1670 3169 in
1695 3116 2008 3188 quibusdam
2041 3118 2225 3171 litteris
2258 3122 2424 3192 scrip-

1424 3210 1537 3249 tura
1549 3234 1567 3263 ‚
1586 3195 1730 3248 velut
1748 3195 1893 3268 quod
1912 3196 2085 3249 Guelf.
2105 3197 2196 3249 dat
2213 3218 2427 3251 enemo-

1424 3274 1566 3326 theti.
1580 3296 1601 3335 ,-
1623 3272 1784 3325 Goth.
1801 3310 1818 3338 ‚
1842 3274 2196 3327 enomothetoe.
2229 3278 2424 3330 Nostra

1422 3372 1485 3407 ex
1503 3352 1649 3405 hisce
1667 3371 1824 3423 quam
1843 3365 1982 3404 recte
2003 3368 2235 3420 eruatur,
2260 3373 2427 3428 appa-

1424 3445 1535 3495 ret3
1563 3449 1738 3503 neque
1766 3432 1975 3482 attinuit
2000 3432 2190 3484 imitari
2219 3452 2310 3485 eos
2335 3436 2426 3504 qui

1422 3514 1603 3582 groecis
1644 3510 1828 3563 litteris
1870 3522 2105 3562 utuntur.
2143 3512 2316 3564 Turic.
2358 3530 2427 3563 ne

1423 3592 1511 3645 hic
1535 3590 1748 3664 quidem
1773 3592 2048 3642 memorari
2073 3593 2248 3642 miror.

1498 3669 1547 3722 5.
1586 3669 1846 3730 Οναεοηζςς
1879 3670 1954 3719 sic
1983 3668 2162 3720 Turio.
2193 3668 2424 3722 Florent.

1425 3749 1602 3803 Guelf.
1631 3751 1792 3802 Cur.
1823 3746 1985 3800 Goth.
2012 3750 2156 3801 Jens.
2190 3747 2428 3819 (tacente

1427 3828 1611 3899 Gesn.)
1628 3846 1749 3879 cum
1768 3830 1921 3878 Voss.
1948 3844 1991 3893 ι,
2014 3845 2040 3879 2
2056 3864 2073 3892 ‚
2094 3842 2146 3879 et
2165 3827 2284 3879 edd.
2306 3843 2429 3880 ante

1429 3906 1554 3959 Bacl.
1584 3905 1794 3976 Reliqui
1820 3906 2070 3958 omtoriis.
2105 3907 2216 3958 llos
2241 3908 2433 3959 imitari

1430 3986 1613 4056 religio
1643 3987 1773 4050 fuit,
1799 4003 1962 4056 quum
1990 3985 2202 4037 oratorii
2230 3986 2434 4038 numeri

1430 4063 1573 4137 apud
1611 4062 1830 4134 Quintil.
1864 4061 2077 4133 quidem
2113 4060 2243 4114 nihil
2278 4061 2434 4133 plane

1430 4146 1637 4215 possint
1651 4141 1881 4195 indicare
1893 4180 1909 4208 ‚
1926 4142 2024 4194 nisi
2040 4143 2435 4214 compositionis
2541 4185 2556 4198 .
