3200 5159
787 496 866 547 22

1345 485 1437 545 M.
1477 479 1706 546 FABu
1743 473 2300 565 QmNTILIANt

700 617 713 626 '
785 628 916 680 est:
945 605 1109 678 nam
1138 607 1499 698 omnium,
1534 633 1974 707 quaecunque
2015 622 2031 652 ¹
2056 607 2426 698 docemus,
2461 622 2485 652 ²
2509 607 2640 681 hoc
2677 603 2888 681 ³sunt

783 713 1536 822 exempla‘potentiora
1583 723 1793 794 etiam
1842 722 2044 820 ipsiS,
2089 750 2244 821 quoe
2288 723 2690 813 traduntur,
2726 723 2891 794 arti-

781 835 914 907 bus
932 835 986 925 4,
1014 864 1235 933 quum
1264 864 1378 926 eo,
1403 837 1526 936 qui
1558 837 1790 927 discit,
1827 838 2204 936 perductus
2231 859 2361 928 est,
2395 860 2470 911 ut
2495 837 2882 936 intelligere

780 981 860 1024 ea
888 954 1037 1025 sine
1070 952 1625 1044 demonstrante,
1661 977 1727 1028 et
1758 956 1955 1052 sequi
1981 955 2132 1055 jam
2165 956 2310 1027 suis
2339 956 2600 1028 viribus
2632 956 2880 1055 possit;

686 1095 746 1147 16
780 1070 976 1167 quia,
1012 1097 1166 1167 quae
1202 1071 1440 1142 doctor
1472 1071 1797 1170 praecepit
1811 1070 1865 1160 ⁵,
1899 1093 2129 1143 orator
2162 1071 2487 1143 ostendit.
2532 1071 2689 1146 Alia
2720 1098 2881 1142 vero

781 1184 1138 1257 audientes
1157 1183 1213 1274 ⁶,
1250 1184 1386 1256 alia
1418 1185 1722 1285 legentes
1756 1186 1977 1285 magis
2022 1186 2390 1288 adjuvant:
2431 1187 2712 1275 excitat,
2759 1186 2882 1283 qui

781 1302 977 1390 dicit,
1011 1300 1258 1400 spiritu
1293 1301 1477 1401 ipso,
1511 1328 1643 1373 nec
1669 1302 1977 1401 imagine
2008 1323 2078 1380 et
2109 1301 2383 1373 ambitu
2420 1328 2652 1373 rerum
2674 1316 2731 1390 7,
2762 1302 2883 1372 sed

866 1527 912 1560 1.
953 1509 1226 1564 Docemus.
1269 1506 1588 1578 Suspicabar
1627 1509 1789 1562 fuisse

779 1588 955 1638 docem
964 1606 1041 1639 ur.
1055 1590 1242 1657 Neque
1263 1589 1401 1639 enim
1418 1587 1569 1639 valde
1586 1601 1789 1658 aptum,

782 1680 839 1716 nt
878 1685 934 1718 se
972 1685 1202 1737 suosque
1238 1669 1292 1718 in
1329 1665 1575 1718 docendo
1613 1669 1788 1720 socios

778 1743 864 1796 hic
901 1746 1147 1816 respiciat
1183 1744 1342 1797 solos.
1375 1744 1518 1811 Quid
1553 1744 1787 1796 homini-

779 1824 878 1876 bus
916 1828 970 1876 in
1005 1844 1197 1896 genere
1234 1824 1467 1892 accidat,
1500 1826 1788 1879 ostenden-

776 1905 902 1956 dum
928 1920 1021 1957 est.
1045 1907 1085 1956 Ii
1107 1904 1320 1976 quidem
1339 1905 1550 1957 discunt
1574 1924 1784 1972 omnes,

775 2003 885 2037 non
922 1983 1132 2036 docent.
1165 1985 1301 2051 Quia
1331 1998 1507 2036 tamen
1546 2002 1668 2036 mox
1706 1997 1785 2034 est

776 2066 871 2137 qui
902 2065 1076 2129 discit,
1105 2064 1381 2117 retinenda
1408 2081 1550 2117 nunc
1576 2063 1785 2116 videtur

772 2142 1001 2212 vulgata.

845 2242 893 2274 a.
916 2225 1089 2275 Hoc...
1114 2225 1256 2296 quia.
1276 2226 1400 2275 Haec
1419 2227 1556 2275 inter
1574 2242 1632 2276 se
1655 2225 1783 2274 invi-

775 2322 889 2354 cem
926 2304 1252 2368 referuntur,
1279 2306 1429 2375 quasi
1450 2313 1780 2375 propterea...

772 2384 928 2456 quod.
946 2383 1105 2435 Nulla
1121 2397 1300 2436 autem
1314 2386 1447 2444 ratio
1466 2382 1561 2435 hod
1580 2397 1783 2434 struen-

771 2461 962 2516 dicum
976 2466 1341 2534 comparativo
1347 2463 1644 2535 potentiora
1657 2482 1722 2534 qu
1731 2483 1783 2514 a·

726 2559 733 2564 ·
773 2542 816 2591 si
840 2539 1041 2592 dictum
1063 2560 1162 2612 pro
1189 2551 1352 2592 tanto.

844 2618 895 2670 3.
922 2619 1039 2670 Hoc
1066 2632 1201 2672 sunt.
1233 2615 1441 2686 Turio„
1467 2619 1557 2671 hec
1574 2639 1612 2673 s.
1639 2621 1777 2673 Flor.

774 2697 951 2750 Guelf.
982 2698 1178 2762 Cum,
1210 2697 1317 2748 hoec
1343 2717 1412 2762 s.,
1453 2716 1575 2750 cum
1617 2697 1777 2750 Goth.

768 2787 896 2840 (tac.
922 2774 1106 2844 Gesn.)
1128 2779 1280 2828 VosS.
1312 2795 1338 2827 τι
1370 2774 1483 2845 (sed
1507 2775 1593 2828 hic
1619 2795 1648 2828 a
1674 2795 1777 2830 sec.

772 2869 933 2908 manu
958 2855 1255 2926 nostrum),
1276 2854 1413 2907 Alm.
1439 2870 1491 2908 et
1516 2855 1635 2908 edd.
1662 2873 1783 2912 ante

773 2933 895 2987 ΑΜ.
924 2937 1116 3004 Regius
1148 2937 1397 3002 correxit,
1424 2955 1533 2989 non
1564 2940 1674 2989 sine
1703 2940 1785 2990 in·-

772 3015 959 3084 geni0,
1001 3013 1117 3066 vide
1160 3016 1231 3078 ll,
1274 3031 1358 3078 21,
1399 3013 1487 3080 ¹43
1529 3016 1653 3068 item
1695 3013 1784 3069 hic

775 3091 823 3159 S.
853 3092 950 3156 34,
981 3091 1072 3144 ubi
1113 3115 1135 3137 α
1159 3091 1266 3144 hoec
1292 3096 1591 3168 potentiora
1615 3117 1636 3140 n
1669 3095 1783 3147 Tu·

773 3173 867 3223 ric.
901 3172 1041 3223 Flor.
1077 3171 1142 3242 (a
1181 3181 1285 3225 sec.
1326 3191 1486 3226 manu
1524 3174 1785 3248 uterque)

775 3249 949 3301 Guelf.
985 3251 1144 3302 cim».
1180 3269 1302 3302 cum
1337 3249 1499 3301 Goth.
1532 3255 1684 3303 Voss.
1724 3268 1781 3316 a,

773 3329 916 3381 Jens.
943 3331 1096 3384 Tarv.
1117 3368 1133 3396 ,
1163 3331 1457 3400 corrigente
1489 3331 1645 3382 etiam
1677 3332 1782 3382 Rc-

771 3410 878 3477 gio.
899 3438 967 3446 —
993 3410 1173 3460 Nostri
1220 3407 1327 3459 hoec
1375 3418 1520 3471 sunt,
1575 3422 1780 3482 except.

775 3485 909 3537 vall.
938 3484 1059 3549 lib.,
1085 3487 1174 3557 qui
1202 3484 1298 3538 hoc
1322 3495 1458 3536 sunt.
1484 3485 1576 3535 En.

850 3563 901 3629 4.
934 3564 1159 3614 Artibus.
1189 3561 1324 3614 Vide
1348 3563 1419 3630 Π,
1452 3559 1541 3629 15,
1566 3563 1599 3628 4
1624 3560 1780 3634 (pag.

774 3641 877 3695 332
904 3641 1126 3711 hujusce
1152 3633 1433 3705 editionis,
1453 3656 1565 3693 not.
1599 3641 1693 3712 2);
1723 3645 1778 3693 it.

771 3723 917 3788 VIII,
943 3723 1003 3786 3,
1034 3742 1091 3785 23
1115 3721 1216 3787 xl,
1246 3738 1292 3788 1,
1322 3721 1406 3788 54.
1430 3723 1666 3794 Apparet
1694 3721 1781 3773 hic.

770 3801 1027 3871 pluralem
1055 3800 1159 3852 dici
1183 3797 1250 3852 de
1269 3799 1507 3872 pluribus
1532 3800 1631 3852 illis
1651 3819 1781 3871 prae·

768 3882 961 3951 ceptis,
990 3878 1181 3952 quihus
1211 3880 1510 3929 continetur
1536 3890 1650 3928 tota
1674 3895 1774 3928 ars.

769 3958 1099 4009 Annotarant
1125 3956 1228 4009 hoc
1258 3956 1499 4025 Stigelius
1524 3970 1575 4008 et
1595 3955 1774 4008 Land-

764 4036 993 4087 sidelius.

1868 1508 2078 1581 Reliqui
2099 1511 2354 1581 punc-ipit.
2380 1511 2480 1562 Pro
2504 1508 2686 1564 doctor
2706 1520 2884 1566 autem

1868 1586 2022 1641 decor
2059 1587 2219 1639 Goth.
2249 1591 2404 1664 Vonss.
2447 1605 2506 1653 2,
2546 1605 2642 1658 par
2677 1585 2879 1638 nobile.

1866 1667 2001 1719 vide
2024 1667 2125 1733 IX,
2149 1668 2210 1734 4,
2241 1668 2335 1731 86;
2365 1665 2607 1720 item-hic
2629 1669 2678 1735 S.
2710 1684 2792 1737 27.

1936 1745 1988 1798 6.
2017 1747 2325 1812 Audientes,
2364 1744 2472 1798 alia
2510 1745 2762 1819 legerius,-
2801 1747 2878 1797 sic

1865 1826 2136 1878 Turicens.
2163 1827 2302 1878 Flor.
2328 1826 2503 1878 Guelf.
2528 1819 2688 1877 Cim.
2711 1823 2877 1878 Goth.

1865 1903 1996 1975 (tac.
2027 1906 2220 1978 Gesn.)
2244 1925 2363 1958 cum
2396 1910 2546 1958 Voss.
2591 1923 2636 1956 2.
2671 1904 2883 1976 Reliqui

1867 1985 1966 2058 leq.
1995 1985 2065 2038 al.
2093 1986 2213 2038 aud.

1910 2069 1986 2137 '7.
2020 2068 2240 2118 Ambitu
2270 2085 2460 2118 rerum.
2491 2068 2626 2118 Huic
2655 2084 2754 2136 ego
2790 2067 2877 2119 lo-

1865 2148 2068 2198 cutioni
2107 2147 2436 2210 insolentiori
2475 2165 2584 2197 non
2624 2146 2883 2199 concilior

1865 2225 1988 2277 loco
2009 2226 2266 2291 Pliniano,
2283 2245 2390 2296 quo
2413 2224 2617 2276 mollire
2638 2243 2752 2276 eam
2775 2239 2883 2278 stu-³

1865 2301 1954 2355 det
1974 2307 2266 2368 Gesnerus,
2283 2306 2348 2355 H.
2370 2305 2437 2355 N.
2455 2303 2570 2366 XV,
2592 2303 2688 2370 30,
2712 2300 2850 2373 §.39
2866 2342 2883 2370 ,

1867 2383 1959 2436 ubi
1987 2383 2203 2458 aliquod
2227 2383 2361 2435 lauri
2385 2401 2552 2452 genus
2578 2400 2742 2452 quum
2766 2382 2882 2433 dic-

1865 2475 1976 2513 tum
2012 2476 2091 2515 est
2125 2482 2239 2518 esse
2268 2464 2321 2513 in
2350 2462 2547 2512 ambitu
2575 2463 2881 2526 nominum,

1867 2541 2060 2595 deinde
2081 2539 2357 2612 complura
2380 2543 2493 2610 ejus
2511 2539 2771 2591 vocabula
2794 2559 2882 2591 re-

1863 2635 2162 2674 censentur.
2209 2621 2338 2673 Inde
2380 2622 2647 2676 Gesner-us
2685 2619 2878 2687 efficit,

1861 2699 2116 2754 ambitum
2140 2721 2254 2753 esse
2276 2721 2373 2774 pro
2395 2700 2751 2774 descriptione,
2773 2701 2882 2752 sive

1859 2779 2168 2851 periphrasi.
2210 2779 2437 2832 Facilius
2472 2777 2634 2829 feram
2670 2776 2878 2844 habitu,

1866 2875 2185 2930 quamquam
2240 2869 2291 2912 et
2339 2858 2512 2932 ipsum
2563 2857 2688 2907 satis
2740 2875 2878 2908 nove

1865 2933 2080 2985 dictum.
2121 2935 2349 2986 Pertinet
2388 2946 2563 2988 tamen
2605 2933 2675 2985 ad
2717 2953 2878 2988 omne

1864 3021 2227 3081 tegumentum
2255 3015 2507 3074 exterius;
2541 3026 2596 3063 ut
2629 3026 2706 3064 est
2733 3013 2876 3084 apud

1863 3091 1971 3143 Cic.
1993 3093 2072 3142 De
2093 3094 2238 3144 Orat.
2257 3093 2354 3154 ΙΙΙ,
2376 3091 2469 3157 52,
2497 3112 2518 3136 ιι
2543 3091 2745 3146 habitus
2765 3111 2877 3146 ora-

1869 3192 1892 3215 σι
1911 3171 2068 3220 tionis
2091 3182 2141 3221 et
2163 3170 2312 3239 quasi
2334 3167 2499 3218 color.
2520 3191 2542 3212 n
2567 3168 2764 3220 Noster
2778 3169 2874 3232 VI,

1864 3247 1929 3313 3,
1957 3248 2175 3310 26;1X,
2202 3249 2264 3315 4,
2289 3247 2388 3314 34,
2423 3269 2445 3293 α
2468 3245 2672 3300 habitus
2699 3250 2822 3299 oris.
2849 3271 2871 3292 n

1861 3327 2225 3380 Landsidelius
2237 3328 2486 3378 ambitum
2502 3328 2876 3399 interpretatur

1868 3425 1890 3454 σι
1911 3409 2242 3459 artificiosam
2257 3405 2785 3479 comprehensionem
2799 3419 2876 3456 at-

1868 3510 1889 3531 a
1912 3505 2014 3557 que
2042 3486 2446 3557 explicationem
2476 3504 2649 3536 rerum
2680 3484 2749 3536 ad
2782 3504 2876 3536 au-

1868 3588 1890 3612 κ
1911 3564 2209 3636 cupandam
2239 3565 2478 3634 gratiam.
2501 3587 2522 3610 n
2563 3562 2874 3634 Respondet

1861 3645 2028 3714 ntiqui
2056 3641 2277 3716 imaqini
2295 3641 2381 3693 hic
2405 3643 2509 3693 sive
2527 3642 2781 3707 ambitus,
2804 3644 2869 3693 si-

1860 3742 1921 3774 ve
1952 3721 2185 3786 habitus,
2227 3731 2678 3794 opponunturque
2711 3721 2869 3772 simul

1859 3802 2004 3854 rebus
2030 3800 2163 3872 ipsis.
2193 3798 2359 3850 Modo
2387 3797 2592 3870 spiritus
2616 3812 2697 3850 est
2719 3799 2868 3850 calor

1859 3894 1910 3932 et
1939 3879 2270 3932 vehementia
2305 3877 2557 3944 dicentia,
2598 3897 2706 3929 non
2750 3882 2869 3954 qui-

1855 3957 2004 4025 dem,
2024 3972 2083 4010 ut
2105 3957 2464 4009 Melanthonis
2482 3958 2584 4010 fert
2607 3961 2772 4024 ratio,
2800 3959 2869 4009 vi-

1855 4050 1936 4100 τας
1962 4057 2059 4090 nec
2089 4039 2212 4090 satis
2237 4037 2411 4108 probo
2441 4037 2743 4107 Stigelium,
2772 4041 2862 4110 qui

839 4113 887 4165 5.
922 4115 1202 4186 Proecepit;
1234 4116 1306 4167 sic
1334 4116 1508 4166 Turic.
1540 4115 1771 4168 Florent.
1851 4127 2051 4170 motum
2079 4117 2150 4167 ait
2180 4134 2292 4167 esse
2332 4118 2583 4168 orationis
2623 4139 2645 4161 «ι
2669 4119 2759 4187 qui
2801 4120 2863 4169 sit

764 4192 938 4244 Guelf.
958 4212 1077 4245 cum
1097 4195 1240 4246 Jens.
1265 4195 1390 4264 (tac.
1412 4193 1596 4264 Gesn.)
1614 4196 1768 4258 ‘ljarxu

1858 4215 1948 4249 «ex
1955 4198 2073 4266 jure
2085 4197 2462 4248 sententiarum
2473 4209 2525 4249 et
2535 4194 2820 4250 schemate.
2833 4213 2856 4243 ιε
