<?xml version="1.0" encoding="UTF-8"?>
<!DOCTYPE html PUBLIC "-//W3C//DTD XHTML 1.0 Transitional//EN"
    "http://www.w3.org/TR/xhtml1/DTD/xhtml1-transitional.dtd">
<html xmlns="http://www.w3.org/1999/xhtml" xml:lang="en" lang="en">
 <head>
  <title>
</title>
<meta http-equiv="Content-Type" content="text/html;charset=utf-8" />
  <meta name='ocr-system' content='tesseract 3.04.00' />
  <meta name='ocr-capabilities' content='ocr_page ocr_carea ocr_par ocr_line ocrx_word'/>
</head>
<body>
  <div class='ocr_page' id='page_1' title='image "./deinstitutioneo00unkngoog_0124.png"; bbox 0 0 3200 5159; ppageno 0'>
   <div class='ocr_carea' id='block_1_1' title="bbox 743 509 902 593">
    <p class='ocr_par' dir='ltr' id='par_1_1' title="bbox 743 509 902 593">
     <span class='ocr_line' id='line_1_1' title="bbox 743 509 902 593; baseline 0 -79"><span class='ocrx_word' id='word_1_1' title='bbox 743 509 902 593; x_wconf 59' lang='lat'>‚90</span> 
     </span>
    </p>
   </div>
   <div class='ocr_carea' id='block_1_2' title="bbox 1384 501 2345 588">
    <p class='ocr_par' dir='ltr' id='par_1_2' title="bbox 1384 501 2345 588">
     <span class='ocr_line' id='line_1_2' title="bbox 1384 501 2345 588; baseline -0.003 -17"><span class='ocrx_word' id='word_1_2' title='bbox 1384 505 1481 571; x_wconf 81' lang='lat' dir='ltr'>M.</span> <span class='ocrx_word' id='word_1_3' title='bbox 1519 503 1748 570; x_wconf 71' lang='lat' dir='ltr'>mnu</span> <span class='ocrx_word' id='word_1_4' title='bbox 1784 501 2345 588; x_wconf 73' lang='lat' dir='ltr'>QmN&#39;rlLlAm</span> 
     </span>
    </p>
   </div>
   <div class='ocr_carea' id='block_1_3' title="bbox 816 621 2923 726">
    <p class='ocr_par' dir='ltr' id='par_1_3' title="bbox 816 621 2923 726">
     <span class='ocr_line' id='line_1_3' title="bbox 816 621 2923 726; baseline -0 -25"><span class='ocrx_word' id='word_1_5' title='bbox 816 629 940 701; x_wconf 85' lang='lat' dir='ltr'>bet</span> <span class='ocrx_word' id='word_1_6' title='bbox 957 640 975 671; x_wconf 86' lang='lat'>¹</span> <span class='ocrx_word' id='word_1_7' title='bbox 1006 625 1379 719; x_wconf 84' lang='lat' dir='ltr'>amatores,</span> <span class='ocrx_word' id='word_1_8' title='bbox 1404 654 1534 701; x_wconf 83' lang='lat' dir='ltr'>nec</span> <span class='ocrx_word' id='word_1_9' title='bbox 1559 621 1942 701; x_wconf 81' lang='lat' dir='ltr'>imitatores</span> <span class='ocrx_word' id='word_1_10' title='bbox 1958 640 2024 718; x_wconf 80' lang='lat'>²3</span> <span class='ocrx_word' id='word_1_11' title='bbox 2051 646 2131 700; x_wconf 91' lang='lat' dir='ltr'>ut</span> <span class='ocrx_word' id='word_1_12' title='bbox 2148 625 2462 719; x_wconf 85' lang='lat' dir='ltr'>libertas,</span> <span class='ocrx_word' id='word_1_13' title='bbox 2482 647 2923 726; x_wconf 85' lang='lat' dir='ltr'>quamquam</span> 
     </span>
    </p>
   </div>
   <div class='ocr_carea' id='block_1_4' title="bbox 821 816 1830 894">
    <p class='ocr_par' dir='ltr' id='par_1_4' title="bbox 821 816 1830 894">
     <span class='ocr_line' id='line_1_4' title="bbox 821 816 1830 894; baseline -0.001 -23"><span class='ocrx_word' id='word_1_14' title='bbox 821 820 1110 891; x_wconf 77' lang='lat' dir='ltr'>praesertim</span> <span class='ocrx_word' id='word_1_15' title='bbox 1124 819 1178 870; x_wconf 80' lang='lat' dir='ltr'>in</span> <span class='ocrx_word' id='word_1_16' title='bbox 1186 816 1351 894; x_wconf 65' lang='lat' dir='ltr'>teluqi</span> <span class='ocrx_word' id='word_1_17' title='bbox 1365 838 1505 886; x_wconf 82' lang='lat' dir='ltr'>eum,</span> <span class='ocrx_word' id='word_1_18' title='bbox 1517 836 1677 889; x_wconf 86' lang='lat' dir='ltr'>quem</span> <span class='ocrx_word' id='word_1_19' title='bbox 1687 835 1830 870; x_wconf 87' lang='lat' dir='ltr'>nunc</span> 
     </span>
    </p>
   </div>
   <div class='ocr_carea' id='block_1_5' title="bbox 726 896 1831 965">
    <p class='ocr_par' dir='ltr' id='par_1_5' title="bbox 726 896 1831 965">
     <span class='ocr_line' id='line_1_5' title="bbox 726 896 1831 965; baseline -0.001 -17"><span class='ocrx_word' id='word_1_20' title='bbox 726 933 732 940; x_wconf 83' lang='lat'>-</span> <span class='ocrx_word' id='word_1_21' title='bbox 821 896 1036 965; x_wconf 84' lang='lat' dir='ltr'>quidem</span> <span class='ocrx_word' id='word_1_22' title='bbox 1075 915 1185 949; x_wconf 91' lang='lat' dir='ltr'>non</span> <span class='ocrx_word' id='word_1_23' title='bbox 1221 899 1491 962; x_wconf 74' lang='lat' dir='ltr'>nominet,</span> <span class='ocrx_word' id='word_1_24' title='bbox 1521 910 1628 949; x_wconf 86' lang='lat' dir='ltr'>tam</span> <span class='ocrx_word' id='word_1_25' title='bbox 1660 898 1831 950; x_wconf 80' lang='lat' dir='ltr'>confl-</span> 
     </span>
    </p>
   </div>
   <div class='ocr_carea' id='block_1_6' title="bbox 807 974 1833 2398">
    <p class='ocr_par' dir='ltr' id='par_1_6' title="bbox 807 974 1833 2398">
     <span class='ocr_line' id='line_1_6' title="bbox 818 974 1833 1049; baseline 0.002 -23"><span class='ocrx_word' id='word_1_26' title='bbox 818 974 1006 1028; x_wconf 82' lang='lat' dir='ltr'>tlenter</span> <span class='ocrx_word' id='word_1_27' title='bbox 1020 975 1162 1029; x_wconf 83' lang='lat' dir='ltr'>dicat</span> <span class='ocrx_word' id='word_1_28' title='bbox 1178 977 1419 1049; x_wconf 78' lang='lat' dir='ltr'>scriptor.</span> <span class='ocrx_word' id='word_1_29' title='bbox 1436 976 1495 1029; x_wconf 85' lang='lat' dir='ltr'>ld</span> <span class='ocrx_word' id='word_1_30' title='bbox 1512 994 1728 1048; x_wconf 82' lang='lat' dir='ltr'>quoque</span> <span class='ocrx_word' id='word_1_31' title='bbox 1742 996 1833 1031; x_wconf 84' lang='lat' dir='ltr'>ex-</span> 
     </span>
     <span class='ocr_line' id='line_1_7' title="bbox 818 1056 1829 1130; baseline 0.001 -23"><span class='ocrx_word' id='word_1_32' title='bbox 818 1056 963 1108; x_wconf 83' lang='lat' dir='ltr'>cludi</span> <span class='ocrx_word' id='word_1_33' title='bbox 985 1056 1191 1109; x_wconf 82' lang='lat' dir='ltr'>videtur</span> <span class='ocrx_word' id='word_1_34' title='bbox 1212 1056 1295 1109; x_wconf 84' lang='lat' dir='ltr'>his</span> <span class='ocrx_word' id='word_1_35' title='bbox 1323 1072 1427 1111; x_wconf 83' lang='lat' dir='ltr'>tam</span> <span class='ocrx_word' id='word_1_36' title='bbox 1453 1058 1639 1109; x_wconf 80' lang='lat' dir='ltr'>effusis</span> <span class='ocrx_word' id='word_1_37' title='bbox 1663 1059 1829 1130; x_wconf 88' lang='lat' dir='ltr'>scrip-</span> 
     </span>
     <span class='ocr_line' id='line_1_8' title="bbox 819 1131 1832 1207; baseline 0.001 -22"><span class='ocrx_word' id='word_1_38' title='bbox 819 1135 947 1186; x_wconf 85' lang='lat' dir='ltr'>toris</span> <span class='ocrx_word' id='word_1_39' title='bbox 970 1131 1245 1202; x_wconf 82' lang='lat' dir='ltr'>laudibus,</span> <span class='ocrx_word' id='word_1_40' title='bbox 1268 1133 1596 1188; x_wconf 78' lang='lat' dir='ltr'>intercidisse</span> <span class='ocrx_word' id='word_1_41' title='bbox 1619 1149 1832 1207; x_wconf 85' lang='lat' dir='ltr'>tempo·</span> 
     </span>
     <span class='ocr_line' id='line_1_9' title="bbox 819 1213 1828 1282; baseline 0.003 -19"><span class='ocrx_word' id='word_1_42' title='bbox 819 1231 939 1264; x_wconf 82' lang='lat' dir='ltr'>rum</span> <span class='ocrx_word' id='word_1_43' title='bbox 981 1213 1172 1282; x_wconf 83' lang='lat' dir='ltr'>injuria</span> <span class='ocrx_word' id='word_1_44' title='bbox 1208 1227 1263 1266; x_wconf 87' lang='lat' dir='ltr'>et</span> <span class='ocrx_word' id='word_1_45' title='bbox 1298 1233 1494 1267; x_wconf 85' lang='lat' dir='ltr'>nomen</span> <span class='ocrx_word' id='word_1_46' title='bbox 1525 1227 1593 1266; x_wconf 89' lang='lat' dir='ltr'>·et</span> <span class='ocrx_word' id='word_1_47' title='bbox 1634 1215 1828 1266; x_wconf 86' lang='lat' dir='ltr'>famam</span> 
     </span>
     <span class='ocr_line' id='line_1_10' title="bbox 815 1292 1829 1364; baseline 0.001 -21"><span class='ocrx_word' id='word_1_48' title='bbox 815 1292 961 1360; x_wconf 83' lang='lat' dir='ltr'>ejus,</span> <span class='ocrx_word' id='word_1_49' title='bbox 986 1311 1144 1364; x_wconf 86' lang='lat' dir='ltr'>quem</span> <span class='ocrx_word' id='word_1_50' title='bbox 1172 1292 1260 1345; x_wconf 83' lang='lat' dir='ltr'>hic</span> <span class='ocrx_word' id='word_1_51' title='bbox 1284 1293 1666 1346; x_wconf 86' lang='lat' dir='ltr'>commendarit</span> <span class='ocrx_word' id='word_1_52' title='bbox 1685 1295 1829 1346; x_wconf 86' lang='lat' dir='ltr'>Nos—</span> 
     </span>
     <span class='ocr_line' id='line_1_11' title="bbox 819 1371 1829 1443; baseline 0.003 -21"><span class='ocrx_word' id='word_1_53' title='bbox 819 1384 917 1423; x_wconf 82' lang='lat' dir='ltr'>ter.</span> <span class='ocrx_word' id='word_1_54' title='bbox 955 1371 1147 1443; x_wconf 77' lang='lat' dir='ltr'>Aliqua</span> <span class='ocrx_word' id='word_1_55' title='bbox 1183 1374 1314 1423; x_wconf 86' lang='lat' dir='ltr'>tanti</span> <span class='ocrx_word' id='word_1_56' title='bbox 1345 1374 1543 1443; x_wconf 74' lang='lat' dir='ltr'>ingenii</span> <span class='ocrx_word' id='word_1_57' title='bbox 1571 1374 1829 1425; x_wconf 86' lang='lat' dir='ltr'>memoria</span> 
     </span>
     <span class='ocr_line' id='line_1_12' title="bbox 814 1449 1828 1523; baseline 0.001 -21"><span class='ocrx_word' id='word_1_58' title='bbox 814 1449 884 1502; x_wconf 90' lang='lat' dir='ltr'>ad</span> <span class='ocrx_word' id='word_1_59' title='bbox 910 1468 1008 1508; x_wconf 67' lang='lat' dir='ltr'>noa</span> <span class='ocrx_word' id='word_1_60' title='bbox 1032 1467 1246 1523; x_wconf 85' lang='lat' dir='ltr'>quoque</span> <span class='ocrx_word' id='word_1_61' title='bbox 1273 1464 1384 1508; x_wconf 79' lang='lat' dir='ltr'>erat</span> <span class='ocrx_word' id='word_1_62' title='bbox 1404 1464 1723 1523; x_wconf 81' lang='lat' dir='ltr'>perventura</span> <span class='ocrx_word' id='word_1_63' title='bbox 1739 1489 1755 1518; x_wconf 89' lang='lat'><strong>‚</strong></span> <span class='ocrx_word' id='word_1_64' title='bbox 1784 1454 1828 1503; x_wconf 91' lang='lat' dir='ltr'>si</span> 
     </span>
     <span class='ocr_line' id='line_1_13' title="bbox 814 1530 1825 1604; baseline 0.003 -23"><span class='ocrx_word' id='word_1_65' title='bbox 814 1532 1042 1582; x_wconf 81' lang='lat' dir='ltr'>maxime</span> <span class='ocrx_word' id='word_1_66' title='bbox 1073 1532 1268 1604; x_wconf 86' lang='lat' dir='ltr'>scripta</span> <span class='ocrx_word' id='word_1_67' title='bbox 1298 1530 1507 1584; x_wconf 83' lang='lat' dir='ltr'>sublata</span> <span class='ocrx_word' id='word_1_68' title='bbox 1540 1543 1731 1584; x_wconf 83' lang='lat' dir='ltr'>essent.</span> <span class='ocrx_word' id='word_1_69' title='bbox 1765 1533 1825 1584; x_wconf 86' lang='lat' dir='ltr'>In</span> 
     </span>
     <span class='ocr_line' id='line_1_14' title="bbox 812 1599 1825 1683; baseline 0.002 -24"><span class='ocrx_word' id='word_1_70' title='bbox 812 1599 918 1659; x_wconf 70' lang='lat' dir='ltr'>illo*</span> <span class='ocrx_word' id='word_1_71' title='bbox 934 1608 1264 1683; x_wconf 60' lang='lat' dir='ltr'>intelligendi</span> <span class='ocrx_word' id='word_1_72' title='bbox 1284 1608 1474 1675; x_wconf 83' lang='lat' dir='ltr'>verbo,</span> <span class='ocrx_word' id='word_1_73' title='bbox 1496 1607 1619 1662; x_wconf 74' lang='lat' dir='ltr'>vide</span> <span class='ocrx_word' id='word_1_74' title='bbox 1641 1611 1739 1676; x_wconf 83' lang='lat' dir='ltr'>VI,</span> <span class='ocrx_word' id='word_1_75' title='bbox 1763 1609 1825 1675; x_wconf 83' lang='lat'>3,</span> 
     </span>
     <span class='ocr_line' id='line_1_15' title="bbox 813 1687 1826 1761; baseline 0 -21"><span class='ocrx_word' id='word_1_76' title='bbox 813 1687 903 1740; x_wconf 83' lang='lat'>38.</span> <span class='ocrx_word' id='word_1_77' title='bbox 928 1690 1174 1742; x_wconf 87' lang='lat' dir='ltr'>Tacitum</span> <span class='ocrx_word' id='word_1_78' title='bbox 1195 1702 1372 1742; x_wconf 90' lang='lat' dir='ltr'>autem</span> <span class='ocrx_word' id='word_1_79' title='bbox 1397 1708 1506 1761; x_wconf 89' lang='lat' dir='ltr'>quo</span> <span class='ocrx_word' id='word_1_80' title='bbox 1534 1691 1709 1741; x_wconf 87' lang='lat' dir='ltr'>minus</span> <span class='ocrx_word' id='word_1_81' title='bbox 1737 1687 1826 1741; x_wconf 84' lang='lat' dir='ltr'>bic</span> 
     </span>
     <span class='ocr_line' id='line_1_16' title="bbox 814 1766 1828 1840; baseline 0.004 -23"><span class='ocrx_word' id='word_1_82' title='bbox 814 1768 1140 1819; x_wconf 76' lang='lat' dir='ltr'>inveniamus</span> <span class='ocrx_word' id='word_1_83' title='bbox 1150 1805 1168 1833; x_wconf 91' lang='grc'>,</span> <span class='ocrx_word' id='word_1_84' title='bbox 1181 1766 1347 1819; x_wconf 86' lang='lat' dir='ltr'>multa</span> <span class='ocrx_word' id='word_1_85' title='bbox 1363 1783 1489 1821; x_wconf 81' lang='lat' dir='ltr'>sanc</span> <span class='ocrx_word' id='word_1_86' title='bbox 1504 1781 1731 1840; x_wconf 83' lang='lat' dir='ltr'>possunt</span> <span class='ocrx_word' id='word_1_87' title='bbox 1743 1787 1828 1821; x_wconf 81' lang='lat' dir='ltr'>ve-</span> 
     </span>
     <span class='ocr_line' id='line_1_17' title="bbox 811 1845 1823 1919; baseline 0.007 -26"><span class='ocrx_word' id='word_1_88' title='bbox 811 1855 962 1905; x_wconf 57' lang='grc' dir='ltr'>ιιι-ω</span> <span class='ocrx_word' id='word_1_89' title='bbox 988 1861 1216 1915; x_wconf 84' lang='lat' dir='ltr'>quorum</span> <span class='ocrx_word' id='word_1_90' title='bbox 1238 1858 1415 1898; x_wconf 84' lang='lat' dir='ltr'>tamen</span> <span class='ocrx_word' id='word_1_91' title='bbox 1437 1845 1595 1914; x_wconf 81' lang='lat' dir='ltr'>illud,</span> <span class='ocrx_word' id='word_1_92' title='bbox 1621 1847 1767 1919; x_wconf 88' lang='lat' dir='ltr'>quod</span> <span class='ocrx_word' id='word_1_93' title='bbox 1793 1865 1823 1899; x_wconf 91' lang='lat' dir='ltr'>a</span> 
     </span>
     <span class='ocr_line' id='line_1_18' title="bbox 813 1922 1826 1998; baseline 0.007 -26"><span class='ocrx_word' id='word_1_94' title='bbox 813 1934 1055 1994; x_wconf 81' lang='lat' dir='ltr'>tempore</span> <span class='ocrx_word' id='word_1_95' title='bbox 1078 1922 1204 1976; x_wconf 88' lang='lat' dir='ltr'>editi</span> <span class='ocrx_word' id='word_1_96' title='bbox 1233 1923 1301 1975; x_wconf 85' lang='lat' dir='ltr'>ab</span> <span class='ocrx_word' id='word_1_97' title='bbox 1330 1943 1395 1977; x_wconf 90' lang='lat' dir='ltr'>eo</span> <span class='ocrx_word' id='word_1_98' title='bbox 1425 1928 1600 1998; x_wconf 82' lang='lat' dir='ltr'>operis</span> <span class='ocrx_word' id='word_1_99' title='bbox 1629 1928 1826 1998; x_wconf 82' lang='lat' dir='ltr'>repeti-</span> 
     </span>
     <span class='ocr_line' id='line_1_19' title="bbox 813 1997 1824 2073; baseline 0.007 -21"><span class='ocrx_word' id='word_1_100' title='bbox 813 2013 918 2068; x_wconf 83' lang='lat' dir='ltr'>tur,</span> <span class='ocrx_word' id='word_1_101' title='bbox 954 2016 1322 2073; x_wconf 72' lang='lat' dir='ltr'>argumentum</span> <span class='ocrx_word' id='word_1_102' title='bbox 1355 2007 1480 2058; x_wconf 83' lang='lat' dir='ltr'>satis</span> <span class='ocrx_word' id='word_1_103' title='bbox 1513 1997 1824 2073; x_wconf 64' lang='lat' dir='ltr'>infirmatur,</span> 
     </span>
     <span class='ocr_line' id='line_1_20' title="bbox 811 2079 1824 2154; baseline 0.007 -21"><span class='ocrx_word' id='word_1_104' title='bbox 811 2082 886 2147; x_wconf 83' lang='lat' dir='ltr'>si,</span> <span class='ocrx_word' id='word_1_105' title='bbox 907 2081 967 2134; x_wconf 82' lang='lat' dir='ltr'>id</span> <span class='ocrx_word' id='word_1_106' title='bbox 991 2083 1136 2154; x_wconf 85' lang='lat' dir='ltr'>quod</span> <span class='ocrx_word' id='word_1_107' title='bbox 1161 2079 1336 2138; x_wconf 74' lang='lat' dir='ltr'>But-m.</span> <span class='ocrx_word' id='word_1_108' title='bbox 1363 2099 1575 2153; x_wconf 84' lang='lat' dir='ltr'>monet,</span> <span class='ocrx_word' id='word_1_109' title='bbox 1598 2087 1824 2139; x_wconf 81' lang='lat' dir='ltr'>recitan-</span> 
     </span>
     <span class='ocr_line' id='line_1_21' title="bbox 812 2163 1825 2236; baseline 0.006 -24"><span class='ocrx_word' id='word_1_110' title='bbox 812 2173 919 2212; x_wconf 88' lang='lat' dir='ltr'>tem</span> <span class='ocrx_word' id='word_1_111' title='bbox 933 2163 1071 2214; x_wconf 70' lang='lat' dir='ltr'>inter</span> <span class='ocrx_word' id='word_1_112' title='bbox 1084 2165 1285 2216; x_wconf 79' lang='lat' dir='ltr'>amieos</span> <span class='ocrx_word' id='word_1_113' title='bbox 1297 2171 1320 2232; x_wconf 70' lang='grc' dir='ltr'><strong><em>ξ</em></strong></span> <span class='ocrx_word' id='word_1_114' title='bbox 1330 2183 1445 2236; x_wconf 78' lang='lat' dir='ltr'>quoe</span> <span class='ocrx_word' id='word_1_115' title='bbox 1461 2166 1701 2219; x_wconf 85' lang='lat' dir='ltr'>nondum</span> <span class='ocrx_word' id='word_1_116' title='bbox 1711 2165 1825 2218; x_wconf 79' lang='lat' dir='ltr'>vul-</span> 
     </span>
     <span class='ocr_line' id='line_1_22' title="bbox 809 2243 1823 2314; baseline 0.005 -22"><span class='ocrx_word' id='word_1_117' title='bbox 809 2245 1035 2310; x_wconf 72' lang='lat' dir='ltr'>gaverit,</span> <span class='ocrx_word' id='word_1_118' title='bbox 1051 2243 1329 2313; x_wconf 78' lang='lat' dir='ltr'>fingamus.</span> <span class='ocrx_word' id='word_1_119' title='bbox 1348 2244 1549 2314; x_wconf 80' lang='lat' dir='ltr'>Quales</span> <span class='ocrx_word' id='word_1_120' title='bbox 1567 2263 1676 2298; x_wconf 90' lang='lat' dir='ltr'>non</span> <span class='ocrx_word' id='word_1_121' title='bbox 1696 2245 1823 2298; x_wconf 86' lang='lat' dir='ltr'>solis</span> 
     </span>
     <span class='ocr_line' id='line_1_23' title="bbox 807 2322 1826 2398; baseline 0.005 -26"><span class='ocrx_word' id='word_1_122' title='bbox 807 2323 984 2394; x_wconf 74' lang='lat' dir='ltr'>poetis</span> <span class='ocrx_word' id='word_1_123' title='bbox 1006 2336 1058 2373; x_wconf 86' lang='lat' dir='ltr'>et</span> <span class='ocrx_word' id='word_1_124' title='bbox 1080 2322 1381 2398; x_wconf 75' lang='lat' dir='ltr'>qratoribus</span> <span class='ocrx_word' id='word_1_125' title='bbox 1400 2326 1826 2378; x_wconf 78' lang='lat' dir='ltr'>consuetasfuis-</span> 
     </span>
    </p>
   </div>
   <div class='ocr_carea' id='block_1_7' title="bbox 730 2401 1821 2466">
    <p class='ocr_par' dir='ltr' id='par_1_7' title="bbox 730 2401 1821 2466">
     <span class='ocr_line' id='line_1_24' title="bbox 730 2401 1821 2466; baseline 0.003 -14"><span class='ocrx_word' id='word_1_126' title='bbox 730 2440 741 2452; x_wconf 88' lang='lat'><strong>.</strong></span> <span class='ocrx_word' id='word_1_127' title='bbox 809 2419 868 2453; x_wconf 83' lang='lat' dir='ltr'>se</span> <span class='ocrx_word' id='word_1_128' title='bbox 903 2401 1239 2455; x_wconf 81' lang='lat' dir='ltr'>recitationes</span> <span class='ocrx_word' id='word_1_129' title='bbox 1275 2401 1821 2466; x_wconf 75' lang='lat' dir='ltr'>nemo&#39;dubitaverit3</span> 
     </span>
    </p>
   </div>
   <div class='ocr_carea' id='block_1_8' title="bbox 775 2480 1824 4295">
    <p class='ocr_par' dir='ltr' id='par_1_8' title="bbox 775 2480 1824 4295">
     <span class='ocr_line' id='line_1_25' title="bbox 808 2480 1819 2556; baseline 0.004 -24"><span class='ocrx_word' id='word_1_130' title='bbox 808 2480 928 2533; x_wconf 76' lang='lat' dir='ltr'>vide</span> <span class='ocrx_word' id='word_1_131' title='bbox 943 2483 996 2536; x_wconf 80' lang='lat' dir='ltr'>in</span> <span class='ocrx_word' id='word_1_132' title='bbox 1011 2482 1228 2535; x_wconf 79' lang='lat' dir='ltr'>Servilio</span> <span class='ocrx_word' id='word_1_133' title='bbox 1239 2484 1487 2536; x_wconf 80' lang='lat' dir='ltr'>Noniano</span> <span class='ocrx_word' id='word_1_134' title='bbox 1504 2482 1638 2535; x_wconf 89' lang='lat' dir='ltr'>Plin.</span> <span class='ocrx_word' id='word_1_135' title='bbox 1654 2484 1819 2556; x_wconf 84' lang='lat' dir='ltr'>Epist.</span> 
     </span>
     <span class='ocr_line' id='line_1_26' title="bbox 808 2559 1824 2632; baseline 0.004 -19"><span class='ocrx_word' id='word_1_136' title='bbox 808 2562 864 2626; x_wconf 83' lang='lat'>1,</span> <span class='ocrx_word' id='word_1_137' title='bbox 891 2563 982 2625; x_wconf 79' lang='lat'>13,</span> <span class='ocrx_word' id='word_1_138' title='bbox 1001 2560 1037 2613; x_wconf 90' lang='grc'>1.</span> <span class='ocrx_word' id='word_1_139' title='bbox 1060 2579 1139 2625; x_wconf 83' lang='lat' dir='ltr'>c.;</span> <span class='ocrx_word' id='word_1_140' title='bbox 1162 2559 1381 2616; x_wconf 85' lang='lat' dir='ltr'>Sueton.</span> <span class='ocrx_word' id='word_1_141' title='bbox 1403 2562 1589 2617; x_wconf 85' lang='lat' dir='ltr'>Claud.</span> <span class='ocrx_word' id='word_1_142' title='bbox 1614 2565 1700 2632; x_wconf 74' lang='lat'>41.</span> <span class='ocrx_word' id='word_1_143' title='bbox 1717 2566 1824 2617; x_wconf 78' lang='lat' dir='ltr'>Re-</span> 
     </span>
     <span class='ocr_line' id='line_1_27' title="bbox 807 2640 1823 2715; baseline 0.004 -24"><span class='ocrx_word' id='word_1_144' title='bbox 807 2653 990 2692; x_wconf 83' lang='lat' dir='ltr'>manet</span> <span class='ocrx_word' id='word_1_145' title='bbox 1031 2641 1311 2712; x_wconf 86' lang='lat' dir='ltr'>scrupulus</span> <span class='ocrx_word' id='word_1_146' title='bbox 1327 2678 1345 2707; x_wconf 82' lang='lat'>‚</span> <span class='ocrx_word' id='word_1_147' title='bbox 1386 2640 1536 2713; x_wconf 83' lang='lat' dir='ltr'>quod</span> <span class='ocrx_word' id='word_1_148' title='bbox 1573 2643 1695 2715; x_wconf 81' lang='lat' dir='ltr'>ipsa</span> <span class='ocrx_word' id='word_1_149' title='bbox 1733 2642 1823 2696; x_wconf 85' lang='lat' dir='ltr'>illa</span> 
     </span>
     <span class='ocr_line' id='line_1_28' title="bbox 807 2717 1823 2774; baseline 0.005 -5"><span class='ocrx_word' id='word_1_150' title='bbox 807 2718 980 2770; x_wconf 79' lang='lat' dir='ltr'>Taciti</span> <span class='ocrx_word' id='word_1_151' title='bbox 1013 2717 1230 2772; x_wconf 83' lang='lat' dir='ltr'>libertas</span> <span class='ocrx_word' id='word_1_152' title='bbox 1259 2720 1564 2772; x_wconf 85' lang='lat' dir='ltr'>Domitiano</span> <span class='ocrx_word' id='word_1_153' title='bbox 1598 2723 1823 2774; x_wconf 81' lang='lat' dir='ltr'>maxime</span> 
     </span>
     <span class='ocr_line' id='line_1_29' title="bbox 806 2796 1821 2864; baseline 0.005 -17"><span class='ocrx_word' id='word_1_154' title='bbox 806 2796 1042 2849; x_wconf 85' lang='lat' dir='ltr'>timenda</span> <span class='ocrx_word' id='word_1_155' title='bbox 1079 2811 1225 2864; x_wconf 82' lang='lat' dir='ltr'>erat,</span> <span class='ocrx_word' id='word_1_156' title='bbox 1261 2815 1361 2850; x_wconf 83' lang='lat' dir='ltr'>nec</span> <span class='ocrx_word' id='word_1_157' title='bbox 1389 2798 1597 2851; x_wconf 80' lang='lat' dir='ltr'>videtur</span> <span class='ocrx_word' id='word_1_158' title='bbox 1627 2818 1692 2852; x_wconf 92' lang='lat' dir='ltr'>eo</span> <span class='ocrx_word' id='word_1_159' title='bbox 1727 2817 1821 2852; x_wconf 88' lang='lat' dir='ltr'>su-</span> 
     </span>
     <span class='ocr_line' id='line_1_30' title="bbox 805 2876 1822 2948; baseline 0.004 -21"><span class='ocrx_word' id='word_1_160' title='bbox 805 2878 1027 2948; x_wconf 79' lang='lat' dir='ltr'>perstite</span> <span class='ocrx_word' id='word_1_161' title='bbox 1046 2895 1077 2928; x_wconf 90' lang='lat' dir='ltr'>a</span> <span class='ocrx_word' id='word_1_162' title='bbox 1097 2889 1203 2927; x_wconf 77' lang='lat' dir='ltr'>tarn</span> <span class='ocrx_word' id='word_1_163' title='bbox 1225 2876 1459 2930; x_wconf 88' lang='lat' dir='ltr'>obnoxio</span> <span class='ocrx_word' id='word_1_164' title='bbox 1475 2877 1680 2931; x_wconf 85' lang='lat' dir='ltr'>cultore</span> <span class='ocrx_word' id='word_1_165' title='bbox 1699 2897 1822 2931; x_wconf 86' lang='lat' dir='ltr'>cum</span> 
     </span>
     <span class='ocr_line' id='line_1_31' title="bbox 806 2953 1816 3026; baseline 0.004 -20"><span class='ocrx_word' id='word_1_166' title='bbox 806 2953 918 3006; x_wconf 88' lang='lat' dir='ltr'>ulla</span> <span class='ocrx_word' id='word_1_167' title='bbox 947 2953 1104 3007; x_wconf 89' lang='lat' dir='ltr'>laude</span> <span class='ocrx_word' id='word_1_168' title='bbox 1131 2956 1369 3026; x_wconf 87' lang='lat' dir='ltr'>potuisse</span> <span class='ocrx_word' id='word_1_169' title='bbox 1396 2961 1816 3010; x_wconf 80' lang='lat' dir='ltr'>commemorari.</span> 
     </span>
     <span class='ocr_line' id='line_1_32' title="bbox 803 3031 1820 3107; baseline 0.005 -22"><span class='ocrx_word' id='word_1_170' title='bbox 803 3032 977 3085; x_wconf 89' lang='lat' dir='ltr'>Etiam</span> <span class='ocrx_word' id='word_1_171' title='bbox 995 3032 1100 3085; x_wconf 88' lang='lat' dir='ltr'>hoc</span> <span class='ocrx_word' id='word_1_172' title='bbox 1118 3052 1392 3086; x_wconf 74' lang='lat' dir='ltr'>assensum</span> <span class='ocrx_word' id='word_1_173' title='bbox 1410 3031 1658 3102; x_wconf 77' lang='lat' dir='ltr'>cohibet,</span> <span class='ocrx_word' id='word_1_174' title='bbox 1671 3036 1820 3107; x_wconf 82' lang='lat' dir='ltr'>quod</span> 
     </span>
     <span class='ocr_line' id='line_1_33' title="bbox 805 3110 1823 3185; baseline 0.005 -22"><span class='ocrx_word' id='word_1_175' title='bbox 805 3110 1067 3184; x_wconf 85' lang='lat' dir='ltr'>ampliora</span> <span class='ocrx_word' id='word_1_176' title='bbox 1089 3113 1201 3165; x_wconf 79' lang='lat' dir='ltr'>fera</span> <span class='ocrx_word' id='word_1_177' title='bbox 1223 3127 1374 3180; x_wconf 81' lang='lat' dir='ltr'>sunt,</span> <span class='ocrx_word' id='word_1_178' title='bbox 1398 3131 1517 3185; x_wconf 65' lang='lat' dir='ltr'>que</span> <span class='ocrx_word' id='word_1_179' title='bbox 1539 3113 1628 3165; x_wconf 87' lang='lat' dir='ltr'>hic</span> <span class='ocrx_word' id='word_1_180' title='bbox 1651 3116 1707 3167; x_wconf 91' lang='lat' dir='ltr'>in</span> <span class='ocrx_word' id='word_1_181' title='bbox 1728 3114 1823 3168; x_wconf 87' lang='lat' dir='ltr'>ho·-</span> 
     </span>
     <span class='ocr_line' id='line_1_34' title="bbox 804 3194 1821 3266; baseline 0.003 -22"><span class='ocrx_word' id='word_1_182' title='bbox 804 3194 1001 3244; x_wconf 85' lang='lat' dir='ltr'>minem</span> <span class='ocrx_word' id='word_1_183' title='bbox 1016 3208 1378 3262; x_wconf 76' lang='lat' dir='ltr'>congeruntur</span> <span class='ocrx_word' id='word_1_184' title='bbox 1386 3194 1649 3259; x_wconf 82' lang='lat' dir='ltr'>encomia,</span> <span class='ocrx_word' id='word_1_185' title='bbox 1661 3213 1821 3266; x_wconf 86' lang='lat' dir='ltr'>quam</span> 
     </span>
     <span class='ocr_line' id='line_1_35' title="bbox 806 3270 1819 3343; baseline 0.001 -20"><span class='ocrx_word' id='word_1_186' title='bbox 806 3289 924 3343; x_wconf 72' lang='lat' dir='ltr'>quae</span> <span class='ocrx_word' id='word_1_187' title='bbox 947 3270 1140 3324; x_wconf 86' lang='lat' dir='ltr'>cadant</span> <span class='ocrx_word' id='word_1_188' title='bbox 1163 3274 1218 3323; x_wconf 89' lang='lat' dir='ltr'>in</span> <span class='ocrx_word' id='word_1_189' title='bbox 1239 3271 1469 3342; x_wconf 80' lang='lat' dir='ltr'>aliquem</span> <span class='ocrx_word' id='word_1_190' title='bbox 1496 3271 1819 3325; x_wconf 84' lang='lat' dir='ltr'>conditionis</span> 
     </span>
     <span class='ocr_line' id='line_1_36' title="bbox 804 3350 1816 3421; baseline 0.001 -18"><span class='ocrx_word' id='word_1_191' title='bbox 804 3362 860 3403; x_wconf 88' lang='lat' dir='ltr'>et</span> <span class='ocrx_word' id='word_1_192' title='bbox 883 3350 1081 3403; x_wconf 83' lang='lat' dir='ltr'>ordinis</span> <span class='ocrx_word' id='word_1_193' title='bbox 1107 3351 1220 3421; x_wconf 86' lang='lat' dir='ltr'>ejus</span> <span class='ocrx_word' id='word_1_194' title='bbox 1236 3390 1254 3418; x_wconf 83' lang='lat'><strong>‚</strong></span> <span class='ocrx_word' id='word_1_195' title='bbox 1278 3352 1430 3420; x_wconf 87' lang='lat' dir='ltr'>cujus</span> <span class='ocrx_word' id='word_1_196' title='bbox 1455 3351 1562 3402; x_wconf 78' lang='lat' dir='ltr'>fuit</span> <span class='ocrx_word' id='word_1_197' title='bbox 1581 3350 1816 3404; x_wconf 84' lang='lat' dir='ltr'>Tacitus.</span> 
     </span>
     <span class='ocr_line' id='line_1_37' title="bbox 802 3429 1817 3503; baseline 0.002 -21"><span class='ocrx_word' id='word_1_198' title='bbox 802 3430 964 3483; x_wconf 80' lang='lat' dir='ltr'>Dicas</span> <span class='ocrx_word' id='word_1_199' title='bbox 985 3431 1243 3503; x_wconf 84' lang='lat' dir='ltr'>principis</span> <span class='ocrx_word' id='word_1_200' title='bbox 1266 3429 1488 3483; x_wconf 84' lang='lat' dir='ltr'>domum</span> <span class='ocrx_word' id='word_1_201' title='bbox 1506 3432 1817 3501; x_wconf 74' lang='lat' dir='ltr'>contingere</span> 
     </span>
     <span class='ocr_line' id='line_1_38' title="bbox 804 3501 1817 3581; baseline -0.001 -17"><span class='ocrx_word' id='word_1_202' title='bbox 804 3530 960 3577; x_wconf 84' lang='lat' dir='ltr'>eum,</span> <span class='ocrx_word' id='word_1_203' title='bbox 991 3510 1074 3563; x_wconf 75' lang='lat' dir='ltr'>vel</span> <span class='ocrx_word' id='word_1_204' title='bbox 1109 3501 1299 3581; x_wconf 76' lang='lat' dir='ltr'>magtia</span> <span class='ocrx_word' id='word_1_205' title='bbox 1338 3530 1515 3563; x_wconf 83' lang='lat' dir='ltr'>rerum</span> <span class='ocrx_word' id='word_1_206' title='bbox 1549 3525 1817 3581; x_wconf 74' lang='lat' dir='ltr'>gestarum</span> 
     </span>
     <span class='ocr_line' id='line_1_39' title="bbox 802 3590 1819 3663; baseline 0.001 -21"><span class='ocrx_word' id='word_1_207' title='bbox 802 3590 973 3663; x_wconf 72' lang='lat' dir='ltr'>gloria</span> <span class='ocrx_word' id='word_1_208' title='bbox 986 3591 1175 3648; x_wconf 83' lang='lat' dir='ltr'>florere</span> <span class='ocrx_word' id='word_1_209' title='bbox 1186 3628 1203 3657; x_wconf 87' lang='lat'>‚</span> <span class='ocrx_word' id='word_1_210' title='bbox 1221 3609 1378 3662; x_wconf 87' lang='lat' dir='ltr'>quem</span> <span class='ocrx_word' id='word_1_211' title='bbox 1395 3592 1471 3642; x_wconf 83' lang='lat' dir='ltr'>sic</span> <span class='ocrx_word' id='word_1_212' title='bbox 1486 3590 1670 3643; x_wconf 80' lang='lat' dir='ltr'>laudat</span> <span class='ocrx_word' id='word_1_213' title='bbox 1684 3592 1819 3644; x_wconf 79' lang='lat' dir='ltr'>Nos-</span> 
     </span>
     <span class='ocr_line' id='line_1_40' title="bbox 803 3668 1819 3743; baseline -0.001 -20"><span class='ocrx_word' id='word_1_214' title='bbox 803 3683 902 3724; x_wconf 89' lang='lat' dir='ltr'>ter.</span> <span class='ocrx_word' id='word_1_215' title='bbox 949 3668 1167 3743; x_wconf 80' lang='lat' dir='ltr'>Alioqui</span> <span class='ocrx_word' id='word_1_216' title='bbox 1213 3684 1455 3743; x_wconf 82' lang='lat' dir='ltr'>tempora</span> <span class='ocrx_word' id='word_1_217' title='bbox 1499 3668 1639 3724; x_wconf 85' lang='lat' dir='ltr'>belle</span> <span class='ocrx_word' id='word_1_218' title='bbox 1685 3689 1819 3723; x_wconf 87' lang='lat' dir='ltr'>con-</span> 
     </span>
     <span class='ocr_line' id='line_1_41' title="bbox 801 3747 1819 3821; baseline -0.001 -19"><span class='ocrx_word' id='word_1_219' title='bbox 801 3762 1028 3820; x_wconf 73' lang='lat' dir='ltr'>gruunt,</span> <span class='ocrx_word' id='word_1_220' title='bbox 1052 3767 1218 3821; x_wconf 87' lang='lat' dir='ltr'>quum</span> <span class='ocrx_word' id='word_1_221' title='bbox 1245 3767 1309 3801; x_wconf 80' lang='lat' dir='ltr'>ex</span> <span class='ocrx_word' id='word_1_222' title='bbox 1335 3747 1710 3802; x_wconf 76' lang='lat' dir='ltr'>Dodwellianis</span> <span class='ocrx_word' id='word_1_223' title='bbox 1730 3767 1819 3801; x_wconf 84' lang='lat' dir='ltr'>ra-</span> 
     </span>
     <span class='ocr_line' id='line_1_42' title="bbox 803 3826 1820 3899; baseline 0 -17"><span class='ocrx_word' id='word_1_224' title='bbox 803 3829 1040 3883; x_wconf 75' lang='lat' dir='ltr'>tionibus</span> <span class='ocrx_word' id='word_1_225' title='bbox 1055 3828 1322 3883; x_wconf 79' lang='lat' dir='ltr'>scribendi</span> <span class='ocrx_word' id='word_1_226' title='bbox 1335 3826 1497 3899; x_wconf 84' lang='lat' dir='ltr'>hujus</span> <span class='ocrx_word' id='word_1_227' title='bbox 1510 3828 1632 3881; x_wconf 83' lang='lat' dir='ltr'>libri</span> <span class='ocrx_word' id='word_1_228' title='bbox 1648 3829 1820 3897; x_wconf 83' lang='lat' dir='ltr'>Quin-</span> 
     </span>
     <span class='ocr_line' id='line_1_43' title="bbox 802 3905 1820 3979; baseline -0.002 -18"><span class='ocrx_word' id='word_1_229' title='bbox 802 3908 1003 3962; x_wconf 85' lang='lat' dir='ltr'>tilianei</span> <span class='ocrx_word' id='word_1_230' title='bbox 1017 3926 1189 3961; x_wconf 86' lang='lat' dir='ltr'>annus</span> <span class='ocrx_word' id='word_1_231' title='bbox 1209 3905 1406 3959; x_wconf 83' lang='lat' dir='ltr'>incidat</span> <span class='ocrx_word' id='word_1_232' title='bbox 1424 3908 1478 3960; x_wconf 88' lang='lat' dir='ltr'>in</span> <span class='ocrx_word' id='word_1_233' title='bbox 1497 3919 1745 3979; x_wconf 87' lang='lat' dir='ltr'>quartum</span> <span class='ocrx_word' id='word_1_234' title='bbox 1765 3919 1820 3961; x_wconf 81' lang='lat' dir='ltr'>et</span> 
     </span>
     <span class='ocr_line' id='line_1_44' title="bbox 803 3986 1820 4058; baseline 0 -19"><span class='ocrx_word' id='word_1_235' title='bbox 803 3988 1136 4057; x_wconf 56' lang='lat' dir='ltr'>trigesimum</span> <span class='ocrx_word' id='word_1_236' title='bbox 1150 3988 1266 4039; x_wconf 77' lang='lat' dir='ltr'>vitae</span> <span class='ocrx_word' id='word_1_237' title='bbox 1284 3986 1472 4039; x_wconf 78' lang='lat' dir='ltr'>Taciti.</span> <span class='ocrx_word' id='word_1_238' title='bbox 1493 3987 1546 4039; x_wconf 84' lang='lat' dir='ltr'>Si</span> <span class='ocrx_word' id='word_1_239' title='bbox 1569 3987 1686 4058; x_wconf 84' lang='lat' dir='ltr'>quis</span> <span class='ocrx_word' id='word_1_240' title='bbox 1701 3986 1820 4039; x_wconf 87' lang='lat' dir='ltr'>len-</span> 
     </span>
     <span class='ocr_line' id='line_1_45' title="bbox 806 4064 1820 4119; baseline 0.001 -1"><span class='ocrx_word' id='word_1_241' title='bbox 806 4078 914 4118; x_wconf 80' lang='lat' dir='ltr'>tam</span> <span class='ocrx_word' id='word_1_242' title='bbox 947 4065 1090 4118; x_wconf 86' lang='lat' dir='ltr'>illam</span> <span class='ocrx_word' id='word_1_243' title='bbox 1119 4080 1172 4118; x_wconf 86' lang='lat' dir='ltr'>et</span> <span class='ocrx_word' id='word_1_244' title='bbox 1199 4067 1311 4118; x_wconf 83' lang='lat' dir='ltr'>fere</span> <span class='ocrx_word' id='word_1_245' title='bbox 1340 4064 1575 4119; x_wconf 85' lang='lat' dir='ltr'>timidam</span> <span class='ocrx_word' id='word_1_246' title='bbox 1606 4064 1820 4119; x_wconf 80' lang='lat' dir='ltr'>dicendi</span> 
     </span>
     <span class='ocr_line' id='line_1_46' title="bbox 775 4145 1822 4216; baseline 0 -20"><span class='ocrx_word' id='word_1_247' title='bbox 775 4201 780 4216; x_wconf 45' lang='grc' dir='ltr'>Ι</span> <span class='ocrx_word' id='word_1_248' title='bbox 806 4146 1063 4197; x_wconf 85' lang='lat' dir='ltr'>rationem</span> <span class='ocrx_word' id='word_1_249' title='bbox 1076 4184 1094 4210; x_wconf 85' lang='lat'>‚</span> <span class='ocrx_word' id='word_1_250' title='bbox 1106 4163 1262 4216; x_wconf 78' lang='lat' dir='ltr'>quam</span> <span class='ocrx_word' id='word_1_251' title='bbox 1279 4146 1502 4197; x_wconf 79' lang='lat' dir='ltr'>maxime</span> <span class='ocrx_word' id='word_1_252' title='bbox 1519 4145 1714 4215; x_wconf 80' lang='lat' dir='ltr'>probat</span> <span class='ocrx_word' id='word_1_253' title='bbox 1727 4147 1822 4197; x_wconf 84' lang='lat' dir='ltr'>Fa·</span> 
     </span>
     <span class='ocr_line' id='line_1_47' title="bbox 802 4223 1822 4295; baseline -0.002 -15"><span class='ocrx_word' id='word_1_254' title='bbox 802 4225 926 4280; x_wconf 80' lang='lat' dir='ltr'>bius</span> <span class='ocrx_word' id='word_1_255' title='bbox 940 4262 957 4294; x_wconf 83' lang='lat'>,</span> <span class='ocrx_word' id='word_1_256' title='bbox 991 4224 1328 4280; x_wconf 73' lang='lat' dir='ltr'>abhorruisse</span> <span class='ocrx_word' id='word_1_257' title='bbox 1359 4223 1562 4295; x_wconf 81' lang='lat' dir='ltr'>judicet</span> <span class='ocrx_word' id='word_1_258' title='bbox 1598 4244 1628 4278; x_wconf 87' lang='lat' dir='ltr'>a</span> <span class='ocrx_word' id='word_1_259' title='bbox 1663 4223 1822 4280; x_wconf 73' lang='lat' dir='ltr'>vehe-</span> 
     </span>
    </p>
   </div>
   <div class='ocr_carea' id='block_1_9' title="bbox 1896 816 2927 3409">
    <p class='ocr_par' dir='ltr' id='par_1_9' title="bbox 1896 816 2927 3409">
     <span class='ocr_line' id='line_1_48' title="bbox 1910 816 2925 878; baseline -0.002 -9"><span class='ocrx_word' id='word_1_260' title='bbox 1910 819 2107 870; x_wconf 83' lang='lat' dir='ltr'>mentia</span> <span class='ocrx_word' id='word_1_261' title='bbox 2132 830 2186 869; x_wconf 86' lang='lat' dir='ltr'>et</span> <span class='ocrx_word' id='word_1_262' title='bbox 2207 817 2441 869; x_wconf 73' lang='lat' dir='ltr'>novitate</span> <span class='ocrx_word' id='word_1_263' title='bbox 2462 816 2662 878; x_wconf 81' lang='lat' dir='ltr'>Taciti,</span> <span class='ocrx_word' id='word_1_264' title='bbox 2690 833 2815 865; x_wconf 86' lang='lat' dir='ltr'>enm</span> <span class='ocrx_word' id='word_1_265' title='bbox 2844 833 2925 867; x_wconf 85' lang='lat' dir='ltr'>re·</span> 
     </span>
     <span class='ocr_line' id='line_1_49' title="bbox 1910 892 2922 968; baseline -0.004 -20"><span class='ocrx_word' id='word_1_266' title='bbox 1910 896 2119 948; x_wconf 76' lang='lat' dir='ltr'>cordati</span> <span class='ocrx_word' id='word_1_267' title='bbox 2137 893 2296 948; x_wconf 77' lang='lat' dir='ltr'>velim</span> <span class='ocrx_word' id='word_1_268' title='bbox 2313 934 2331 962; x_wconf 84' lang='lat'><strong>‚</strong></span> <span class='ocrx_word' id='word_1_269' title='bbox 2358 896 2621 968; x_wconf 72' lang='lat' dir='ltr'>insignem</span> <span class='ocrx_word' id='word_1_270' title='bbox 2650 896 2707 945; x_wconf 87' lang='lat' dir='ltr'>in</span> <span class='ocrx_word' id='word_1_271' title='bbox 2737 892 2922 964; x_wconf 77' lang='lat' dir='ltr'>aliquo</span> 
     </span>
     <span class='ocr_line' id='line_1_50' title="bbox 1908 973 2925 1047; baseline -0.001 -21"><span class='ocrx_word' id='word_1_272' title='bbox 1908 993 2103 1046; x_wconf 75' lang='lat' dir='ltr'>genere</span> <span class='ocrx_word' id='word_1_273' title='bbox 2117 1013 2134 1042; x_wconf 86' lang='lat'>‚</span> <span class='ocrx_word' id='word_1_274' title='bbox 2154 976 2398 1047; x_wconf 84' lang='lat' dir='ltr'>quamvis</span> <span class='ocrx_word' id='word_1_275' title='bbox 2424 973 2726 1047; x_wconf 83' lang='lat' dir='ltr'>improbato</span> <span class='ocrx_word' id='word_1_276' title='bbox 2741 1010 2760 1039; x_wconf 88' lang='lat'>‚</span> <span class='ocrx_word' id='word_1_277' title='bbox 2786 990 2925 1044; x_wconf 62' lang='grc' dir='ltr'>με·</span> 
     </span>
     <span class='ocr_line' id='line_1_51' title="bbox 1910 1051 2927 1125; baseline -0.003 -19"><span class='ocrx_word' id='word_1_278' title='bbox 1910 1056 2158 1107; x_wconf 80' lang='lat' dir='ltr'>stantiam</span> <span class='ocrx_word' id='word_1_279' title='bbox 2192 1056 2276 1106; x_wconf 82' lang='lat' dir='ltr'>vix</span> <span class='ocrx_word' id='word_1_280' title='bbox 2318 1052 2585 1125; x_wconf 85' lang='lat' dir='ltr'>repudiari</span> <span class='ocrx_word' id='word_1_281' title='bbox 2622 1051 2693 1105; x_wconf 84' lang='lat' dir='ltr'>ab</span> <span class='ocrx_word' id='word_1_282' title='bbox 2728 1051 2927 1105; x_wconf 88' lang='lat' dir='ltr'>intelli-</span> 
     </span>
     <span class='ocr_line' id='line_1_52' title="bbox 1908 1130 2924 1206; baseline -0.003 -20"><span class='ocrx_word' id='word_1_283' title='bbox 1908 1136 2216 1206; x_wconf 74' lang='lat' dir='ltr'>gentissimo</span> <span class='ocrx_word' id='word_1_284' title='bbox 2255 1132 2573 1205; x_wconf 79' lang='lat' dir='ltr'>pulchrique</span> <span class='ocrx_word' id='word_1_285' title='bbox 2615 1144 2670 1184; x_wconf 86' lang='lat' dir='ltr'>et</span> <span class='ocrx_word' id='word_1_286' title='bbox 2707 1130 2924 1184; x_wconf 80' lang='lat' dir='ltr'>honesti</span> 
     </span>
     <span class='ocr_line' id='line_1_53' title="bbox 1910 1212 2924 1286; baseline -0.002 -21"><span class='ocrx_word' id='word_1_287' title='bbox 1910 1214 2293 1267; x_wconf 83' lang='lat' dir='ltr'>studiosissimo</span> <span class='ocrx_word' id='word_1_288' title='bbox 2308 1213 2489 1286; x_wconf 83' lang='lat' dir='ltr'>judice</span> <span class='ocrx_word' id='word_1_289' title='bbox 2500 1251 2517 1279; x_wconf 89' lang='lat'>‚</span> <span class='ocrx_word' id='word_1_290' title='bbox 2533 1212 2745 1283; x_wconf 82' lang='lat' dir='ltr'>qualem</span> <span class='ocrx_word' id='word_1_291' title='bbox 2762 1229 2924 1265; x_wconf 86' lang='lat' dir='ltr'>nemo</span> 
     </span>
     <span class='ocr_line' id='line_1_54' title="bbox 1906 1294 2923 1364; baseline -0.003 -19"><span class='ocrx_word' id='word_1_292' title='bbox 1906 1306 2067 1364; x_wconf 76' lang='lat' dir='ltr'>neget</span> <span class='ocrx_word' id='word_1_293' title='bbox 2102 1294 2374 1345; x_wconf 81' lang='lat' dir='ltr'>Nostrum.</span> <span class='ocrx_word' id='word_1_294' title='bbox 2413 1294 2696 1357; x_wconf 63' lang='lat' dir='ltr'>praterea,</span> <span class='ocrx_word' id='word_1_295' title='bbox 2732 1308 2923 1363; x_wconf 77' lang='lat' dir='ltr'>quam-</span> 
     </span>
     <span class='ocr_line' id='line_1_55' title="bbox 1909 1373 2925 1447; baseline -0.004 -21"><span class='ocrx_word' id='word_1_296' title='bbox 1909 1391 2067 1447; x_wconf 85' lang='lat' dir='ltr'>quam</span> <span class='ocrx_word' id='word_1_297' title='bbox 2083 1375 2159 1426; x_wconf 84' lang='lat' dir='ltr'>rei</span> <span class='ocrx_word' id='word_1_298' title='bbox 2171 1373 2452 1426; x_wconf 84' lang='lat' dir='ltr'>manifesta</span> <span class='ocrx_word' id='word_1_299' title='bbox 2465 1392 2577 1424; x_wconf 84' lang='lat' dir='ltr'>non</span> <span class='ocrx_word' id='word_1_300' title='bbox 2592 1373 2799 1444; x_wconf 82' lang='lat' dir='ltr'>reperio</span> <span class='ocrx_word' id='word_1_301' title='bbox 2819 1383 2925 1423; x_wconf 83' lang='lat' dir='ltr'>tes-</span> 
     </span>
     <span class='ocr_line' id='line_1_56' title="bbox 1908 1449 2921 1519; baseline -0.004 -13"><span class='ocrx_word' id='word_1_302' title='bbox 1908 1455 2126 1506; x_wconf 78' lang='lat' dir='ltr'>timonia</span> <span class='ocrx_word' id='word_1_303' title='bbox 2141 1491 2161 1519; x_wconf 95' lang='grc'>,</span> <span class='ocrx_word' id='word_1_304' title='bbox 2182 1452 2316 1506; x_wconf 85' lang='lat' dir='ltr'>nihil</span> <span class='ocrx_word' id='word_1_305' title='bbox 2336 1452 2501 1504; x_wconf 83' lang='lat' dir='ltr'>habet</span> <span class='ocrx_word' id='word_1_306' title='bbox 2522 1451 2755 1504; x_wconf 84' lang='lat' dir='ltr'>alienum</span> <span class='ocrx_word' id='word_1_307' title='bbox 2779 1469 2812 1503; x_wconf 90' lang='lat' dir='ltr'>a</span> <span class='ocrx_word' id='word_1_308' title='bbox 2828 1449 2921 1502; x_wconf 69' lang='grc' dir='ltr'>νό-</span> 
     </span>
     <span class='ocr_line' id='line_1_57' title="bbox 1905 1530 2923 1604; baseline -0.004 -19"><span class='ocrx_word' id='word_1_309' title='bbox 1905 1536 1950 1585; x_wconf 84' lang='lat' dir='ltr'>ri</span> <span class='ocrx_word' id='word_1_310' title='bbox 1996 1531 2336 1585; x_wconf 83' lang='lat' dir='ltr'>similitudine</span> <span class='ocrx_word' id='word_1_311' title='bbox 2378 1530 2661 1604; x_wconf 71' lang='lat' dir='ltr'>disciplina</span> <span class='ocrx_word' id='word_1_312' title='bbox 2703 1547 2923 1601; x_wconf 78' lang='lat' dir='ltr'>quoque</span> 
     </span>
     <span class='ocr_line' id='line_1_58' title="bbox 1904 1610 2920 1682; baseline -0.006 -16"><span class='ocrx_word' id='word_1_313' title='bbox 1904 1612 2263 1682; x_wconf 81' lang='lat' dir='ltr'>Quintilianaa</span> <span class='ocrx_word' id='word_1_314' title='bbox 2284 1613 2448 1665; x_wconf 85' lang='lat' dir='ltr'>fuisse</span> <span class='ocrx_word' id='word_1_315' title='bbox 2468 1629 2627 1662; x_wconf 82' lang='lat' dir='ltr'>usum</span> <span class='ocrx_word' id='word_1_316' title='bbox 2643 1610 2890 1662; x_wconf 78' lang='lat' dir='ltr'>Tacitum</span> <span class='ocrx_word' id='word_1_317' title='bbox 2903 1646 2920 1676; x_wconf 91' lang='lat'>‚</span> 
     </span>
     <span class='ocr_line' id='line_1_59' title="bbox 1905 1686 2920 1761; baseline -0.005 -17"><span class='ocrx_word' id='word_1_318' title='bbox 1905 1694 1994 1744; x_wconf 86' lang='lat' dir='ltr'>cni</span> <span class='ocrx_word' id='word_1_319' title='bbox 2021 1712 2143 1744; x_wconf 83' lang='lat' dir='ltr'>cum</span> <span class='ocrx_word' id='word_1_320' title='bbox 2171 1691 2340 1744; x_wconf 82' lang='lat' dir='ltr'>Plinio</span> <span class='ocrx_word' id='word_1_321' title='bbox 2363 1691 2513 1743; x_wconf 81' lang='lat' dir='ltr'>Fabii</span> <span class='ocrx_word' id='word_1_322' title='bbox 2539 1686 2807 1761; x_wconf 78' lang='lat' dir='ltr'>discipulo</span> <span class='ocrx_word' id='word_1_323' title='bbox 2834 1688 2920 1740; x_wconf 81' lang='lat' dir='ltr'>fa-</span> 
     </span>
     <span class='ocr_line' id='line_1_60' title="bbox 1905 1769 2917 1824; baseline -0.004 -1"><span class='ocrx_word' id='word_1_324' title='bbox 1905 1770 2255 1824; x_wconf 72' lang='lat' dir='ltr'>miliaritatem</span> <span class='ocrx_word' id='word_1_325' title='bbox 2275 1770 2632 1823; x_wconf 76' lang='lat' dir='ltr'>intercessisse</span> <span class='ocrx_word' id='word_1_326' title='bbox 2650 1769 2917 1820; x_wconf 79' lang='lat' dir='ltr'>novimus.</span> 
     </span>
     <span class='ocr_line' id='line_1_61' title="bbox 1904 1848 2920 1918; baseline -0.005 -15"><span class='ocrx_word' id='word_1_327' title='bbox 1904 1849 2099 1903; x_wconf 80' lang='lat' dir='ltr'>Saltem</span> <span class='ocrx_word' id='word_1_328' title='bbox 2145 1848 2489 1902; x_wconf 83' lang='lat' dir='ltr'>conciliatum</span> <span class='ocrx_word' id='word_1_329' title='bbox 2529 1848 2765 1918; x_wconf 72' lang='lat' dir='ltr'>magistri</span> <span class='ocrx_word' id='word_1_330' title='bbox 2804 1850 2920 1899; x_wconf 86' lang='lat' dir='ltr'>ani-</span> 
     </span>
     <span class='ocr_line' id='line_1_62' title="bbox 1905 1926 2921 2000; baseline -0.001 -20"><span class='ocrx_word' id='word_1_331' title='bbox 1905 1947 2050 1982; x_wconf 85' lang='lat' dir='ltr'>mum</span> <span class='ocrx_word' id='word_1_332' title='bbox 2075 1943 2128 1982; x_wconf 88' lang='lat' dir='ltr'>et</span> <span class='ocrx_word' id='word_1_333' title='bbox 2149 1931 2421 2000; x_wconf 71' lang='lat' dir='ltr'>generosis</span> <span class='ocrx_word' id='word_1_334' title='bbox 2440 1926 2763 2000; x_wconf 84' lang='lat' dir='ltr'>quibusdam</span> <span class='ocrx_word' id='word_1_335' title='bbox 2780 1928 2921 1980; x_wconf 78' lang='lat' dir='ltr'>vitiis</span> 
     </span>
     <span class='ocr_line' id='line_1_63' title="bbox 1905 2007 2918 2077; baseline -0.002 -17"><span class='ocrx_word' id='word_1_336' title='bbox 1905 2010 2079 2063; x_wconf 89' lang='lat' dir='ltr'>minus</span> <span class='ocrx_word' id='word_1_337' title='bbox 2106 2010 2371 2063; x_wconf 85' lang='lat' dir='ltr'>infensum</span> <span class='ocrx_word' id='word_1_338' title='bbox 2398 2007 2526 2060; x_wconf 85' lang='lat' dir='ltr'>mihi</span> <span class='ocrx_word' id='word_1_339' title='bbox 2553 2008 2699 2077; x_wconf 75' lang='lat' dir='ltr'>fingo</span> <span class='ocrx_word' id='word_1_340' title='bbox 2728 2008 2787 2058; x_wconf 87' lang='lat' dir='ltr'>in</span> <span class='ocrx_word' id='word_1_341' title='bbox 2817 2024 2918 2072; x_wconf 78' lang='lat' dir='ltr'>eo,</span> 
     </span>
     <span class='ocr_line' id='line_1_64' title="bbox 1906 2084 2921 2161; baseline -0.002 -19"><span class='ocrx_word' id='word_1_342' title='bbox 1906 2105 2079 2161; x_wconf 68' lang='lat' dir='ltr'>quem*</span> <span class='ocrx_word' id='word_1_343' title='bbox 2096 2091 2321 2150; x_wconf 78' lang='lat' dir='ltr'>fortasse</span> <span class='ocrx_word' id='word_1_344' title='bbox 2349 2088 2545 2141; x_wconf 87' lang='lat' dir='ltr'>Plinius</span> <span class='ocrx_word' id='word_1_345' title='bbox 2572 2084 2921 2140; x_wconf 73' lang='lat' dir='ltr'>commenda-</span> 
     </span>
     <span class='ocr_line' id='line_1_65' title="bbox 1900 2166 2919 2239; baseline -0.002 -20"><span class='ocrx_word' id='word_1_346' title='bbox 1900 2170 1988 2219; x_wconf 85' lang='lat' dir='ltr'>rit.</span> <span class='ocrx_word' id='word_1_347' title='bbox 2026 2169 2208 2238; x_wconf 84' lang='lat' dir='ltr'>Quum</span> <span class='ocrx_word' id='word_1_348' title='bbox 2241 2170 2470 2239; x_wconf 78' lang='lat' dir='ltr'>primum</span> <span class='ocrx_word' id='word_1_349' title='bbox 2506 2178 2686 2219; x_wconf 84' lang='lat' dir='ltr'>autem</span> <span class='ocrx_word' id='word_1_350' title='bbox 2719 2166 2919 2217; x_wconf 71' lang='lat' dir='ltr'>vioe-m</span> 
     </span>
     <span class='ocr_line' id='line_1_66' title="bbox 1903 2242 2920 2319; baseline -0.003 -21"><span class='ocrx_word' id='word_1_351' title='bbox 1903 2258 2044 2299; x_wconf 83' lang='lat' dir='ltr'>esset</span> <span class='ocrx_word' id='word_1_352' title='bbox 2083 2245 2219 2299; x_wconf 83' lang='lat' dir='ltr'>illud</span> <span class='ocrx_word' id='word_1_353' title='bbox 2258 2244 2570 2319; x_wconf 64' lang='lat' dir='ltr'>periculosa</span> <span class='ocrx_word' id='word_1_354' title='bbox 2601 2242 2920 2315; x_wconf 65' lang='lat' dir='ltr'>eloquentie</span> 
     </span>
     <span class='ocr_line' id='line_1_67' title="bbox 1903 2319 2921 2397; baseline -0.005 -19"><span class='ocrx_word' id='word_1_355' title='bbox 1903 2325 2115 2391; x_wconf 83' lang='lat' dir='ltr'>odium,</span> <span class='ocrx_word' id='word_1_356' title='bbox 2138 2344 2248 2378; x_wconf 88' lang='lat' dir='ltr'>non</span> <span class='ocrx_word' id='word_1_357' title='bbox 2272 2337 2482 2397; x_wconf 84' lang='lat' dir='ltr'>poterat</span> <span class='ocrx_word' id='word_1_358' title='bbox 2504 2340 2617 2383; x_wconf 85' lang='lat' dir='ltr'>non</span> <span class='ocrx_word' id='word_1_359' title='bbox 2640 2319 2921 2375; x_wconf 81' lang='lat' dir='ltr'>vehemen-</span> 
     </span>
     <span class='ocr_line' id='line_1_68' title="bbox 1903 2401 2918 2475; baseline -0.002 -21"><span class='ocrx_word' id='word_1_360' title='bbox 1903 2415 1984 2454; x_wconf 85' lang='lat' dir='ltr'>ter</span> <span class='ocrx_word' id='word_1_361' title='bbox 2000 2401 2252 2475; x_wconf 78' lang='lat' dir='ltr'>amplecti</span> <span class='ocrx_word' id='word_1_362' title='bbox 2271 2415 2324 2454; x_wconf 86' lang='lat' dir='ltr'>et</span> <span class='ocrx_word' id='word_1_363' title='bbox 2343 2401 2590 2454; x_wconf 80' lang='lat' dir='ltr'>admirari</span> <span class='ocrx_word' id='word_1_364' title='bbox 2611 2403 2810 2453; x_wconf 81' lang='lat' dir='ltr'>Noster</span> <span class='ocrx_word' id='word_1_365' title='bbox 2820 2401 2918 2452; x_wconf 85' lang='lat' dir='ltr'>im·</span> 
     </span>
     <span class='ocr_line' id='line_1_69' title="bbox 1901 2478 2917 2553; baseline -0.003 -19"><span class='ocrx_word' id='word_1_366' title='bbox 1901 2500 2109 2553; x_wconf 82' lang='lat' dir='ltr'>pressas</span> <span class='ocrx_word' id='word_1_367' title='bbox 2134 2483 2349 2552; x_wconf 74' lang='lat' dir='ltr'>ingenio</span> <span class='ocrx_word' id='word_1_368' title='bbox 2373 2478 2695 2532; x_wconf 88' lang='lat' dir='ltr'>Corneliano</span> <span class='ocrx_word' id='word_1_369' title='bbox 2724 2478 2917 2531; x_wconf 84' lang='lat' dir='ltr'>altissi-</span> 
     </span>
     <span class='ocr_line' id='line_1_70' title="bbox 1902 2561 2913 2633; baseline -0.001 -20"><span class='ocrx_word' id='word_1_370' title='bbox 1902 2581 2000 2613; x_wconf 65' lang='lat' dir='ltr'>mae</span> <span class='ocrx_word' id='word_1_371' title='bbox 2018 2563 2284 2633; x_wconf 78' lang='lat' dir='ltr'>sapientiae</span> <span class='ocrx_word' id='word_1_372' title='bbox 2300 2574 2354 2612; x_wconf 87' lang='lat' dir='ltr'>et</span> <span class='ocrx_word' id='word_1_373' title='bbox 2368 2563 2545 2631; x_wconf 72' lang='lat' dir='ltr'>magni</span> <span class='ocrx_word' id='word_1_374' title='bbox 2558 2561 2722 2612; x_wconf 83' lang='lat' dir='ltr'>animi</span> <span class='ocrx_word' id='word_1_375' title='bbox 2734 2571 2913 2612; x_wconf 85' lang='lat' dir='ltr'>notas.</span> 
     </span>
     <span class='ocr_line' id='line_1_71' title="bbox 1900 2639 2920 2712; baseline -0.001 -19"><span class='ocrx_word' id='word_1_376' title='bbox 1900 2642 1987 2693; x_wconf 86' lang='lat' dir='ltr'>Sic</span> <span class='ocrx_word' id='word_1_377' title='bbox 2007 2639 2253 2712; x_wconf 83' lang='lat' dir='ltr'>equidem</span> <span class='ocrx_word' id='word_1_378' title='bbox 2274 2659 2383 2712; x_wconf 88' lang='lat' dir='ltr'>quo</span> <span class='ocrx_word' id='word_1_379' title='bbox 2402 2642 2568 2709; x_wconf 70' lang='lat' dir='ltr'>magis</span> <span class='ocrx_word' id='word_1_380' title='bbox 2586 2639 2732 2692; x_wconf 85' lang='lat' dir='ltr'>hunc</span> <span class='ocrx_word' id='word_1_381' title='bbox 2750 2641 2920 2711; x_wconf 57' lang='grc' dir='ltr'>ἀἱρ-</span> 
     </span>
     <span class='ocr_line' id='line_1_72' title="bbox 1903 2716 2919 2784; baseline -0.001 -13"><span class='ocrx_word' id='word_1_382' title='bbox 1903 2720 2032 2772; x_wconf 85' lang='lat' dir='ltr'>toris</span> <span class='ocrx_word' id='word_1_383' title='bbox 2050 2721 2154 2770; x_wconf 86' lang='lat' dir='ltr'>mei</span> <span class='ocrx_word' id='word_1_384' title='bbox 2170 2717 2349 2769; x_wconf 88' lang='lat' dir='ltr'>locum</span> <span class='ocrx_word' id='word_1_385' title='bbox 2363 2719 2541 2770; x_wconf 86' lang='lat' dir='ltr'>animo</span> <span class='ocrx_word' id='word_1_386' title='bbox 2555 2716 2796 2784; x_wconf 80' lang='lat' dir='ltr'>revolvo,</span> <span class='ocrx_word' id='word_1_387' title='bbox 2811 2731 2919 2770; x_wconf 77' lang='lat' dir='ltr'>tan-</span> 
     </span>
     <span class='ocr_line' id='line_1_73' title="bbox 1902 2795 2917 2851; baseline -0.001 0"><span class='ocrx_word' id='word_1_388' title='bbox 1902 2812 1959 2851; x_wconf 92' lang='lat' dir='ltr'>to</span> <span class='ocrx_word' id='word_1_389' title='bbox 1984 2798 2189 2850; x_wconf 78' lang='lat' dir='ltr'>facilius</span> <span class='ocrx_word' id='word_1_390' title='bbox 2214 2799 2270 2847; x_wconf 87' lang='lat' dir='ltr'>in</span> <span class='ocrx_word' id='word_1_391' title='bbox 2292 2815 2410 2850; x_wconf 87' lang='lat' dir='ltr'>eam</span> <span class='ocrx_word' id='word_1_392' title='bbox 2433 2795 2676 2848; x_wconf 68' lang='lat' dir='ltr'>concedo</span> <span class='ocrx_word' id='word_1_393' title='bbox 2701 2810 2917 2850; x_wconf 84' lang='lat' dir='ltr'>senten-</span> 
     </span>
     <span class='ocr_line' id='line_1_74' title="bbox 1900 2876 2917 2948; baseline -0.002 -17"><span class='ocrx_word' id='word_1_394' title='bbox 1900 2880 2026 2931; x_wconf 86' lang='lat' dir='ltr'>tiam</span> <span class='ocrx_word' id='word_1_395' title='bbox 2039 2916 2057 2944; x_wconf 91' lang='grc'>,</span> <span class='ocrx_word' id='word_1_396' title='bbox 2074 2891 2137 2929; x_wconf 89' lang='lat' dir='ltr'>ut</span> <span class='ocrx_word' id='word_1_397' title='bbox 2147 2878 2392 2946; x_wconf 81' lang='lat' dir='ltr'>Tacitum</span> <span class='ocrx_word' id='word_1_398' title='bbox 2410 2876 2499 2930; x_wconf 81' lang='lat' dir='ltr'>hic</span> <span class='ocrx_word' id='word_1_399' title='bbox 2514 2878 2665 2946; x_wconf 83' lang='lat' dir='ltr'>quasi</span> <span class='ocrx_word' id='word_1_400' title='bbox 2685 2877 2917 2948; x_wconf 76' lang='lat' dir='ltr'>posteris</span> 
     </span>
     <span class='ocr_line' id='line_1_75' title="bbox 1899 2955 2914 3030; baseline -0.003 -22"><span class='ocrx_word' id='word_1_401' title='bbox 1899 2959 2220 3030; x_wconf 86' lang='lat' dir='ltr'>promissum</span> <span class='ocrx_word' id='word_1_402' title='bbox 2240 2970 2293 3008; x_wconf 85' lang='lat' dir='ltr'>et</span> <span class='ocrx_word' id='word_1_403' title='bbox 2312 2955 2695 3008; x_wconf 86' lang='lat' dir='ltr'>annunciatum</span> <span class='ocrx_word' id='word_1_404' title='bbox 2711 2968 2914 3027; x_wconf 84' lang='lat' dir='ltr'>putem.</span> 
     </span>
     <span class='ocr_line' id='line_1_76' title="bbox 1899 3035 2913 3108; baseline -0.002 -18"><span class='ocrx_word' id='word_1_405' title='bbox 1899 3037 2127 3090; x_wconf 83' lang='lat' dir='ltr'>Multum</span> <span class='ocrx_word' id='word_1_406' title='bbox 2149 3050 2324 3090; x_wconf 84' lang='lat' dir='ltr'>tamen</span> <span class='ocrx_word' id='word_1_407' title='bbox 2344 3035 2523 3100; x_wconf 79' lang='lat' dir='ltr'>abest,</span> <span class='ocrx_word' id='word_1_408' title='bbox 2538 3047 2598 3086; x_wconf 89' lang='lat' dir='ltr'>ut</span> <span class='ocrx_word' id='word_1_409' title='bbox 2618 3035 2778 3088; x_wconf 83' lang='lat' dir='ltr'>verba</span> <span class='ocrx_word' id='word_1_410' title='bbox 2798 3037 2913 3108; x_wconf 82' lang='lat' dir='ltr'>ipsa</span> 
     </span>
     <span class='ocr_line' id='line_1_77' title="bbox 1899 3112 2915 3187; baseline -0.002 -18"><span class='ocrx_word' id='word_1_411' title='bbox 1899 3116 2212 3184; x_wconf 85' lang='lat' dir='ltr'>Quintiliani</span> <span class='ocrx_word' id='word_1_412' title='bbox 2251 3129 2395 3167; x_wconf 82' lang='lat' dir='ltr'>recte</span> <span class='ocrx_word' id='word_1_413' title='bbox 2439 3112 2707 3187; x_wconf 81' lang='lat' dir='ltr'>planeque</span> <span class='ocrx_word' id='word_1_414' title='bbox 2749 3115 2915 3167; x_wconf 83' lang='lat' dir='ltr'>inter-</span> 
     </span>
     <span class='ocr_line' id='line_1_78' title="bbox 1901 3193 2923 3267; baseline -0.002 -21"><span class='ocrx_word' id='word_1_415' title='bbox 1901 3195 2099 3267; x_wconf 84' lang='lat' dir='ltr'>pretari</span> <span class='ocrx_word' id='word_1_416' title='bbox 2110 3193 2241 3246; x_wconf 81' lang='lat' dir='ltr'>mihi</span> <span class='ocrx_word' id='word_1_417' title='bbox 2252 3193 2451 3260; x_wconf 80' lang='lat' dir='ltr'>videar,</span> <span class='ocrx_word' id='word_1_418' title='bbox 2467 3195 2559 3263; x_wconf 83' lang='lat' dir='ltr'>qui</span> <span class='ocrx_word' id='word_1_419' title='bbox 2574 3211 2644 3246; x_wconf 84' lang='lat' dir='ltr'>ne</span> <span class='ocrx_word' id='word_1_420' title='bbox 2657 3211 2791 3246; x_wconf 79' lang='lat' dir='ltr'>sana</span> <span class='ocrx_word' id='word_1_421' title='bbox 2806 3193 2923 3264; x_wconf 88' lang='lat' dir='ltr'>qui·</span> 
     </span>
     <span class='ocr_line' id='line_1_79' title="bbox 1898 3272 2914 3342; baseline -0.002 -14"><span class='ocrx_word' id='word_1_422' title='bbox 1898 3273 2019 3328; x_wconf 86' lang='lat' dir='ltr'>dem</span> <span class='ocrx_word' id='word_1_423' title='bbox 2032 3312 2050 3342; x_wconf 85' lang='lat'>,</span> <span class='ocrx_word' id='word_1_424' title='bbox 2071 3286 2165 3326; x_wconf 85' lang='lat' dir='ltr'>aut</span> <span class='ocrx_word' id='word_1_425' title='bbox 2182 3272 2465 3327; x_wconf 82' lang='lat' dir='ltr'>emendata</span> <span class='ocrx_word' id='word_1_426' title='bbox 2480 3273 2571 3327; x_wconf 85' lang='lat' dir='ltr'>hic</span> <span class='ocrx_word' id='word_1_427' title='bbox 2588 3274 2773 3325; x_wconf 79' lang='lat' dir='ltr'>omnia</span> <span class='ocrx_word' id='word_1_428' title='bbox 2785 3291 2914 3326; x_wconf 79' lang='lat' dir='ltr'>oen·</span> 
     </span>
     <span class='ocr_line' id='line_1_80' title="bbox 1896 3373 2063 3409; baseline -0.018 0"><span class='ocrx_word' id='word_1_429' title='bbox 1896 3373 2063 3409; x_wconf 86' lang='lat' dir='ltr'>seam.</span> 
     </span>
    </p>
   </div>
   <div class='ocr_carea' id='block_1_10' title="bbox 1897 3431 2916 3661">
    <p class='ocr_par' dir='ltr' id='par_1_10' title="bbox 1897 3431 2916 3661">
     <span class='ocr_line' id='line_1_81' title="bbox 1975 3431 2689 3498; baseline -0.003 -13"><span class='ocrx_word' id='word_1_430' title='bbox 1975 3450 2020 3485; x_wconf 82' lang='grc' dir='ltr'>ι.</span> <span class='ocrx_word' id='word_1_431' title='bbox 2044 3433 2232 3486; x_wconf 75' lang='lat' dir='ltr'>Habet.</span> <span class='ocrx_word' id='word_1_432' title='bbox 2249 3433 2458 3498; x_wconf 82' lang='lat' dir='ltr'>Turic.‚</span> <span class='ocrx_word' id='word_1_433' title='bbox 2481 3431 2689 3485; x_wconf 73' lang='lat' dir='ltr'>habent.</span> 
     </span>
     <span class='ocr_line' id='line_1_82' title="bbox 1970 3512 2916 3577; baseline -0.001 -13"><span class='ocrx_word' id='word_1_434' title='bbox 1970 3530 2022 3564; x_wconf 84' lang='lat'>2.</span> <span class='ocrx_word' id='word_1_435' title='bbox 2045 3512 2373 3573; x_wconf 76' lang='lat' dir='ltr'>Imitatores3</span> <span class='ocrx_word' id='word_1_436' title='bbox 2396 3522 2473 3564; x_wconf 81' lang='lat' dir='ltr'>ut.</span> <span class='ocrx_word' id='word_1_437' title='bbox 2497 3512 2710 3577; x_wconf 60' lang='lat' dir='ltr'>Turia,</span> <span class='ocrx_word' id='word_1_438' title='bbox 2731 3513 2916 3564; x_wconf 70' lang='lat' dir='ltr'>unmo-</span> 
     </span>
     <span class='ocr_line' id='line_1_83' title="bbox 1897 3588 2916 3661; baseline -0.002 -18"><span class='ocrx_word' id='word_1_439' title='bbox 1897 3591 1996 3643; x_wconf 78' lang='lat' dir='ltr'>n&#39;to</span> <span class='ocrx_word' id='word_1_440' title='bbox 2019 3590 2227 3643; x_wconf 77' lang='lat' dir='ltr'>remitti.</span> <span class='ocrx_word' id='word_1_441' title='bbox 2251 3591 2391 3644; x_wconf 84' lang='lat' dir='ltr'>Flor.</span> <span class='ocrx_word' id='word_1_442' title='bbox 2415 3588 2479 3661; x_wconf 91' lang='lat' dir='ltr'>(a</span> <span class='ocrx_word' id='word_1_443' title='bbox 2500 3608 2582 3661; x_wconf 86' lang='lat' dir='ltr'>pr.</span> <span class='ocrx_word' id='word_1_444' title='bbox 2604 3588 2800 3661; x_wconf 86' lang='lat' dir='ltr'>manu)</span> <span class='ocrx_word' id='word_1_445' title='bbox 2832 3590 2916 3641; x_wconf 73' lang='lat' dir='ltr'>in-</span> 
     </span>
    </p>
   </div>
   <div class='ocr_carea' id='block_1_11' title="bbox 1890 3667 2916 3721">
    <p class='ocr_par' dir='ltr' id='par_1_11' title="bbox 1890 3667 2916 3721">
     <span class='ocr_line' id='line_1_84' title="bbox 1890 3667 2916 3721; baseline 0.001 -2"><span class='ocrx_word' id='word_1_446' title='bbox 1890 3671 2084 3721; x_wconf 78' lang='lat' dir='ltr'>·men‘to</span> <span class='ocrx_word' id='word_1_447' title='bbox 2118 3670 2322 3720; x_wconf 68' lang='lat' dir='ltr'>remitti.</span> <span class='ocrx_word' id='word_1_448' title='bbox 2355 3670 2434 3720; x_wconf 80' lang='lat' dir='ltr'>Ex</span> <span class='ocrx_word' id='word_1_449' title='bbox 2464 3667 2653 3721; x_wconf 79' lang='lat' dir='ltr'>Almel.</span> <span class='ocrx_word' id='word_1_450' title='bbox 2689 3668 2916 3721; x_wconf 66' lang='lat' dir='ltr'>affertur</span> 
     </span>
    </p>
   </div>
   <div class='ocr_carea' id='block_1_12' title="bbox 1897 3747 2919 4298">
    <p class='ocr_par' dir='ltr' id='par_1_12' title="bbox 1897 3747 2919 4298">
     <span class='ocr_line' id='line_1_85' title="bbox 1897 3747 2916 3801; baseline 0 -2"><span class='ocrx_word' id='word_1_451' title='bbox 1897 3747 2158 3801; x_wconf 73' lang='lat' dir='ltr'>immerito</span> <span class='ocrx_word' id='word_1_452' title='bbox 2201 3748 2413 3800; x_wconf 77' lang='lat' dir='ltr'>remitti.</span> <span class='ocrx_word' id='word_1_453' title='bbox 2441 3749 2520 3801; x_wconf 83' lang='lat' dir='ltr'>Ex</span> <span class='ocrx_word' id='word_1_454' title='bbox 2552 3750 2709 3800; x_wconf 86' lang='lat' dir='ltr'>Voss.</span> <span class='ocrx_word' id='word_1_455' title='bbox 2746 3763 2769 3799; x_wconf 86' lang='grc' dir='ltr'>ι</span> <span class='ocrx_word' id='word_1_456' title='bbox 2814 3748 2916 3799; x_wconf 74' lang='lat' dir='ltr'>ias-</span> 
     </span>
     <span class='ocr_line' id='line_1_86' title="bbox 1897 3826 2919 3880; baseline -0.001 -1"><span class='ocrx_word' id='word_1_457' title='bbox 1897 3828 2190 3879; x_wconf 70' lang='lat' dir='ltr'>men&#39;tooem</span> <span class='ocrx_word' id='word_1_458' title='bbox 2218 3839 2292 3880; x_wconf 78' lang='lat' dir='ltr'>ut.</span> <span class='ocrx_word' id='word_1_459' title='bbox 2321 3826 2399 3877; x_wconf 82' lang='lat' dir='ltr'>Ex</span> <span class='ocrx_word' id='word_1_460' title='bbox 2421 3827 2581 3878; x_wconf 67' lang='lat' dir='ltr'>Voss:</span> <span class='ocrx_word' id='word_1_461' title='bbox 2614 3826 2649 3879; x_wconf 83' lang='lat'>3</span> <span class='ocrx_word' id='word_1_462' title='bbox 2688 3826 2919 3880; x_wconf 62' lang='lat' dir='ltr'>inmed-</span> 
     </span>
     <span class='ocr_line' id='line_1_87' title="bbox 1899 3907 2917 3975; baseline 0 -16"><span class='ocrx_word' id='word_1_463' title='bbox 1899 3916 2031 3960; x_wconf 61' lang='grc' dir='ltr'>ωας</span> <span class='ocrx_word' id='word_1_464' title='bbox 2054 3915 2133 3959; x_wconf 63' lang='grc' dir='ltr'>λιι.</span> <span class='ocrx_word' id='word_1_465' title='bbox 2166 3907 2342 3960; x_wconf 77' lang='lat' dir='ltr'>Guelf.</span> <span class='ocrx_word' id='word_1_466' title='bbox 2359 3943 2379 3974; x_wconf 84' lang='lat'>‚</span> <span class='ocrx_word' id='word_1_467' title='bbox 2408 3907 2697 3959; x_wconf 69' lang='lat' dir='ltr'>imitatam</span> <span class='ocrx_word' id='word_1_468' title='bbox 2716 3909 2800 3960; x_wconf 69' lang='lat' dir='ltr'>uti</span> <span class='ocrx_word' id='word_1_469' title='bbox 2812 3947 2833 3975; x_wconf 87' lang='lat'><em>,</em></span> <span class='ocrx_word' id='word_1_470' title='bbox 2862 3920 2917 3959; x_wconf 79' lang='lat' dir='ltr'>et</span> 
     </span>
     <span class='ocr_line' id='line_1_88' title="bbox 1898 3985 2914 4059; baseline 0.002 -20"><span class='ocrx_word' id='word_1_471' title='bbox 1898 3988 1975 4039; x_wconf 86' lang='lat' dir='ltr'>sic</span> <span class='ocrx_word' id='word_1_472' title='bbox 2000 3986 2141 4040; x_wconf 83' lang='lat' dir='ltr'>Flor.</span> <span class='ocrx_word' id='word_1_473' title='bbox 2170 3985 2235 4059; x_wconf 84' lang='lat' dir='ltr'>(a</span> <span class='ocrx_word' id='word_1_474' title='bbox 2264 4005 2368 4040; x_wconf 86' lang='lat' dir='ltr'>sec.</span> <span class='ocrx_word' id='word_1_475' title='bbox 2408 3986 2602 4058; x_wconf 87' lang='lat' dir='ltr'>manu)</span> <span class='ocrx_word' id='word_1_476' title='bbox 2628 3988 2828 4050; x_wconf 50' lang='lat' dir='ltr'>Cassum</span> <span class='ocrx_word' id='word_1_477' title='bbox 2861 4000 2914 4041; x_wconf 78' lang='grc' dir='ltr'>οι</span> 
     </span>
     <span class='ocr_line' id='line_1_89' title="bbox 1897 4065 2911 4139; baseline -0.001 -20"><span class='ocrx_word' id='word_1_478' title='bbox 1897 4068 1982 4119; x_wconf 71' lang='grc' dir='ltr'>αα·</span> <span class='ocrx_word' id='word_1_479' title='bbox 2006 4066 2168 4120; x_wconf 85' lang='lat' dir='ltr'>Goth.</span> <span class='ocrx_word' id='word_1_480' title='bbox 2194 4085 2410 4139; x_wconf 84' lang='lat' dir='ltr'>quoque</span> <span class='ocrx_word' id='word_1_481' title='bbox 2435 4068 2562 4136; x_wconf 84' lang='lat' dir='ltr'>(tac.</span> <span class='ocrx_word' id='word_1_482' title='bbox 2581 4065 2771 4136; x_wconf 83' lang='lat' dir='ltr'>Gesn.)</span> <span class='ocrx_word' id='word_1_483' title='bbox 2791 4084 2911 4119; x_wconf 77' lang='lat' dir='ltr'>cun</span> 
     </span>
     <span class='ocr_line' id='line_1_90' title="bbox 1898 4143 2909 4208; baseline -0.002 -9"><span class='ocrx_word' id='word_1_484' title='bbox 1898 4144 2053 4199; x_wconf 84' lang='lat' dir='ltr'>Voss.</span> <span class='ocrx_word' id='word_1_485' title='bbox 2083 4164 2130 4198; x_wconf 79' lang='lat'>2.</span> <span class='ocrx_word' id='word_1_486' title='bbox 2174 4145 2446 4198; x_wconf 70' lang='lat' dir='ltr'>Immerito</span> <span class='ocrx_word' id='word_1_487' title='bbox 2487 4155 2572 4208; x_wconf 78' lang='lat' dir='ltr'>ut,</span> <span class='ocrx_word' id='word_1_488' title='bbox 2608 4144 2761 4197; x_wconf 84' lang='lat' dir='ltr'>Bodl.</span> <span class='ocrx_word' id='word_1_489' title='bbox 2794 4143 2909 4197; x_wconf 69' lang='grc' dir='ltr'>ΔΜ.</span> 
     </span>
     <span class='ocr_line' id='line_1_91' title="bbox 1900 4223 2911 4298; baseline -0.003 -19"><span class='ocrx_word' id='word_1_490' title='bbox 1900 4226 2029 4279; x_wconf 87' lang='lat' dir='ltr'>item</span> <span class='ocrx_word' id='word_1_491' title='bbox 2043 4239 2209 4298; x_wconf 72' lang='lat' dir='ltr'>marg.</span> <span class='ocrx_word' id='word_1_492' title='bbox 2226 4223 2382 4280; x_wconf 83' lang='lat' dir='ltr'>Basil.</span> <span class='ocrx_word' id='word_1_493' title='bbox 2397 4223 2563 4295; x_wconf 84' lang='lat' dir='ltr'>(unde</span> <span class='ocrx_word' id='word_1_494' title='bbox 2576 4243 2672 4297; x_wconf 80' lang='lat' dir='ltr'>per</span> <span class='ocrx_word' id='word_1_495' title='bbox 2686 4242 2911 4278; x_wconf 74' lang='lat' dir='ltr'>errore-</span> 
     </span>
    </p>
   </div>
  </div>
 </body>
</html>
