3200 5159
808 508 934 594 572

1378 504 1470 570 Μ.
1511 506 1739 569 FABII
1777 506 2341 588 QUINTILIANI

805 644 942 702 rat¹
979 649 1046 699 et
1073 627 1312 725 coquit
1330 685 1348 718 ,
1380 654 1554 727 aegre
1584 628 1794 700 verba
1821 648 2204 701 vertentem
2225 644 2277 718 ²,
2309 649 2376 701 et
2402 627 2926 728 perpendendis

664 757 772 861 ¹78
805 744 1520 843 coagmentandisque
1567 746 1665 818 eis
1717 746 2287 819 intabescentem.
2352 745 2629 818 Nitidus
2685 745 2801 817 ille
2858 765 2928 815 et

806 862 1128 934 sublimis
1154 883 1219 934 et
1244 862 1552 960 locuples
1577 861 2234 935 circumfluentibus
2259 862 2577 961 undique
2598 860 2926 962 eloquen-

805 977 914 1049 tiae
949 975 1213 1076 copiis3
1249 977 1591 1076 imperat:
1633 977 1887 1050 desiuit
1919 979 2115 1051 enim
2150 979 2225 1051 iu
2260 979 2547 1053 adversa
2575 978 2743 1068 niti,
2791 977 2920 1076 qui

809 1091 1126 1191 pervenit
1172 1092 1249 1163 in
1295 1119 1706 1182 summum3
1746 1095 2105 1165 scandenti
2141 1095 2324 1166 circa
2364 1095 2510 1165 ima
2542 1094 2739 1187 labor
2769 1114 2922 1164 est:

809 1229 1135 1280 caeterum
1155 1230 1500 1307 quantum
1529 1210 1936 1309 processeris
1954 1269 1974 1300 ,
1997 1210 2275 1284 mollior
2299 1210 2518 1283 clivus
2545 1237 2625 1282 ac
2649 1208 2921 1280 4laetius

707 1348 773 1401 79
809 1324 1062 1395 solum.
1099 1327 1186 1395 Et
1220 1325 1275 1395 si
1312 1323 1504 1396 haec⁵
1544 1352 1828 1425 quoque
1859 1325 2013 1426 jam
2057 1326 2287 1398 lenius
2319 1325 2574 1425 supina
2607 1351 2926 1424 perseve-

812 1441 1125 1513 rantibus
1162 1443 1410 1514 studiis
1448 1442 1808 1535 evaserisss,
1845 1443 2008 1515 inde
2050 1444 2315 1517 fructus
2359 1443 2706 1515 illaborati
2738 1442 2923 1513 offe-

809 1580 978 1630 runt
1004 1586 1173 1648 sese,
1201 1581 1269 1630 et
1291 1560 1531 1632 omnia
1560 1581 1811 1660 sponte
1830 1561 2288 1659 proveniunt;
2310 1587 2464 1661 quae
2487 1582 2724 1643 tamen
2749 1586 2924 1658 quo-

809 1673 976 1744 tidie
1018 1674 1154 1746 nisi
1209 1674 1710 1774 decerpuntur,
1765 1698 2134 1749 arescunt:
2186 1676 2308 1750 sed
2354 1698 2420 1749 et
2469 1677 2670 1775 copia
2708 1674 2923 1746 habet

808 1853 1019 1905 dicendi
1043 1866 1094 1905 et
1116 1853 1466 1905 admiratione
1489 1854 1704 1927 dignam
1732 1854 1818 1906 in-

798 1930 959 2003 felix.
979 1972 992 1985 .
1013 1973 1024 1984 .
1048 1932 1346 1987 sollicitudo
1374 1936 1708 2006 persequitur*
1727 1953 1822 1988 nec

807 2023 1064 2065 oratorem
1108 2023 1367 2079 macerat,
1412 2027 1512 2066 etc.
1559 2014 1819 2085 Displicet

806 2106 984 2145 tamen
1004 2092 1115 2145 haec
1131 2094 1400 2145 sententiaa·
1420 2095 1648 2145 inversio
1675 2116 1697 2140 ι
1713 2095 1820 2145 vim

813 2193 835 2217 «ι
856 2171 907 2222 d.
921 2170 1270 2224 admiratione
1285 2171 1497 2243 dignam
1513 2171 1818 2224 sollicitudo

811 2272 834 2297 ι
857 2270 967 2303 non
1002 2254 1342 2324 persequitur
1360 2276 1382 2300 ιο
1425 2271 1523 2325 pro
1565 2271 1630 2303 eo
1671 2252 1819 2323 quod

805 2329 1000 2380 rectius
1039 2343 1118 2381 est
1154 2331 1210 2381 in
1245 2342 1458 2401 recepta
1499 2352 1520 2377 α
1542 2331 1585 2381 si
1622 2332 1729 2382 vim
1762 2330 1815 2382 d.

811 2431 835 2454 α
856 2408 1160 2461 sollicitudo
1197 2412 1560 2482 persequitur,
1598 2430 1708 2462 nou
1739 2425 1819 2464 est

813 2511 835 2533 a
858 2488 1207 2541 admiratione
1226 2489 1401 2560 digna.
1413 2490 1708 2542 u-Nostri
1722 2490 1820 2543 Co·

806 2565 951 2619 dices
974 2586 1037 2618 ac
1064 2579 1335 2620 oratorem.
1366 2570 1461 2621 Eu.

885 2664 901 2697 ι
916 2683 927 2695 .
940 2648 1192 2699 Macerat.
1210 2647 1369 2715 Alai„
1386 2661 1624 2700 maceret.
1636 2651 1813 2702 Turio.

806 2724 979 2791 Flor.‚
1002 2735 1053 2775 et
1075 2745 1176 2799 quo
1196 2725 1353 2799 quid,
1380 2747 1499 2778 cum
1524 2728 1663 2779 Alm.
1687 2729 1818 2780 Ver-

808 2805 1008 2857 beatem
1022 2844 1039 2871 ,
1054 2804 1232 2857 Tun‘c.
1253 2805 1394 2858 Flor.
1417 2807 1816 2879 Coauyetandis-

804 2903 934 2955 que,
955 2883 1188 2936 Florem.
1213 2885 1813 2959 Coauqmentandisque,

804 2966 980 3018 Guelf.
1003 2968 1146 3018 Jens.
1176 2978 1227 3018 et
1250 2965 1453 3038 aliquot
1476 2980 1703 3039 posterr.

881 3063 929 3097 α.
969 3046 1133 3098 Verba
1170 3056 1479 3113 vertentem,
1509 3044 1562 3097 id
1597 3059 1676 3099 est
1693 3085 1710 3111 ‚
1745 3045 1814 3097 ab

807 3127 951 3175 omni
975 3137 1125 3196 parte
1148 3124 1578 3176 considerantem
1595 3163 1612 3192 ‚
1643 3138 1702 3175 ut
1734 3124 1815 3176 di-

805 3205 945 3255 citur
964 3217 1153 3256 vertere
1172 3204 1506 3276 qua-stionem
1532 3217 1583 3256 et
1603 3201 1811 3255 similia.

878 3282 928 3334 3.
949 3283 1281 3355 Eloquentioe
1298 3283 1474 3355 copiis.
1497 3283 1658 3334 Cute.
1674 3321 1690 3350 ‚
1709 3282 1816 3334 elo·

719 3376 740 3394 ³
805 3361 1035 3433 quentia!
1052 3379 1193 3432 opus.
1215 3362 1381 3431 Mat-g.
1400 3361 1584 3426 Basa„
1605 3380 1649 3412 e.
1668 3380 1816 3434 pom·

800 3442 899 3513 pis.
933 3442 1094 3492 Enim
1132 3442 1343 3492 adversa
1381 3441 1511 3505 niti,
1536 3442 1811 3494 Turicens.

803 3523 966 3575 Cam».
989 3523 1054 3572 Ε.
1079 3522 1404 3588 adversanti,
1429 3520 1660 3572 Florem.
1682 3522 1818 3574 Sua-

804 3601 981 3664 denti,
1016 3598 1152 3650 Flor.
1182 3599 1358 3651 Guelf.
1386 3617 1507 3651 cum
1536 3599 1674 3652 Alm.
1711 3601 1814 3652 Da-

807 3681 974 3744 boret,
1000 3680 1144 3729 JenS.
1172 3679 1329 3730 Tarv.
1358 3678 1599 3745 Labores,
1628 3680 1811 3732 Locat.

805 3759 995 3810 Venet.
1020 3755 1241 3809 Mollier
1260 3754 1441 3824 clives,
1465 3760 1642 3810 Tun'c.
1671 3759 1810 3811 Plor.

804 3836 1024 3891 Mollier
1043 3837 1199 3905 dives,
1224 3837 1358 3888 Alm.
1388 3836 1642 3890 Mollitur
1656 3838 1811 3906 dives,

802 3917 979 3970 Guelf.
1001 3915 1285 3969 Mollietur
1303 3917 1461 3982 dives,
1484 3918 1671 3989 reliqui
1692 3932 1814 3970 ante

803 4000 964 4051 Gesu.
1000 4000 1089 4068 qui
1112 4000 1313 4068 primus
1337 3999 1644 4068 conjectura
1670 4016 1814 4051 asse-

804 4092 960 4129 cutus
985 4091 1096 4143 est,
1131 4075 1277 4147 quod
1305 4094 1446 4127 nunc
1478 4077 1813 4129 manifestum

806 4176 836 4210 e
854 4160 1084 4227 vestigiis
1105 4159 1429 4228 optimorum
1447 4155 1703 4209 Codicum
1723 4156 1818 4209 cli-

809 4256 899 4291 vus
925 4236 1264 4291 scribendum
1288 4256 1422 4290 esse.
1448 4237 1556 4305 Qui
1576 4238 1621 4290 si
1641 4239 1816 4292 minus

1900 1857 2218 1909 festinanter
2235 1856 2346 1909 haec
2361 1867 2727 1929 procurasset,
2743 1871 2803 1904 ex
2821 1851 2917 1903 illo

1903 1936 2051 2008 quod
2075 1958 2138 1990 ex
2160 1936 2417 1990 Almelov.
2435 1940 2547 2008 jam
2567 1935 2780 1986 allatum
2800 1946 2918 1985 erat

1901 2015 2113 2068 mollier
2136 2018 2554 2089 comparativum
2578 2016 2734 2066 etiam
2760 2027 2916 2065 extu-

1902 2095 2065 2149 disset
2088 2121 2102 2162 ;
2146 2117 2252 2169 quo
2292 2097 2474 2149 addito
2515 2114 2661 2148 nunc
2697 2092 2916 2147 demum

1899 2174 2080 2227 locum
2101 2176 2390 2247 integritati
2409 2175 2763 2227 restituimus:
2786 2191 2916 2225 nam

1901 2254 2179 2307 durissima
2218 2269 2272 2307 et
2297 2256 2382 2306 vix
2414 2254 2579 2306 latina
2615 2266 2727 2304 erat
2759 2270 2916 2303 eom-

1899 2352 2067 2404 pago:
2091 2331 2362 2385 mollietur
2373 2333 2565 2399 clivus,
2582 2343 2635 2383 et
2653 2331 2820 2383 letius
2839 2349 2917 2382 so-

1900 2411 2034 2479 lum,
2055 2409 2378 2484 scilicetfiet.
2392 2413 2655 2464 -Nostri
2670 2409 2913 2481 eloquen-

1899 2491 1973 2543 tia
1997 2492 2186 2562 copiis,
2211 2510 2325 2543 exc.
2354 2492 2417 2542 R.
2446 2507 2538 2557 ιο,
2564 2491 2656 2561 qui
2681 2508 2727 2540 e.
2752 2507 2911 2560 pom-

1893 2572 1993 2645 pis.
2019 2574 2143 2624 Mox
2180 2570 2326 2624 labor
2357 2582 2460 2636 est,
2499 2590 2612 2623 exc.
2644 2572 2707 2621 R.
2735 2588 2786 2640 7,
2817 2572 2911 2640 qui

1896 2661 1948 2702 et
1985 2652 2211 2715 omittit,
2249 2663 2300 2702 et
2338 2648 2488 2701 Poul.
2506 2686 2524 2713 ,
2565 2650 2656 2720 qui
2693 2646 2907 2698 laboret.

1897 2731 1998 2780 Pro
2031 2726 2248 2779 mollior
2275 2726 2435 2778 iidem
2470 2724 2753 2790 mollietur,
2792 2744 2908 2777 exc.

1896 2811 1957 2860 R.
1989 2825 2080 2873 ιο,
2115 2811 2208 2880 qui
2238 2805 2498 2874 mollitur,
2528 2820 2582 2859 et
2607 2808 2669 2858 R.
2704 2822 2784 2872 ιι,
2817 2809 2908 2877 qui

1899 2887 2151 2940 molliter.
2180 2891 2273 2940 En.

1967 2969 2020 3036 4.
2044 2970 2124 3021 Ac
2149 2967 2345 3030 loetius5
2373 2969 2447 3020 sic
2469 2968 2647 3019 Turic.
2671 2966 2904 3019 F'lorent.

1894 3047 2070 3102 Guelf.
2097 3049 2262 3100 Cane.
2288 3050 2360 3100 Et
2384 3047 2451 3115 1.,
2479 3046 2686 3119 reliqui.

1969 3128 2019 3180 5.
2062 3127 2191 3179 Hoec
2226 3146 2444 3200 quoque.
2485 3128 2660 3190 lens„
2697 3144 2911 3198 quoque

1897 3204 2032 3271 hoec,
2068 3220 2120 3258 et
2154 3219 2379 3278 posterr.
2417 3218 2539 3257 ante
2567 3204 2692 3258 Bad.
2717 3205 2910 3257 Lenitcs

1892 3304 2131 3358 suprema
2147 3326 2166 3354 ,
2185 3286 2418 3339 Gothan.
2435 3290 2590 3338 Voss.
2616 3302 2676 3351 2,
2703 3298 2757 3338 et
2780 3284 2904 3337 edd.

1895 3378 2018 3418 ante
2037 3364 2192 3417 Basil.
2212 3365 2415 3429 Levius,
2436 3363 2520 3417 vel
2540 3363 2720 3417 loevius
2734 3383 2908 3437 supre-

1894 3462 2017 3512 ma,
2051 3443 2198 3496 editt.
2232 3443 2421 3516 reliqui
2456 3456 2577 3495 ante
2609 3444 2784 3494 Burm.
2809 3445 2906 3515 qui

1894 3525 2095 3595 primus
2119 3536 2360 3574 nostrum
2385 3542 2449 3575 ex
2471 3520 2729 3573 Almelov.
2757 3519 2904 3592 quod

1894 3622 2037 3655 nunc
2061 3604 2298 3655 firmatur
2320 3604 2481 3655 etiam
2504 3619 2536 3653 a
2557 3598 2733 3652 'Ru-ic.
2758 3599 2902 3652 Flor.

1893 3681 2169 3737 Guelferb.

1966 3761 2018 3813 6.
2037 3760 2283 3815 Evaseris.
2302 3759 2466 3824 Flor.‚
2487 3758 2711 3811 eveseris.
2726 3757 2900 3811 Guelf.

1894 3859 2058 3911 marg.
2085 3838 2271 3904 Basa„
2300 3839 2549 3891 everteris.
2581 3839 2754 3904 δραι,
2776 3856 2904 3889 eva-

1893 3921 2044 3987 serit,
2069 3932 2123 3971 et
2145 3918 2450 3990 posteriorr.
2478 3928 2601 3968 ante
2625 3914 2754 3967 Obr.
2780 3914 2900 3986 Off.

1893 4015 2051 4069 soepe,
2066 3997 2338 4049 Turicens.
2359 3995 2501 4046 Flor.
2522 3991 2698 4046 Guelf.
2714 3993 2904 4065 Neque

1897 4077 2037 4130 laud.
2052 4116 2069 4143 ,
2093 4075 2268 4129 Guelf.
2285 4074 2446 4126 -De
2470 4075 2686 4125 evaseris
2711 4072 2903 4124 eadem

1894 4158 2078 4210 nostri.
2103 4158 2354 4208 Praeterea
2376 4154 2438 4205 R.
2457 4170 2508 4224 7,
2527 4152 2777 4203 everterit.
2799 4152 2905 4203 Pro

1895 4254 1996 4291 sese
2017 4236 2125 4290 RR-
2154 4251 2207 4304 7,
2235 4251 2325 4301 ιο,
2354 4249 2408 4287 ιι
2433 4248 2581 4303 saepe.
2604 4229 2702 4282 En.
