3200 5159
844 503 971 572 560

1407 509 1503 570 M.
1544 506 1771 570 FAssn
1799 476 2364 589 Qumnnmm

842 625 1179 699 deducet:
1228 630 1365 701 Vos
1397 633 1580 699 enim
1615 608 1880 699 Albani
1919 627 2167 701 tumuli
2200 643 2409 729 atque
2437 627 2617 701 luci.-
2651 654 2798 713 υοε,
2829 631 2919 697 in·

842 766 1076 838 quam,
1096 740 1535 813 Albanorum
1559 740 1822 815 obrutae
1841 768 2003 830 aroe,
2028 766 2379 816 sacrorum
2394 742 2640 843 populi
2663 744 2920 813 romani

841 859 1039 926 socioe
1066 871 1132 927 et
1161 855 1474 954 aequales.
1525 855 1663 927 Hic
1691 855 1899 942 iram,
1930 856 2045 928 hic
2073 856 2624 929 misericordiam
2651 853 2921 953 inspira-

840 967 950 1040 bit
967 983 1022 1057 ¹;
1050 969 1162 1042 hic
1187 969 1368 1043 dicet
1385 984 1435 1061 ²,
1464 972 1560 1042 Te
1587 968 1819 1057 vidit3,
1846 986 1912 1043 et
1932 971 2333 1072 appellavit,
2360 988 2427 1044 et
2439 972 2648 1072 flevit
2667 998 2689 1040 .·
2715 988 2784 1040 et
2809 992 2920 1066 per

845 1108 1093 1156 omnes
1130 1086 1419 1158 affectus
1454 1085 1829 1158 tractatus4
1867 1086 1984 1158 hic
2026 1086 2255 1185 itaque
2275 1086 2302 1132 ⁵
2335 1086 2501 1160 illuc
2536 1084 2919 1183 ⁶sequetur,

922 1374 942 1409 1
955 1397 968 1411 .
991 1359 1289 1431 Inspirabit.
1305 1362 1487 1414 Turio.
1502 1361 1641 1414 Flor.
1656 1400 1674 1428 ,
1700 1362 1856 1434 inspi-

848 1438 998 1490 ravit.
1033 1437 1104 1490 H.
1134 1438 1271 1510 (sic,
1307 1450 1417 1493 una
1454 1441 1664 1513 littera)
1690 1441 1850 1505 dicit,

844 1517 1023 1569 Turic.
1050 1517 1153 1569 Hic
1173 1519 1327 1583 dicit,
1348 1519 1524 1572 Guelf.
1542 1518 1704 1573 Goth.
1726 1517 1849 1589 (tac.

842 1597 1042 1669 Gesn.).
1066 1598 1172 1650 Hic
1190 1598 1390 1666 dicunt,
1411 1599 1551 1652 Flor.
1574 1600 1728 1651 Dicet
1746 1597 1852 1664 hic,

843 1677 1005 1729 Cmr.
1023 1706 1094 1716 —
1105 1678 1286 1731 Nostri
1301 1678 1468 1731 Codd.
1485 1677 1575 1731 alii
1595 1676 1680 1730 hic
1694 1677 1852 1742 dicet,

845 1753 933 1808 alii
959 1754 1045 1809 hic
1067 1757 1208 1811 dicit.
1234 1759 1327 1810 En.

916 1853 963 1888 2.
987 1835 1093 1886 Hic
1113 1835 1307 1889 dicet...
1334 1836 1507 1889 doceri
1529 1836 1851 1890 desiderabit.

843 1915 966 1966 Haec
1001 1932 1165 1985 quum
1198 1918 1409 1968 nonnisi
1447 1929 1696 1987 corrupta
1727 1916 1854 1969 dare

844 1994 1107 2065 potuerim
1121 2031 1139 2060 ‚
1156 1996 1315 2064 posui
1334 2008 1391 2046 ut
1408 2010 1530 2047 sunt
1548 1998 1602 2048 in
1617 1997 1856 2048 vetustis-

844 2073 1021 2138 simis,
1057 2071 1263 2145 aliquot
1300 2074 1619 2128 emendandi
1646 2075 1854 2127 conati-

842 2148 945 2201 bus
974 2151 1026 2201 in
1053 2163 1165 2202 not.
1192 2170 1370 2223 super.
1395 2151 1586 2205 allatis.
1617 2151 1719 2206 Sed
1741 2151 1854 2205 haec

845 2230 1001 2279 etiam
1028 2229 1103 2281 Te
1125 2228 1511 2306 vidit...flevt'e,
1539 2248 1652 2301 quae
1679 2250 1854 2304 neque

846 2306 989 2378 apud
1003 2307 1314 2362 Ciceronem
1328 2328 1503 2381 neque
1519 2310 1645 2362 alibi
1664 2309 1856 2362 hucus-

845 2404 948 2457 que
972 2387 1186 2440 inventa
1208 2402 1362 2454 sunt,
1387 2390 1690 2461 suspicione
1710 2388 1854 2461 apud

840 2485 926 2518 me
943 2466 1155 2537 quidem
1179 2486 1289 2520 non
1310 2482 1520 2521 carent:
1545 2488 1722 2542 neque
1744 2470 1872 2521 for·.

842 2556 983 2597 tasse
1006 2563 1174 2598 errem
1189 2585 1206 2612 ‚
1231 2549 1275 2598 si
1294 2565 1322 2598 e
1336 2547 1617 2599 Turicensi
1636 2550 1856 2619 scriptu·

843 2639 901 2673 ra
929 2625 1086 2676 unica
1112 2623 1286 2677 littera
1315 2627 1369 2677 in
1396 2625 1715 2680 simillimam
1742 2645 1853 2681 mu-

845 2713 953 2754 tata
971 2701 1083 2755 haec
1109 2704 1407 2756 effecerim:
1428 2704 1528 2769 Te,
1541 2705 1742 2776 judex,
1763 2724 1853 2777 ap·

838 2779 1064 2850 pellavi!
1088 2793 1139 2834 et
1150 2781 1327 2859 flevit.
1353 2784 1482 2852 Qu'ae
1506 2782 1575 2834 ad
1602 2785 1852 2837 miserum

842 2858 1072 2931 aliquem
1092 2875 1146 2913 et
1164 2881 1195 2914 a
1215 2861 1608 2935 potentioribus
1630 2881 1853 2937 oppres-

841 2956 960 2991 sum
982 2938 1228 2993 clientem
1254 2939 1450 3008 relata,
1482 2942 1709 3011 scriptor
1735 2943 1850 3012 ipse

842 3018 914 3069 ita
944 3018 1171 3073 finxerit.

913 3097 964 3149 3.
989 3097 1062 3151 Te
1083 3099 1211 3152 vidit
1231 3111 1285 3151 et
1298 3097 1593 3171 appellavit
1609 3097 1848 3175 etsta-it,-

843 3176 918 3228 sic
949 3177 1112 3231 Cane.
1154 3177 1397 3251 Tejudet
1426 3197 1475 3230 a.
1502 3197 1547 3230 e.
1561 3177 1645 3250 f„
1672 3179 1847 3230 Turio.

845 3252 922 3304 Te
955 3254 1093 3308 videt
1124 3275 1174 3309 a.
1201 3275 1246 3309 e.
1260 3255 1345 3328 fi,
1375 3255 1515 3309 Flor.
1542 3274 1663 3307 cum
1687 3254 1847 3307 Goth.

838 3334 994 3385 Voss.
1021 3351 1069 3385 2.
1095 3334 1167 3386 Te
1191 3335 1318 3387 vidie
1341 3353 1392 3385 a.
1417 3352 1463 3385 e.
1476 3333 1553 3406 f„
1576 3332 1846 3386 Guelferb.

840 3409 968 3462 Bad.
998 3411 1061 3464 T.
1087 3432 1134 3465 v.
1160 3411 1384 3489 etflexit
1403 3422 1455 3465 et
1475 3429 1601 3483 app.
1616 3450 1635 3478 ‚
1661 3410 1852 3483 reliqui

840 3503 1109 3560 praeeunte
1137 3493 1281 3568 Jeqs.

850 3618 855 3627 ,
913 3569 964 3635 4.
995 3569 1296 3634 Tmctatus5
1326 3573 1400 3621 sic
1423 3570 1601 3621 Turic-
1634 3571 1849 3625 Tracta-

728 3676 733 3683 ·
845 3658 949 3714 tur,
975 3649 1181 3720 reliqui.

917 3729 967 3783 5.
1002 3729 1105 3782 Hic
1131 3730 1307 3802 itaque
1319 3750 1340 3791 ;
1379 3731 1455 3780 sic
1491 3729 1669 3780 Turio.
1704 3728 1845 3781 Flor.

838 3806 1015 3861 Guelf.
1030 3809 1182 3859 Voss.
1214 3825 1241 3858 2
1256 3844 1273 3873 ‚
1296 3805 1529 3859 Gothan.
1552 3807 1700 3858 Jens.
1719 3805 1844 3875 (tac.

837 3886 1033 3958 Gesn.)
1061 3897 1114 3937 et
1144 3885 1453 3958 posteriorr.
1490 3896 1612 3935 ante
1645 3883 1845 3956 Gryph.

846 3965 999 4034 ²54⁴-
1039 3965 1179 4019 Hinc
1215 3964 1281 4030 12,
1320 3962 1540 4034 reliqui,
1579 3978 1846 4036 praeeunte

836 4047 946 4116 jam
972 4047 1135 4099 Cur.
1164 4075 1238 4085 —
1264 4045 1447 4096 Nostri
1473 4042 1729 4110 Codices,
1765 4042 1848 4096 hic

843 4127 1033 4198 itaque.
1063 4127 1156 4176 En.

912 4203 963 4256 6.
988 4203 1268 4275 Sequetur,-
1303 4205 1377 4255 sic
1400 4204 1670 4257 Turicens.
1706 4202 1844 4257 Flor.

735 1209 805 1262 63
845 1225 973 1271 nec
1016 1198 1285 1273 doceri⁷
1330 1200 1768 1274 desiderabit.
1820 1201 2061 1293 Quare
2094 1203 2152 1275 si
2182 1228 2262 1275 ex
2288 1201 2509 1275 tribus
2541 1201 2648 1273 his
2676 1196 2902 1298 generi

1931 1362 2107 1417 Guelf.
2136 1363 2300 1416 Cam».
2331 1363 2492 1417 Goth.
2524 1365 2668 1416 Jeus.
2695 1360 2923 1433 (tacente

1933 1443 2119 1513 Gesn.)
2153 1455 2207 1494 et
2230 1442 2376 1495 editt.
2404 1460 2589 1495 omnes
2610 1454 2738 1493 ante
2759 1441 2925 1491 Bnrm

1932 1534 1993 1573 ut
2016 1521 2173 1590 hujus
2207 1523 2443 1594 suspicer
2469 1519 2711 1593 sphalma
2735 1535 2924 1571 merum

1931 1601 2178 1671 sequitur,
2205 1599 2348 1673 quod
2374 1600 2535 1652 Gesn.
2563 1614 2616 1652 et
2639 1600 2753 1671 Bip.
2784 1614 2924 1668 repe·

1932 1679 2128 1730 tierunt
2141 1715 2159 1745 ,
2178 1678 2407 1752 Capper.
2428 1698 2538 1732 non
2556 1682 2701 1732 item.
2719 1677 2926 1729 —Nom

1934 1760 1999 1810 tri
2018 1768 2273 1832 sequetur.
2298 1759 2414 1812 En.'

2006 1857 2055 1909 7.
2089 1840 2311 1900 Docet-i,-
2349 1842 2424 1892 sic
2457 1856 2640 1891 omnes
2672 1851 2727 1890 et
2757 1837 2924 1908 scripti

1934 1916 2057 1987 (nisi
2077 1916 2224 1987 quod
2236 1917 2397 1970 Goth.
2414 1917 2597 1983 decori,
2617 1936 2729 1968 non
2741 1916 2921 1978 dem,

1935 2013 2034 2047 err.
2057 1995 2241 2067 Gesn.)
2269 2010 2320 2050 et
2344 1996 2470 2050 editi
2486 2035 2503 2062 ‚
2531 2015 2665 2068 quos
2691 1995 2926 2069 equidem

1933 2073 2156 2127 viderim
2170 2113 2186 2141 ‚
2208 2089 2397 2147 prater
2419 2079 2591 2128 Burm.
2616 2078 2708 2147 qui
2728 2075 2924 2132 dooere,-

1936 2153 2081 2224 quod
2122 2167 2297 2206 tamen
2337 2153 2578 2227 sphalma
2618 2150 2925 2226 typographi

1934 2250 2048 2283 non
2085 2244 2196 2297 est,
2234 2242 2398 2304 quum
2433 2232 2606 2285 doceri
2637 2244 2924 2302 tamquam,

1932 2331 1984 2363 v.
1998 2310 2034 2363 l.
2054 2313 2323 2383 appictum
2341 2313 2424 2364 sit.
2441 2313 2563 2364 Haec
2578 2312 2758 2363 omnia
2774 2312 2926 2381 quun

1935 2390 2214 2441 manifesto
2247 2392 2354 2442 sint
2379 2401 2632 2461 corrupta
2646 2425 2664 2453 ‚
2699 2386 2831 2442 Obr.
2858 2388 2925 2438 ita

1935 2468 1990 2519 in
2014 2479 2157 2519 textu
2173 2485 2281 2521 ,suo
2305 2469 2488 2539 posuit
2511 2489 2525 2519 ε
2556 2476 2606 2519 et
2636 2483 2736 2537 per
2762 2483 2927 2518 omues

1932 2545 2161 2618 affec-tm
2181 2547 2392 2599 auditor
2408 2547 2511 2599 Inue
2531 2556 2690 2617 atque
2711 2543 2845 2596 illuc
2861 2560 2929 2595 se·

1931 2634 2135 2696 querar,
2157 2643 2251 2678 nec
2266 2625 2439 2679 doceri
2453 2624 2778 2690 desiderabit,
2791 2619 2928 2693 quod

1932 2701 2080 2754 illum
2103 2702 2313 2756 dedisse
2335 2723 2365 2757 e
2386 2708 2694 2776 conjectura
2713 2701 2797 2754 vel
2822 2700 2926 2752 sols

1932 2800 2033 2834 vox
2052 2783 2266 2836 auditor
2284 2797 2337 2837 et
2354 2783 2653 2854 neglectum
2676 2778 2927 2834 metandi

1928 2861 2149 2913 verbum
2175 2861 2368 2934 prodit.
2395 2863 2568 2913 Burm.
2593 2862 2775 2930 itaque
2803 2876 2928 2911 con·

1925 2938 2141 3010 jioiebat
2176 2954 2227 2994 et
2262 2942 2336 2994 ita
2370 2959 2466 3011 per
2499 2958 2676 2993 omnes
2706 2937 2926 3009 affeetu

1931 3028 2177 3075 tractatus
2191 3020 2362 3092 judex
2393 3019 2497 3072 hue
2527 3017 2659 3070 illuc
2679 3028 2925 3090 sequetur,

1931 3116 2025 3150 nec
2058 3096 2110 3149 d.
2134 3100 2184 3151 d.
2216 3102 2272 3151 in
2295 3116 2398 3171 qua
2421 3097 2528 3149 loci
2552 3098 2926 3149 constitutione

1930 3191 2074 3230 certe
2102 3177 2237 3232 illud
2260 3188 2507 3233 tractatus
2528 3194 2671 3229 nunc
2695 3175 2766 3229 ab
2789 3176 2926 3247 opti·

1931 3275 2018 3308 mo
2045 3257 2242 3311 Codice
2266 3256 2623 3310 confirmatur.
2650 3254 2927 3326 Utriusque

1931 3349 2107 3388 autem
2134 3340 2452 3409 conjectura:
2479 3337 2697 3387 virtutes
2720 3336 2792 3386 ita
2819 3334 2928 3383 for-

1930 3414 2069 3466 tasse
2099 3414 2522 3466 commodissime
2550 3413 2886 3483 conjunxeris
2912 3431 2924 3460 ε

1930 3503 1983 3546 et
2006 3513 2104 3566 per
2131 3512 2308 3546 omnes
2328 3493 2554 3566 qffecms
2577 3502 2826 3545 metatus
2843 3494 2927 3562 ju·

1930 3573 2027 3625 dex
2045 3573 2145 3625 huc
2160 3583 2318 3645 atque
2336 3569 2467 3623 illuc
2482 3581 2724 3644 sequetur
2739 3588 2791 3623 n.
2807 3568 2862 3619 d.
2875 3566 2923 3618 d.

1930 3662 1991 3701 ut
2021 3649 2133 3702 sola
2158 3668 2260 3701 vox
2276 3650 2449 3722 judex
2481 3648 2732 3702 exciderit
2762 3650 2818 3700 in
2843 3664 2928 3697 ve-

1930 3739 2069 3779 tusta
2095 3731 2352 3798 scriptura
2382 3741 2435 3779 et
2462 3726 2620 3779 verba
2651 3725 2754 3780 huc
2773 3737 2926 3798 atque

1928 3805 2111 3859 leviter
2129 3809 2233 3859 sint
2251 3820 2529 3879 corrupta;
2550 3825 2708 3877 quam
2729 3818 2924 3876 posu-e·

1929 3904 2070 3937 mam
2083 3884 2464 3939 emendationis
2482 3898 2686 3956 partem
2706 3880 2925 3936 certissi-

1927 3983 2065 4017 mam
2094 3962 2279 4036 judico
2295 4004 2314 4031 ‚
2353 3963 2421 4015 de
2444 3961 2747 4016 oblitterato
2782 3958 2924 4012 verbi

1926 4052 2163 4114 sequetur
2194 4042 2433 4113 subjecto
2471 4033 2696 4094 aliorum
2728 4037 2922 4109 judicia

1926 4138 2242 4192 provocans.
2275 4120 2426 4175 Addo
2462 4133 2516 4174 ct
2551 4131 2732 4175 notam
2765 4132 2920 4186 supe·

1928 4203 2138 4257 riorum.
