3200 5159
672 477 1324 550 INSTITUTIONIS
1359 478 1618 547 ORAT.
1656 481 1820 546 LIB.
1859 481 2020 564 XII,
2070 506 2125 549 ι.
2322 491 2451 575 429

348 607 698 680 forensem
740 606 1157 706 quamdam¹
1202 604 1640 677 instituimus
1677 631 2000 704 operam,
2035 631 2165 679 nec
2194 633 2453 683 merce·

338 722 615 795 nariam
669 749 947 810 vocem,
1000 746 1168 811 nec,
1229 739 1310 791 ut
1368 718 1880 818 asperioribus²
1922 720 2151 794 verbis
2203 749 2451 822 parca-

341 863 537 930 mus»,
572 865 719 910 non
753 835 1118 910 inutilem3
1147 860 1309 907 sane
1341 833 1577 907 litium
1610 835 2021 909 advocatum
2041 893 2061 927 ‚
2088 864 2301 936 quem
2329 840 2448 913 de·

345 949 561 1051 nique
590 950 1055 1026 causidicumff*
1074 950 1300 1049 vulgo
1331 969 1580 1022 vocant
1605 948 1667 1039 ⁵3
1704 950 1827 1023 sed
1854 951 2124 1042 virum,
2170 979 2395 1050 quum
2415 953 2447 1000 ⁶

419 1121 464 1157 1.
511 1104 826 1177 Quamdom,
868 1103 1043 1157 Habet
1086 1101 1347 1176 quendam
1435 1123 1458 1148 ι
1478 1100 1717 1172 alioquin
1749 1120 1978 1174 persona
1996 1138 2012 1168 ‚
2043 1101 2361 1157 advocatum
2388 1107 2443 1157 in

340 1182 515 1237 Guelf.
551 1183 828 1254 Quadam,
856 1185 1035 1235 Tui-ic.
1070 1182 1347 1233 Mea-cena·
1430 1201 1456 1225 u
1476 1178 1687 1246 litibus,
1750 1177 2080 1232 causidicum
2132 1180 2379 1253 denique.
2412 1209 2435 1234 n

344 1264 456 1332 ria,
473 1263 745 1317 Guelferb.
764 1263 950 1335 Neque
966 1263 1342 1328 ut‚Turicens.
1424 1256 1528 1310 Sed
1566 1259 1611 1309 si
1638 1276 1747 1310 non
1780 1269 1923 1310 recte
1949 1259 2193 1330 jungitur
2216 1260 2444 1313 advoca-

216 1347 231 1366 *
342 1343 525 1396 Ambr.
553 1360 581 1395 2
601 1381 617 1410 ,
650 1342 826 1395 Guelf.
850 1344 1014 1395 Cain».
1039 1340 1156 1412 (hic
1180 1354 1233 1394 et
1253 1360 1347 1393 ne-
1427 1347 1506 1388 tus
1524 1334 1731 1401 litium,
1753 1337 1961 1407 ipsique
1984 1336 2254 1403 advocato,
2282 1357 2443 1409 quem

338 1441 439 1494 que
465 1421 659 1493 merc).
691 1422 930 1494 Asperius
959 1420 1142 1488 verbis,
1164 1420 1343 1472 Turic.
1422 1417 1619 1469 vetusti
1653 1414 1877 1468 Codices
1910 1417 2195 1486 ignorant,
2240 1416 2443 1471 diffidi-

334 1502 571 1634 Flzretgi
597 1580 948 1655 asperioribus.
969 1619 982 1632 .
1003 1619 1015 1632 .
1045 1597 1339 1651 parcamus.

335 1660 592 1715 Babulam
608 1701 626 1728 ,
651 1674 711 1713 ut
736 1675 876 1715 recte
897 1673 1079 1714 monet
1104 1658 1341 1713 Pseudo-

335 1740 646 1805 Turnebus‚
674 1739 911 1793 dicturus
944 1753 1073 1792 erat.
1094 1737 1230 1792 Vide
1261 1739 1346 1791 in-

1423 1514 1542 1548 mus
1566 1518 1579 1547 2
1611 1494 1809 1549 indicio
1832 1495 2046 1549 Codicis
2069 1496 2207 1549 Alm.
2233 1499 2440 1567 ejiciam

1421 1574 1555 1628 illud
1580 1573 1757 1627 litium
1784 1593 2034 1648 quoque;
2060 1587 2118 1627 ut
2140 1573 2253 1627 haec
2276 1577 2441 1647 scrip-

1421 1668 1539 1707 tura
1568 1657 1755 1708 existat
1783 1675 1795 1705 2
1837 1672 1951 1707 nec.
1970 1693 1982 1705 .
2004 1694 2016 1706 .
2056 1672 2161 1705 non
2196 1653 2436 1707 inutilem

1420 1751 1576 1800 sane,
1632 1749 1786 1806 quem
1837 1732 2063 1805 denique
2116 1732 2437 1785 causidicum

337 1820 417 1872 fra
441 1818 532 1872 lib.
553 1819 684 1886 ΧΠ,
706 1837 825 1892 cap.
851 1836 912 1890 9,
943 1817 988 1890 §-
1020 1834 1098 1870 12.

407 1895 457 1949 3.
495 1897 622 1950 Non
655 1896 894 1949 inutilem
925 1914 1049 1950 sane
1080 1895 1270 1947 litium.
1291 1934 1304 1947 .
1323 1934 1336 1947 .

336 1990 511 2046 quern.
540 1975 715 2026 Turic.
738 1974 909 2041 Flor.‚
947 1992 1053 2025 non
1087 1969 1240 2026 utiles
1268 1992 1340 2025 an

333 2048 541 2103 elicium
575 2070 747 2123 quem.
786 2053 863 2103 Ex
899 2051 1087 2104 Almel.
1121 2051 1342 2104 affertur

337 2148 445 2182 non
483 2129 613 2182 utc'Ie
643 2149 768 2184 sane
799 2148 989 2204 quem,
1029 2130 1172 2184 unde
1208 2132 1340 2183 Bam

334 2226 559 2260 mannus
587 2211 803 2281 conjicit
829 2229 881 2262 n.
912 2207 1153 2261 inutilem
1177 2208 1342 2283 plane

330 2285 644 2339 advocatiam
670 2305 827 2361 quem
837 2326 855 2354 ‚
883 2290 1133 2359 quoniam
1163 2286 1336 2342 litium

331 2365 645 2420 advocatum
673 2386 741 2423 an
770 2380 911 2420 recte
945 2367 1151 2420 dicatur
1178 2366 1337 2420 dubi-

330 2443 550 2497 tandum
573 2449 657 2498 sit.
681 2445 842 2514 Quod
871 2446 1084 2517 quidem
1105 2446 1265 2519 plane
1288 2449 1339 2500 ei

327 2525 620 2589 assentior-3
649 2524 745 2578 sed
774 2524 1034 2578 medelam
1069 2544 1178 2578 non
1208 2527 1337 2580 item

326 2602 519 2674 probo.
554 2605 691 2657 Nam
725 2603 1036 2657 advocatum
1073 2618 1124 2657 et
1161 2606 1335 2677 ipsum

332 2680 520 2734 abesse
540 2682 608 2735 ab
622 2683 758 2735 Alm.
777 2682 972 2736 oblitus
990 2682 1214 2751 videtur,
1234 2704 1334 2738 nec

328 2760 481 2813 valde
504 2761 751 2814 credulus
776 2781 875 2834 ego
898 2762 973 2815 illi
992 2766 1135 2817 vocis
1154 2763 1334 2817 litium

330 2840 630 2903 omissioni3
647 2839 914 2911 habetque
931 2839 1038 2893 hoc
1058 2843 1213 2893 etiam
1232 2840 1332 2893 dif-

328 2916 617 2972 ficultatem
633 2957 651 2986 ,
681 2920 826 2991 quod
841 2958 859 2986 ,
893 2939 1055 2993 quum
1081 2923 1148 2973 sit
1170 2923 1225 2973 in
1247 2920 1332 2974 his

328 3001 638 3052 manifestus
656 2999 723 3052 ad
745 2999 1053 3053 honestiora
1070 3000 1332 3053 vocabula

326 3078 559 3146 reditus,
589 3093 764 3132 tamen
795 3080 1074 3132 advocatus
1109 3093 1200 3133 aut
1230 3099 1332 3152 po-

330 3159 435 3210 tior
457 3172 536 3212 est
557 3156 696 3228 (vide
719 3161 808 3225 IV,
840 3177 884 3224 1,
910 3159 992 3231 7),
1023 3172 1115 3212 aut
1143 3157 1329 3211 saltem

326 3257 439 3290 non
457 3239 674 3291 inferior
689 3238 967 3292 causidico.
985 3240 1057 3290 Ut
1073 3257 1184 3290 non
1201 3236 1333 3290 mul-

326 3329 443 3368 tum
466 3316 632 3384 absit,
665 3320 792 3390 quin
814 3329 1019 3370 vetusta
1048 3316 1134 3369 illa
1159 3317 1331 3388 scrip-

325 3409 446 3448 tura
466 3394 662 3448 indicio
681 3410 800 3448 utar
816 3397 960 3448 vocis
986 3392 1215 3469 litiqium
1239 3393 1330 3465 (ad

324 3474 546 3527 modum
559 3476 842 3548 mancipii)
860 3475 929 3529 de
941 3474 1157 3527 homine
1171 3475 1331 3526 etiam

323 3557 381 3608 in
446 3553 688 3607 familiari
757 3574 999 3608 sermone
1068 3568 1330 3627 usurpatae

325 3632 495 3706 (nnon
510 3632 694 3686 inutile
714 3651 841 3688 sane
857 3633 1076 3704 litigium
1086 3634 1151 3704 n).
1169 3633 1331 3703 Quod

328 3716 373 3768 si
386 3752 405 3782 ,
423 3727 481 3766 ut
499 3732 598 3786 par
619 3728 724 3782 est,
749 3714 1105 3785 displicuerit,
1124 3712 1241 3766 vide
1260 3732 1332 3766 an

323 3791 690 3864 reponendum
704 3793 945 3846 videatur
956 3793 1131 3845 litium
1150 3791 1333 3845 instru-

323 3871 842 3924 mentum—Verba
863 3891 969 3925 non
987 3872 1227 3924 inutilem
1246 3890 1332 3924 sa-

323 3970 394 4003 ne
419 3949 683 4021 adjectum
719 3955 995 4024 requirunt
1027 3969 1224 4004 nomen
1254 3952 1330 4003 rei

318 4033 596 4105 proprium
616 4055 631 4097 ;
669 4050 829 4105 quare
871 4034 1071 4105 optime
1110 4046 1330 4086 eatenus

323 4109 557 4164 decurrit
576 4112 787 4183 vulgata
802 4150 820 4179 ,
848 4115 901 4165 in
921 4111 1066 4165 hunc
1084 4131 1326 4166 sensum:

301 4231 309 4238 -
334 4213 358 4239 a
378 4210 476 4246 nec
493 4229 508 4259 ‚
551 4210 869 4265 quamquam
910 4190 1022 4245 hec
1066 4191 1206 4245 utilis
1253 4205 1332 4244 est

1422 1809 1578 1885 vulqo
1616 1811 1816 1863 dicunt.
1857 1813 1934 1863 lta
1958 1829 2058 1862 vox
2091 1810 2317 1884 denique
2351 1831 2436 1864 ne·

1421 1893 1577 1963 spicit
1609 1889 1941 1961 generaliora
1969 1888 2059 1942 illa
2087 1889 2197 1942 duo
2214 1928 2232 1957 ,
2263 1893 2434 1962 iisque

1418 1969 1745 2023 vocabulum
1772 1972 2046 2042 proprium
2082 1970 2305 2023 solemni
2333 1990 2434 2025 usu

1421 2049 1687 2102 subnectit
1700 2071 1715 2114 ;
1736 2067 1860 2100 nam
1874 2048 2097 2121 denique
2111 2046 2242 2100 illud
2255 2051 2433 2121 ipsum

1419 2129 1561 2182 valet
1588 2152 1613 2176 ιι
1632 2142 1695 2181 ut
1722 2129 1836 2180 sine
1868 2126 2180 2198 ambagibus
2215 2148 2324 2181 rem
2349 2132 2435 2202 ip-

1425 2231 1449 2256 «
1473 2228 1585 2261 sam
1612 2210 1905 2262 nominem.
1925 2231 1947 2254 ιο
1977 2209 2166 2279 Neque
2191 2226 2432 2260 commo-

1418 2287 1624 2341 diorem
1645 2288 1766 2341 voci
1798 2285 1978 2338 locum
2011 2286 2245 2337 invenias
2270 2305 2432 2357 quam

1418 2380 1543 2422 ante
1583 2370 1761 2441 ipsum
1804 2379 2017 2418 nomen.
2059 2365 2163 2418 Sed
2199 2365 2318 2418 vide
2361 2385 2430 2419 an

1417 2447 1572 2499 nimis
1600 2446 1801 2499 morosi
1835 2447 1941 2498 sint
1961 2445 2074 2495 VV-
2108 2445 2220 2497 DD.
2251 2447 2308 2497 in
2336 2446 2429 2498 illo

1417 2525 1594 2580 litium
1612 2524 1895 2586 advocato,-
1921 2542 2029 2597 quo
2048 2523 2234 2575 relicto
2256 2525 2430 2578 fateor

1415 2607 1575 2677 longe
1597 2604 1931 2659 commodius
1950 2605 2181 2676 positam
2206 2623 2322 2658 esse
2339 2625 2428 2659 vo-

1413 2702 1530 2738 cem
1552 2685 1791 2757 dem'que.
1818 2684 2021 2735 Burni.

1485 2766 1539 2834 4.
1569 2763 1918 2819 Causidicum.
1944 2761 2128 2814 Ambiu
2157 2779 2219 2827 2,
2245 2782 2428 2817 causa-

1412 2842 2062 2899 dicum—causidicum.
2102 2844 2178 2894 Ita
2212 2844 2426 2895 nonnisi

1411 2944 1509 2997 per
1557 2936 1925 2995 contemptum
1979 2922 2243 2973 nominari
2292 2941 2384 2974 eos
2404 2960 2422 2988 ,

1413 3022 1546 3075 quos
1570 3003 1783 3074 patroni
1812 3000 2027 3053 nomine
2043 3035 2061 3066 ,
2088 2999 2287 3052 nedum
2312 3019 2424 3052 om-

1413 3084 1559 3134 nium
1591 3079 2126 3135 honorificentissimo
2164 3082 2421 3146 oratoris,

1413 3179 1523 3213 non
1542 3159 1801 3230 digneris,
1826 3157 1986 3212 docet
2002 3161 2335 3218 Burmannus
2353 3158 2425 3212 ad

1410 3258 1533 3294 eum
1555 3241 1788 3293 Petronii
1810 3238 1987 3292 locum
2011 3238 2152 3311 (cap.
2176 3238 2295 3310 46),
2329 3237 2422 3290 ubi

1411 3340 1533 3374 cum
1556 3337 1803 3392 pra-cone
1825 3316 2016 3391 (plane
2049 3331 2110 3370 ut
2133 3317 2276 3390 apud
2298 3319 2419 3370 Juv.

1410 3402 1513 3468 vl,
1553 3398 1690 3471 438)
1726 3401 2067 3469 componitur
2102 3398 2418 3451 causidicus.

1411 3481 1572 3533 Plane
1601 3492 1778 3531 autem
1806 3480 2051 3550 apposite
2079 3477 2146 3531 ad
2181 3492 2424 3532 nostrum

1410 3558 1589 3612 locum
1614 3558 1773 3612 verba
1796 3556 1870 3609 ibi
1894 3558 2193 3610 afferuntur
2214 3559 2325 3610 Cic.
2351 3556 2419 3610 de

1409 3638 1502 3690 Or.
1531 3641 1584 3703 1,
1610 3638 1695 3704 46.
1728 3660 1750 3683 ι
1771 3638 1895 3689 Non
1924 3639 2061 3689 enim
2095 3634 2423 3688 causidicum

1416 3740 1440 3764 σι
1461 3719 1645 3770 nescio
1672 3733 1832 3788 quem
1850 3752 1867 3779 ‚
1904 3733 2078 3786 neque
2117 3713 2421 3787 proclama—

1418 3819 1441 3844 «
1459 3809 1629 3849 torem
1646 3832 1664 3860 ,
1685 3809 1777 3846 aut
1795 3793 2034 3846 rabulam
2052 3793 2158 3846 hoc
2179 3812 2422 3852 sermone

1418 3898 1441 3923 α
1460 3887 1647 3928 nostro
1673 3875 2033 3944 conquirimus
2048 3911 2065 3938 ‚
2088 3870 2183 3924 sed
2203 3891 2322 3924 eum
2346 3874 2425 3924 vi·

1418 3976 1442 4003 u
1462 3973 1576 4006 rum
1593 3992 1612 4020 ‚
1640 3954 1732 4024 qui
1764 3953 1990 4024 primum
2019 3951 2086 4002 sit
2108 3948 2267 4020 hujus
2295 3952 2420 4005 artis

1416 4057 1439 4081 ι
1461 4035 1695 4086 antistes.
1705 4029 1869 4083 »Vide
1882 4032 1997 4084 init.
2012 4028 2148 4082 Dial.
2165 4028 2233 4081 de
2246 4031 2417 4083 Oratt.

1483 4113 1533 4167 5.
1558 4112 1612 4166 V
1607 4108 1731 4185 ulyo
1753 4119 1954 4161 vocant.
1967 4108 2008 4160 F
2010 4106 2106 4160 lor.
2120 4146 2138 4175 ,
2153 4128 2202 4159 v.
2222 4106 2417 4170 dicant.

1481 4192 1534 4246 6.
1561 4181 1751 4266 Quum.
1773 4192 1969 4254 Cum,
1990 4206 2129 4242 eum.
2146 4189 2418 4242 ‘rm-icens.
