3200 5159
641 511 1299 582 ms‘rrrn'rloms
1334 510 1593 578 ORAT.
1634 513 1797 578 Lm.
1837 514 1996 593 ΧΠ,
2049 539 2100 579 ι.
2290 515 2412 596 431

518 655 630 716 Ille
654 658 812 738 regit
835 655 1016 716 dictis
1043 654 1322 730 animos,
1351 667 1413 714 et
1440 664 1691 736 pectora
1718 653 1969 715 mulcet.

372 593 381 628 ἱ

318 788 564 879 Quid?
597 818 741 863 non
771 793 844 863 in
875 790 1074 862 bellis
1111 817 1395 890 quoque
1427 790 1619 864 idem
1656 790 1774 864 ille
1801 792 1943 880 vir,
1982 819 2198 893 quern
2234 792 2421 864 insti·
2458 806 2524 859 28

318 904 617 997 ruimus,
647 907 702 980 si
727 907 813 979 sit
840 907 930 979 ad
955 906 1279 1007 praelium
1306 906 1508 980 miles
1534 907 2034 998 cohortandus,
2070 937 2149 981 ex
2173 907 2423 981 mediis

319 1021 681 1120 sapientiae
723 1024 1080 1124 praeceptis
1121 1022 1508 1096 orationem
1546 1022 1817 1095 trahet?
1854 1050 2021 1095 nam
2062 1024 2421 1125 quomodo

318 1163 636 1237 pugnam
665 1154 682 1184 ¹
722 1139 1172 1230 ineuntibus,
1217 1159 1315 1211 tot
1341 1139 1556 1212 simul
1576 1153 1602 1185 ²
1647 1160 1874 1212 metus
1906 1139 2193 1231 laboris,
2229 1141 2427 1213 dolo-

317 1276 483 1323 rum
499 1250 552 1344 3,
579 1274 931 1354 postremo
955 1253 1197 1327 mortis
1224 1253 1440 1355 ipsius
1464 1254 1878 1344 exciderint,
1912 1256 2047 1327 nisi
2072 1256 2147 1328 in
2178 1283 2426 1329 eorum

317 1366 557 1441 locum
601 1371 853 1471 pietas,
901 1392 976 1470 et‘
1012 1371 1376 1463 fortitudo,
1422 1394 1489 1443 et
1528 1371 1801 1444 honesti
1853 1400 2151 1472 praesens
2194 1374 2428 1474 imago

320 1487 756 1559 successerit?
772 1487 952 1578 Quae
972 1509 1153 1561 certe
1171 1486 1426 1560 melius
1441 1487 2428 1589 persuadebitaliis,quiprius
2466 1518 2534 1571 29
2579 1567 2600 1578 ,

322 1601 734 1697 persuaserit
750 1601 883 1675 sibi
908 1630 922 1673 :
953 1600 1185 1703 prodit
1205 1602 1397 1674 enim
1423 1628 1494 1674 se
1518 1659 1537 1692 ,
1564 1602 1958 1703 quamlibet
1977 1604 2427 1698 custodiatur,

322 1713 678 1789 simulatio
693 1748 712 1806 ;
735 1743 865 1789 nec
887 1709 1205 1815 unquam
1235 1737 1425 1789 tanta
1449 1717 1662 1788 fuerit
1686 1717 2021 1818 loquendi
2041 1718 2072 1774 4
2100 1719 2428 1811 facultaS‚

322 1850 401 1900 ut
433 1856 581 1902 non
624 1832 872 1904 titubet
911 1853 1119 1931 atque
1160 1832 1445 1921 haereat,
1496 1832 1768 1933 quoties
1805 1833 1893 1904 ab
1935 1833 2176 1906 animo
2220 1835 2432 1908 verba

326 1942 784 2018 dissentiunt:
820 1946 925 2018 vir
954 1966 1195 2018 autem
1234 1946 1461 2019 malus
1502 1946 1697 2019 aliud
1746 1947 1926 2022 dicat
1964 1975 2237 2023 necesse
2291 1971 2430 2043 est,

327 2087 544 2158 quarn
564 2063 792 2135 sentit.
814 2065 1047 2135 Bonos
1064 2061 1089 2107 ⁵
1114 2089 1487 2162 nunquam
1512 2063 1850 2137 honestus
1873 2093 2099 2138 sermo
2126 2065 2432 2160 deficiet,
2470 2076 2539 2129 30

327 2202 703 2275 nunquam
746 2206 977 2251 rerum
1022 2177 1448 2277 optimarum
1490 2179 1707 2276 (nam
1750 2177 1970 2251 iidem
2006 2179 2214 2252 etiam
2259 2209 2436 2281 pru·
2467 2179 2488 2197 “

329 2292 574 2367 dentes
599 2298 846 2393 erunt)
873 2295 1217 2367 inventio:
1246 2321 1402 2394 quae
1423 2294 1696 2367 etiamsi
1716 2295 2082 2369 lenociniis
2107 2296 2440 2371 destituta

326 2407 416 2480 sit
433 2464 451 2497 ,
482 2407 642 2482 satis
672 2431 910 2483 tamen
943 2431 1192 2483 natura
1213 2437 1341 2483 sua
1363 2430 1679 2501 ornatur3
1715 2439 1845 2484 nec
1869 2411 2263 2513 quidquam
2290 2440 2437 2488 non

330 2649 599 2702 —Nostri
616 2649 747 2703 dant
769 2651 858 2704 alii
880 2650 1121 2724 acijiet'et,
1148 2650 1237 2704 alii
1253 2651 1344 2703 acl-
1421 2671 1523 2724 pro
1558 2662 1621 2705 ut
1650 2671 1759 2705 non
1782 2651 1960 2704 Turio.
1986 2651 2126 2705 Flor.
2158 2652 2339 2705 Ambr.
2374 2670 2402 2705 2
2420 2692 2438 2721 ,

310 2728 466 2799 jecit.
481 2730 891 2804 Em—quiciet.
906 2732 1172 2784 Promittit
1191 2733 1342 2804 quasi
1420 2733 1582 2786 Cnur,
1621 2733 1747 2803 Quoe
1771 2751 1881 2785 non
1899 2771 1916 2797 ,
1942 2730 2071 2785 ohr.
2103 2732 2313 2784 Titubet
2337 2734 2437 2785 ad-

328 2806 439 2860 hoc
465 2809 661 2863 Noster
690 2812 969 2882 Virgilium
1005 2811 1304 2883 legentibus
1323 2851 1341 2879 ,
1423 2813 1616 2865 hoeoeat
1640 2813 1871 2886 quoties,
1896 2811 2129 2864 Florent.
2155 2812 2338 2865 Ambr.
2372 2830 2400 2865 2
2418 2852 2436 2880 ‚

332 2889 497 2941 modo
524 2891 800 2945 attendere
830 2892 994 2945 velint
1028 2892 1171 2964 apud
1204 2909 1343 2965 poe-
1420 2893 1596 2947 Guelf.
1623 2910 1745 2944 cnm
1759 2895 1914 2945 Voss.
1949 2909 1995 2958 1,
2020 2893 2070 2945 3.
2106 2892 2167 2943 T.
2202 2912 2267 2945 ac
2296 2892 2346 2944 h.
2380 2912 2432 2967 q.

333 2979 446 3018 tam
485 2971 791 3039 sequentia;
834 2984 887 3022 et
924 2973 1173 3041 congruit
1211 2969 1345 3023 illud
1424 2970 1633 3042 reliqui.
1679 2968 2020 3043 [Spaldingio
2072 2982 2276 3023 certum
2325 2987 2439 3024 erat

336 3046 489 3117 quod.
504 3050 770 3120 precessit
789 3068 1021 3121 praesens
1038 3086 1057 3115 ‚
1083 3049 1343 3102 habemus.
1427 3051 1699 3103 eliminare
1730 3052 1977 3102 vitiosum
2013 3069 2093 3102 ac.
2133 3050 2316 3104 Eidem
2355 3065 2437 3104 ta-

336 3125 511 3178 Locus
537 3139 616 3179 ent
639 3128 754 3179 AEn.
782 3129 837 3194 Ι,
869 3128 986 3195 148.
1423 3148 1549 3181 men
1587 3138 1624 3180 t.
1653 3128 1946 3201 hoereatque
1978 3128 2065 3181 edi
2084 3129 2296 3198 jubenti
2319 3150 2441 3183 mo·

414 3222 435 3256 1
449 3246 459 3257 .
490 3206 738 3280 Puqnam
770 3207 1080 3261 ineuntibus.
1098 3205 1231 3262 vide
1250 3205 1343 3259 lib.
1428 3227 1537 3259 rem
1562 3224 1673 3259 non
1692 3208 1848 3276 gessi.
1870 3208 2006 3258 Nam
2033 3209 2121 3279 qui
2144 3219 2196 3260 et
2217 3228 2326 3262 non
2345 3229 2440 3282 po·

338 3285 418 3351 11,
446 3302 563 3356 cap.
595 3286 658 3338 16
673 3325 691 3352 ‚
718 3288 765 3354 §-
798 3287 846 3338 8.
1376 3331 1381 3336 .
1431 3290 1535 3340 suit
1552 3300 1734 3358 post...
1753 3298 1832 3354 et,
1849 3285 2020 3339 eidem
2036 3305 2140 3359 que
2152 3289 2441 3343 obtrudere

414 3383 464 3418 2.
482 3364 657 3418 Simul
673 3377 840 3419 metus
857 3365 1058 3419 laboris.
1074 3367 1346 3419 Tur-icens.
1427 3366 1649 3420 verebar
1663 3380 1956 3438 antequ——.
1969 3368 2090 3417 Feci
2105 3368 2284 3439 itaque
2296 3368 2445 3438 quod

341 3444 515 3511 Flor.‚
537 3444 714 3497 Simul
734 3465 936 3498 mecttm
962 3464 1084 3499 cum
1109 3443 1312 3498 laboris.
1428 3465 1595 3500 unum
1633 3445 1874 3498 relictum
1916 3459 2045 3498 erat.
2081 3446 2304 3521 Burru]
2340 3449 2442 3500 Sub

415 3526 465 3578 3.
491 3525 747 3579 Botorum
760 3547 781 3588 ‚·
805 3528 879 3578 sic
897 3526 1172 3578 Turicens·
1208 3524 1347 3576 Flor-
1430 3528 1611 3581 animo
1627 3568 1646 3596 ‚
1669 3527 1846 3580 Guelf.
1870 3527 1995 3578 Exc.
2023 3528 2166 3580 Sant.
2189 3528 2314 3580 Mox
2337 3547 2440 3601 pro

340 3602 529 3657 Ambr.
554 3621 612 3670 2,
635 3604 812 3656 Guelf.
829 3603 990 3656 Goth.
1017 3601 1141 3674 (tac.
1166 3602 1352 3676 Genu.)
1432 3607 1516 3659 vir
1539 3626 1589 3658 a.
1617 3624 1688 3657 m.
1716 3604 1867 3657 aliud
1889 3606 2162 3658 Tur-icens.
2194 3604 2332 3657 Flor.
2364 3607 2448 3658 vir

343 3684 642 3737 cananeum
656 3684 812 3734 Voss.
835 3699 885 3746 2,
902 3684 952 3735 3.
980 3680 1206 3748 Dolor-is,
1230 3681 1354 3734 reli·-
1435 3685 1597 3737 bonus
1621 3685 1678 3735 in
1700 3682 1820 3737 aliis
1836 3683 1999 3736 aliud.

348 3764 456 3835 qui.
490 3762 709 3814 Honesti
736 3761 928 3833 patris,
964 3763 1110 3813 Jens.
1146 3780 1175 3812 e
1204 3780 1354 3813 com·
1508 3763 1554 3817 5.
1572 3765 1743 3816 Bonos
1762 3781 2055 3836 nunquam.
2078 3762 2258 3816 Ambr.
2284 3783 2342 3830 2,
2362 3764 2445 3818 bo·

344 3840 545 3914 pendio
578 3843 877 3913 scriptume,
915 3853 975 3893 ut
1010 3853 1156 3893 recte
1190 3841 1352 3893 Gesn.
1435 3859 1532 3893 nus
1563 3860 1727 3914 nunq.
1767 3840 1977 3908 Guelf.‚
2020 3842 2163 3894 bonis
2196 3860 2249 3893 n.
2267 3881 2284 3908 ‚
2320 3861 2447 3897 cum

346 3919 451 3974 Sed
485 3938 554 3973 ne
586 3923 642 3972 in
667 3922 824 3972 Tar-v.
865 3918 1079 3991 quidem
1116 3918 1353 3971 recurrit.
1433 3921 1579 3973 Jens.
1608 3932 1660 3972 et
1689 3919 1810 3971 edd.
1840 3922 2145 3991 posterioria
2172 3934 2295 3974 ante
2321 3922 2438 3975 ΑΜ.

346 3999 654 4053 Inveniebat
679 4001 892 4069 Regius.
1436 4001 1610 4052 Bonos
1631 4018 1866 4072 unquam
1879 4040 1897 4066 ‚
1916 4001 2090 4052 Turic.
2118 4015 2170 4054 et
2193 4021 2316 4056 mox
2344 4005 2445 4058 ite-

423 4080 475 4146 4.
499 4079 767 4152 Loquendi
776 4103 795 4141 ‚-
826 4080 901 4130 sic
919 4079 1192 4130 Tui-icens.
1214 4076 1354 4130 Flor.
1438 4080 1555 4130 rum
1575 4097 1829 4150 unquam.
1845 4078 2133 4145 Lenocinit',
2152 4082 2296 4135 JenS.
2317 4081 2442 4154 (tac.

349 4158 528 4212 Guelf.
543 4159 705 4211 Cnur.
726 4178 849 4211 cum
864 4156 1026 4211 Goth.
1047 4157 1185 4209 Alm.
1200 4161 1357 4210 Voss.
1438 4156 1623 4228 Gesn.)
1639 4159 1793 4209 Tarv.
1820 4157 2018 4208 Tamen
2042 4157 2191 4226 satis,
2210 4159 2441 4214 Florent.

354 4256 383 4291 a
398 4276 414 4307 ,
435 4238 645 4315 3‚'Obr.
662 4236 986 4310 Eloquendi,
1009 4235 1215 4307 reliqui.
1236 4238 1358 4290 Non
1437 4235 1650 4288 Dicitur
1669 4236 1861 4288 omittit
1883 4235 2059 4288 Guelf.
