3200 5159
598 461 1252 528 INSTlTUTloms
1292 429 1549 526 oRAT.
1591 463 1753 528 Lm.
1795 467 1951 546 xli,
1991 479 2097 535 το.

2270 471 2397 559 529

308 579 542 652 eludit.
587 585 687 653 lta
718 609 914 659 nunc
950 581 1006 654 si
1029 596 1046 626 ¹
1087 583 1242 679 quis
1277 583 1364 655 ad
1404 602 1516 656 eas
1552 587 2044 662 Demosthenis
2081 590 2395 683 virtutes,
2428 608 2496 661 26

311 723 481 793 quas
510 698 627 771 ille
655 726 977 771 summus
1006 720 1234 771 orator
1261 700 1540 792 habuit,
1571 723 1811 777 tamen
1829 718 1854 748 ²
1882 705 2082 802 quae3
2107 707 2403 806 defuisse

311 813 408 903 ei,
445 814 582 886 sive
608 815 821 914 ipsius
855 837 1132 906 natura,
1169 816 1338 888 seu4
1366 817 1517 916 lege
1545 820 1871 893 civitatis⁵
1910 823 2262 915 videntur,
2293 826 2406 897 ad-

304 927 575 1029 jecerit,
619 952 695 1002 ut
729 932 1017 1005 affectus
1059 933 1461 1005 concitatius
1494 951 1806 1028 moveat,
1843 938 2134 1010 audiam
2170 939 2410 1012 dicen-

314 1064 487 1134 tem,
533 1047 695 1119 Non
728 1048 909 1146 fecit
949 1044 1081 1121 hoc
1123 1048 1653 1123 Demosthenes?
1689 1072 1757 1125 et
1799 1052 1854 1124 si
1901 1053 2074 1152 quid
2114 1053 2147 1099 ⁶
2173 1055 2412 1130 exierit

322 1253 343 1277 ι
363 1227 626 1301 συπρὸφους
665 1235 870 1288 Atticos
888 1273 908 1301 ,
951 1236 1319 1310 pervulgatum
1401 1237 1611 1308 vulgata
1639 1240 1787 1291 nasei
1818 1244 2080 1312 potuerit,
2122 1241 2280 1314 plane
2301 1261 2415 1295 non

323 1332 345 1356 κ
364 1325 459 1364 est.
482 1336 505 1358 ι·
530 1311 749 1366 Gesner.
768 1343 834 1356 —
851 1315 1030 1387 Ipsum
1046 1315 1323 1368 Menandri
1402 1335 1675 1389 assequor.
1724 1321 1824 1369 Pro
1857 1321 1907 1371 ei
1937 1334 2117 1374 autem
2147 1335 2196 1374 et
2237 1322 2413 1374 Guelf.

318 1391 492 1444 locum
516 1388 766 1446 indicavit
797 1395 1119 1447 Buttmanno
1149 1394 1325 1448 erudi·
1405 1415 1528 1448 cum
1557 1400 1710 1450 Voss.
1743 1399 1795 1451 3.

321 1476 546 1526 tissimus
595 1472 736 1527 idem
778 1488 940 1546 atque
992 1476 1325 1527 suavissimus

324 1572 479 1606 senex
492 1592 509 1618 ,
522 1555 568 1605 J.
582 1553 645 1606 G.
661 1553 978 1620 Schneider,
1002 1567 1333 1625 prostantem

324 1634 458 1685 inter
472 1634 763 1703 fragmenta
778 1651 843 1685 ex
858 1635 971 1704 ejus
988 1633 1204 1700 Γωργᾷ,
1221 1652 1334 1686 ser-

325 1724 609 1783 vatumque
626 1730 656 1764 a
672 1712 817 1764 Stob.
835 1713 997 1765 Serm.
1018 1711 1105 1778 55,
1132 1734 1154 1758 κ
1169 1698 1335 1779 ’Avi'

333 1814 356 1839 ι
379 1787 692 1860 “iodim-spor
719 1791 936 1860 γωηοῒν
966 1789 1131 1846 eddim
1162 1784 1335 1857 Οἶμειι·

334 1895 356 1919 ι
376 1868 498 1940 qipa
513 1869 606 1939 ‘peip
628 1867 716 1923 ὅσα.
739 1872 850 1928 θοοῖς
866 1871 980 1930 ἄνθη
993 1870 1141 1933 nand,
1158 1868 1337 1938 Κητὼ,

334 1974 357 2000 ι
377 1951 560 2012 &detur
591 1948 745 2022 κριθείς
776 1952 818 2004 τ’
859 1950 939 2004 ἰσὶν
973 1951 1173 2022 nulfo,
1210 1948 1338 2004 mim

336 2058 361 2081 ι
375 2035 555 2090 Δίκαιος
580 2029 819 2086 dividam
841 2030 1017 2088 ὅπὸσσις
1040 2029 1096 2085 ἐν
1121 2028 1342 2092 καταβό-

333 2130 445 2167 ma
466 2115 710 2182 Quorum
725 2132 970 2165 versuum
986 2112 1228 2166 ultimum
1243 2130 1342 2182 po-

336 2197 440 2248 suit
459 2197 649 2247 Buttm.
676 2212 738 2245 ex
758 2192 1128 2246 emendatione
1146 2191 1343 2263 Toupii

335 2275 391 2326 in
418 2274 583 2345 Epist.
612 2273 726 2324 crit.
764 2291 818 2343 p.
858 2270 956 2337 35,
997 2272 1137 2342 Lips.
1179 2269 1340 2322 Paulo

336 2353 549 2406 liberius
565 2365 742 2404 autem
763 2350 1144 2418 Quintilianum
1159 2387 1176 2416 ,
1198 2347 1344 2420 quod

338 2432 405 2485 de
438 2450 534 2485 suo
557 2449 685 2501 agro
725 2428 853 2481 dicit
879 2428 1042 2481 homo
1062 2446 1268 2499 pauper
1290 2430 1345 2478 in

338 2508 600 2563 comoedia
621 2509 807 2572 attioa,
826 2509 881 2558 in
897 2507 1124 2558 Atticam
1143 2506 1346 2556 univer-

340 2608 452 2642 sam
485 2588 783 2642 clamavisse
806 2585 945 2639 idem
978 2587 1170 2638 Buttm.
1206 2598 1346 2636 recte

339 2682 538 2723 monet.
562 2672 655 2722 En.

421 2769 463 2804 ι.
491 2753 575 2803 Ita
594 2768 735 2803 nunc
755 2750 928 2823 siquis
949 2745 1046 2810 ἀεὶ,-
1074 2751 1149 2801 sic
1168 2749 1346 2800 Turio.

342 2832 480 2885 Flor.
510 2832 673 2884 Cam».
700 2828 818 2882 ΑΜ.
858 2830 906 2880 Ῑ.
930 2848 969 2882 s.
1000 2847 1052 2901 q.
1088 2845 1231 2878 nunc
1253 2827 1350 2892 ad,

344 2912 637 2964 Alm.Voss.
660 2910 816 2974 1‚3.1.
835 2927 980 2960 nunc
991 2927 1029 2960 s.
1046 2925 1097 2980 q.
1112 2904 1349 2969 nancaei,

345 2994 489 3046 Jens.
502 2990 635 3061 (tac.
650 2987 810 3041 Gesn.
823 2987 846 3057 )
861 3000 914 3039 et
934 2986 1054 3038 edd.
1071 2999 1211 3058 post.
1230 2997 1354 3037 ante

345 3069 465 3124 Ald.
487 3071 571 3137 (in
594 3070 776 3121 Locat-
802 3085 899 3118 err.
928 3067 1149 3130 Burm.).
1169 3063 1357 3134 Itaque

347 3168 493 3203 nunc
514 3168 553 3211 ε.
570 3169 620 3222 q.
638 3146 725 3210 ad,
742 3143 1011 3198 Guelferb.
1024 3141 1158 3200 Obr,
1173 3141 1358 3214 Itaque

351 3246 495 3284 nunc
516 3248 554 3280 s.
580 3245 630 3299 q.
658 3243 800 3278 nunc
826 3223 926 3290 ad,
958 3221 1082 3273 Bad.
1109 3223 1296 3293 Itaque
1317 3238 1355 3271 s.

350 3327 405 3382 q.
444 3323 590 3358 nunc
609 3305 706 3374 ad,
747 3302 949 3375 reliqui.
988 3303 1049 3352 In
1075 3298 1177 3352 illis
1198 3300 1284 3352 Ita
1308 3310 1361 3350 et

1478 1478 1529 1530 3.
1560 1477 1762 1530 Tamen
1786 1497 1919 1550 quoe.
1945 1482 2314 1553 Transponere
2336 1484 2422 1535 in-

1410 1556 1752 1628 terpretando
1777 1560 1950 1629 possis
1979 1559 2078 1613 has
2102 1580 2289 1615 voces:
2329 1563 2426 1616 sed

1411 1634 1600 1687 melius
1626 1647 1800 1687 tamen
1817 1637 2042 1691 solemni
2071 1657 2171 1692 usu
2195 1644 2427 1715 accipias

1415 1732 1514 1786 pro
1534 1724 1669 1766 certe
1676 1751 1695 1778 ,
1725 1713 1925 1767 saltem.

1488 1792 1540 1859 4.
1560 1793 1664 1845 Seu
1675 1815 1695 1854 ,·
1719 1795 1793 1845 sic
1807 1795 1983 1846 Turic.
1999 1793 2138 1846 Flor.
2155 1796 2430 1850 Guelferb.

1390 1919 1393 1924 .
1416 1873 1557 1938 St've,
1582 1872 1793 1945 reliqui.
1809 1873 2074 1942 Viden-ent,
2090 1876 2267 1929 Turio.
2288 1878 2431 1930 Flor-

1421 1971 1540 2004 cum
1553 1950 1691 2003 Alm.
1703 1951 1930 2021 Audeat,
1947 1952 2034 2005 iid.
2047 1953 2433 2023 Audiatssnur.

1421 2051 1543 2084 cum
1567 2033 1722 2084 Voss.
1752 2048 1800 2085 2.
1824 2032 1885 2085 Si
1903 2034 2031 2105 quid
2047 2037 2274 2089 numeris
2295 2038 2438 2089 exie-

1422 2112 1516 2176 rit,
1537 2109 1714 2163 Guelf.
1732 2112 1891 2163 Can.
1913 2112 2073 2165 Goth.
2092 2111 2224 2184 (tac.
2243 2115 2438 2187 Gesn.)

1421 2210 1542 2252 cum
1568 2191 1723 2243 Voss.
1756 2207 1776 2241 1
1795 2229 1812 2257 ,
1849 2191 1912 2256 3,
1939 2193 2038 2244 nisi
2063 2193 2209 2263 quod
2236 2193 2294 2247 hi
2315 2213 2438 2247 mu-

1423 2271 1574 2323 neris.
1622 2269 1709 2324 oh
1759 2269 2216 2327 homoeoteleuton
2256 2290 2438 2328 autem

1423 2349 1582 2403 verba
1623 2348 1853 2422 aptius...
1893 2369 2062 2423 usque
2102 2352 2171 2405 ad
2213 2354 2439 2407 alterum

1424 2428 1608 2481 exierit
1629 2447 1735 2479 om.
1768 2427 1943 2480 Guelf.
1970 2449 2090 2482 cum
2114 2433 2270 2485 Voss.
2305 2451 2361 2498 t,·
2385 2434 2439 2486 3.

1425 2507 1526 2561 Sed
1546 2527 1646 2579 pro
1666 2508 1850 2560 exierit
1860 2509 1942 2562 bis
1962 2511 2152 2562 dixerit
2162 2513 2438 2565 Tui-icens.

1426 2587 1565 2641 Flor.
1583 2607 1706 2640 cum
1726 2588 1862 2640 Atm.
1882 2589 2026 2661 quod
2050 2595 2287 2661 quamvis
2303 2606 2443 2646 stare

1427 2672 1625 2743 possit,
1662 2690 1692 2722 e
1715 2669 1910 2723 mendo
1935 2686 2108 2724 tamen
2148 2688 2332 2725 natum
2354 2678 2446 2746 ju-

1428 2748 1580 2815 dico,
1621 2763 1733 2802 tum
1767 2750 2072 2803 incredulus
2115 2771 2254 2805 caeco
2296 2755 2448 2805 casui

1430 2829 1593 2879 Persii
1632 2831 1883 2880 imitatori
1928 2826 2078 2898 (vide
2124 2843 2305 2881 notam
2349 2831 2445 2901 6),

1433 2916 1547 2954 tum
1581 2906 1924 2956 variationem
1950 2923 2243 2974 agnoscens
2276 2910 2330 2958 in
2361 2908 2448 2959 bi-

1435 2984 1566 3035 faria
1590 2981 1845 3034 relatione
1872 3004 1884 3032 :
1928 2984 2228 3054 adjecerit...
2248 2986 2447 3057 fecit...

1435 3060 1503 3113 de
1519 3074 1757 3125 oratore3
1780 3062 1961 3113 exierit
1985 3101 2015 3114 ..
2038 3064 2193 3115 erit...
2214 3064 2281 3115 de
2296 3085 2445 3118 voce.

1511 3139 1561 3191 5.
1611 3139 1745 3212 Lege
1790 3140 2026 3193 civitatis.
2063 3140 2195 3194 Vide
2243 3143 2333 3195 lib.
2377 3147 2451 3211 11,

1440 3239 1556 3291 cap.
1587 3219 1680 3282 16,
1699 3220 1747 3285 S.
1775 3219 1826 3286 4.

1511 3299 1562 3351 6.
1588 3298 1660 3350 Et
1680 3299 1724 3348 si
1746 3297 1878 3368 quid
1900 3299 2098 3351 exierit.
2133 3301 2256 3352 Non
2280 3301 2348 3355 de
2373 3305 2457 3354 ni-

354 3388 540 3459 Itaque
565 3404 613 3438 v,
640 3385 877 3437 Goerenz.
908 3381 976 3434 ad
998 3382 1111 3434 cic.
1134 3382 1258 3451 Leg.
1285 3382 1362 3445 11,
1441 3378 1551 3430 hilo
1578 3389 1657 3428 est
1682 3377 1825 3447 quod
1854 3377 2045 3432 Badius
2073 3395 2279 3446 monet,
2318 3381 2458 3434 allu-

360 3484 421 3531 2,
445 3462 530 3530 5.(
543 3482 597 3534 p.
619 3479 636 3513 1
655 3479 673 3513 ι
691 3462 755 3533 1).
776 3463 834 3512 In
848 3473 1032 3513 nostro
1052 3459 1173 3511 loco
1191 3459 1365 3510 forma
1445 3459 1570 3510 dere
1593 3459 1847 3510 Nostrum
1879 3456 1946 3510 ad
1980 3458 2107 3510 illud
2149 3462 2308 3513 Persii
2333 3464 2460 3515 Non

355 3545 445 3597 Ita
468 3540 881 3611 indignationem
915 3537 1150 3609 adjuvat.
1178 3539 1366 3607 Neque
1446 3557 1539 3611 eqo
1567 3555 1730 3610 quum
1759 3539 1949 3604 scribo,
1979 3539 2022 3591 si
2033 3540 2180 3611 forte
2207 3541 2341 3613 quid
2363 3562 2463 3614 ap-

358 3628 608 3696 ignavum
622 3634 702 3674 est
715 3634 1046 3673 anteversum
1060 3618 1190 3672 illud
1206 3637 1365 3670 nunc.
1450 3619 1553 3669 tius
1574 3617 1680 3669 exit
1694 3638 1709 3666 .-
1738 3616 1961 3686 Quando
1979 3618 2087 3670 haec
2101 3638 2218 3670 rara
2237 3623 2347 3673 avis
2361 3632 2434 3674 est
2446 3644 2462 3673 :

362 3735 435 3746 —
462 3703 642 3757 Nostri
674 3699 801 3752 dant
829 3700 915 3752 alii
943 3702 1120 3772 itaque
1155 3716 1296 3749 nunc
1331 3697 1374 3748 si
1452 3699 1494 3750 si
1511 3696 1646 3769 quid
1673 3708 1845 3749 tamen
1870 3696 2044 3771 aptius
2070 3698 2203 3765 exit,
2233 3700 2467 3752 Laudari

364 3782 512 3857 quis,
533 3780 622 3834 alii
646 3779 820 3851 itaque
845 3780 888 3832 si
909 3779 1025 3852 quis
1046 3786 1204 3829 nunc.
1226 3777 1372 3828 Avic.
1455 3787 1702 3827 metuam.
1719 3777 1855 3827 Nam
1870 3795 2030 3847 quem
2046 3790 2256 3849 poetam
2271 3778 2382 3844 ino,
2399 3780 2468 3847 X,

367 3861 549 3924 Poul.,
572 3860 647 3911 ita
671 3876 814 3910 nunc
835 3857 1023 3929 siquis.
1049 3857 1141 3907 En.
1464 3874 1482 3907 ι
1502 3894 1519 3918 ,
1543 3855 1642 3926 94,
1680 3855 1854 3924 elogio
1898 3869 2081 3921 ornat,
2128 3860 2388 3929 qu‘usque
2417 3874 2471 3911 et

446 3959 493 3993 2.
516 3933 1379 4000 Tamen-..sive.Turicen8.Flor.,
1457 3953 1640 3987 versus
1669 3947 1722 3985 et
1760 3934 1918 3986 verba
1941 3937 2097 3988 toties
2134 3938 2188 3987 in
2239 3938 2471 3991 medium

372 4030 551 4071 tamen
566 4015 754 4089 quoede
762 4032 951 4089 genere
962 4015 1093 4078 sive,
1107 4033 1227 4066 cum
1245 4012 1380 4064 Alm.
1462 4013 1690 4084 profert3
1712 4010 1898 4081 quidni
1922 4012 2149 4083 eleganti
2164 4017 2321 4066 etiam
2341 4017 2477 4071 allu-

372 4098 511 4150 Mira
535 4098 750 4147 variatio
781 4117 793 4146 t
832 4099 888 4148 in
912 4112 1017 4166 qua
1047 4092 1175 4164 quid
1197 4091 1386 4158 lateat,
1466 4094 1614 4145 sione
1638 4088 1761 4143 loco
1778 4093 1890 4162 ejus
1910 4095 2216 4147 memoriter
2230 4097 2476 4154 omnibus

372 4179 483 4230 sive
507 4172 779 4249 quomodo
812 4193 876 4226 ex
902 4174 1168 4248 aptissima
1203 4173 1388 4242 utique
1468 4182 1599 4222 noto
1622 4172 1841 4222 utatur?

551 4266 604 4333 4.
2164 4260 2233 4330 ³4
