3200 5159
765 540 891 629 578

1329 541 1425 604 M.
1462 540 1691 605 FABII
1730 539 2290 623 QUINTILIANI

766 684 959 736 ctum
992 690 1035 736 a
1066 684 1261 763 patre
1296 663 1541 755 Cicero
1578 663 1970 762 profitetur3
2019 663 2116 734 sic
2145 666 2478 754 Pansam,
2506 664 2820 737 Hirtium
2841 718 2869 753 ,

764 779 1209 853 Dolabellam
1260 779 1334 849 in
1391 804 1662 848 morem
1718 778 2153 878 praeceptoris
2204 778 2504 852 exercuit
2558 779 2871 880 quotidie

695 917 726 970 7
767 894 1005 969 dicens
1056 897 1513 992 audiensque.
1559 899 1660 967 Ac
1709 895 1941 967 nescio
1989 922 2080 967 an
2127 922 2294 968 eum
2339 917 2507 968 tunc
2560 896 2876 969 beatissi—

763 1039 969 1084 mum
990 1027 1009 1058 ¹
1048 1011 1236 1085 credi
1272 1031 1584 1110 oporteat
1617 1012 1798 1101 fore,
1842 1038 2067 1108 quum
2089 1010 2241 1112 jam
2275 1034 2568 1085 secretus
2598 1033 2663 1083 et
2694 1038 2871 1083 con-

762 1148 1063 1200 secratus
1081 1186 1101 1219 ‚
1129 1126 1306 1199 liber
1326 1125 1625 1214 invidia,
1653 1124 1897 1224 procul
1926 1126 2496 1199 contentionibus
2516 1141 2571 1217 ²,
2598 1128 2872 1199 famam

766 1243 842 1315 in
885 1264 1031 1316 tuto
1076 1242 1461 1332 collocarit,
1497 1263 1563 1313 et
1593 1241 1846 1313 sentiet
1884 1241 2081 1315 vivus
2116 1269 2306 1331 eam,
2343 1270 2495 1340 quae
2531 1265 2697 1341 :post
2732 1245 2880 1315 fata

764 1360 1066 1459 praestari
1090 1361 1315 1459 magis
1343 1360 1550 1449 solet,
1579 1358 2134 1448 venerationem,
2163 1381 2229 1432 et
2253 1360 2420 1459 quid
2449 1360 2640 1458 apud
2665 1382 2881 1460 poste·

695 1489 726 1541 8
766 1500 874 1545 ros
908 1475 1188 1547 futurus
1218 1474 1339 1563 sit,
1371 1472 1660 1545 videbit.
1708 1473 2051 1546 Conscius
2084 1500 2244 1547 sum
2277 1475 2489 1565 mihi,
2520 1497 2872 1575 quantum

764 1589 1238 1663 mediocritate
1287 1589 1526 1680 valui,
1580 1616 1875 1689 quaeque
1936 1612 2139 1663 antea
2190 1590 2470 1663 scierim
2502 1649 2522 1682 ‚
2577 1616 2874 1690 quaeque

766 1704 1045 1805 operis3
1102 1704 1394 1806 hujusce
1447 1705 1669 1804 gratia
1720 1706 2074 1803 potuerim
2125 1705 2477 1804 inquirere
2509 1718 2544 1796 ,'
2578 1704 2874 1777 candide

767 1845 884 1892 me
919 1840 1127 1919 atque
1169 1820 1582 1919 simpliciter
1625 1820 1699 1891 in
1745 1819 2072 1892 notitiam
2117 1847 2399 1912 eorum,
2433 1822 2489 1893 si
2535 1822 2657 1919 qui
2700 1822 2877 1894 forte

767 1962 1183 2035 cognoscere
1210 1936 1622 2025 voluissent,
1655 1935 2097 2034 protulisse4:
2130 1936 2379 2036 atque⁵
2412 1936 2481 2007 id
2509 1936 2656 2008 viro
2685 1937 2875 2008 bono

692 2081 727 2133 9
767 2051 928 2124 satis
961 2074 1091 2144 est,
1136 2052 1448 2124 docuisse
1479 2050 1671 2149 quod
1705 2050 1977 2124 sciret6.
2015 2055 2280 2125 Vereor
2312 2073 2548 2124 tamen
2570 2110 2588 2143 ,
2627 2079 2715 2126 ne
2748 2074 2879 2126 ant

764 2196 1027 2269 magna
1067 2169 1376 2241 nimium
1428 2167 1668 2240 videar
1709 2167 2050 2266 exigere7,
2095 2169 2218 2269 qui
2263 2169 2598 2241 eumdem
2639 2170 2870 2242 virum

724 2368 728 2372 “
772 2379 794 2403 οι
814 2375 999 2409 ronem
1028 2376 1058 2409 a
1080 2372 1235 2430 patre
1260 2357 1492 2409 deducto
1518 2354 1638 2408 vide
1661 2356 1774 2407 Cic.

770 2457 793 2481 α
814 2438 869 2487 in
892 2438 1039 2489 Orat.
1072 2455 1170 2506 pro
1205 2435 1427 2500 eodem,
1462 2454 1580 2506 cap.
1616 2434 1666 2500 4.
1696 2436 1778 2486 De

771 2537 794 2561 α
813 2514 1024 2580 Hirtio,
1065 2515 1271 2581 Pansa,
1305 2513 1585 2566 Dolabella
1614 2513 1777 2564 disci-

771 2616 794 2640 «ι
814 2593 954 2664 pulis
979 2595 1087 2644 suis
1112 2592 1179 2643 ad
1206 2592 1468 2643 Familiar.
1494 2592 1565 2643 lx
1581 2629 1598 2656 ‚
1637 2594 1727 2657 16,
1746 2616 1771 2640 n

763 2667 1113 2744 [quamquam
1136 2668 1267 2720 nihil
1291 2668 1451 2721 ibide
1470 2667 1661 2741 Pansa]
1686 2692 1709 2715 κ
1725 2683 1778 2721 et

769 2771 792 2795 σι
814 2746 958 2801 alibi.
981 2771 1003 2794 υ
1036 2749 1322 2800 Gesner-us.
1341 2746 1472 2798 Vide
1500 2745 1566 2797 de
1589 2745 1777 2799 iisdem

763 2827 1021 2879 Nostrum
1034 2826 1185 2893 vm,
1219 2826 1281 2891 3,
1316 2825 1420 2891 543
1455 2825 1672 2876 Sueton.
1708 2824 1775 2876 de

764 2906 891 2959 clar.
932 2903 1069 2956 rhet.
1109 2922 1219 2955 non
1245 2902 1452 2975 procul.
1488 2902 1556 2955 ab
1586 2905 1772 2967 initi03

764 2986 887 3039 sen.
913 2982 1167 3034 controv,
1194 2983 1250 3047 1,
1274 3000 1497 3053 prooem.

844 3082 889 3116 ι.
912 3064 1053 3114 Eum
1080 3074 1203 3114 tunc
1236 3062 1599 3115 beatissimum.
1630 3060 1771 3113 Flor.

764 3140 1037 3194 Guelferb.
1070 3142 1196 3191 Exc.
1232 3140 1408 3203 Saum,
1440 3158 1556 3191 eum
1594 3140 1775 3191 turba-

765 3221 1036 3274 tissimum.
1059 3222 1326 3273 Omittunt
1338 3220 1462 3291 fore
1479 3219 1508 3268 J
1514 3236 1621 3270 ens.
1644 3217 1776 3289 (non

765 3299 930 3353 Goth.
959 3319 1060 3352 err.
1085 3298 1353 3371 Gesnero)
1387 3312 1441 3351 et
1466 3299 1773 3370 posteriorr.

768 3394 891 3433 ante
918 3376 1037 3429 Ald.

841 3478 890 3512 2.
905 3456 1103 3509 Procul
1116 3455 1558 3515 contentionibus;
1582 3456 1658 3506 sic
1672 3456 1778 3506 Tu-

765 3541 858 3590 ric.
890 3539 1030 3589 Flor.
1057 3537 1222 3588 clm».
1256 3554 1377 3588 cum
1412 3535 1547 3587 Alm.
1570 3534 1779 3606 Reliqui

766 3637 801 3669 a
832 3619 1090 3669 inserunt.
1125 3616 1317 3678 Fama,
1343 3614 1519 3665 Turic.
1550 3615 1695 3666 Jens.
1726 3626 1781 3665 et

764 3696 1074 3770 posteriorc.
1115 3707 1237 3745 ante
1274 3692 1397 3744 Bad.
1430 3692 1716 3745 Collocavit
1749 3712 1778 3745 e

766 3778 911 3829 JenS.
935 3778 1169 3827 enotavit
1186 3775 1347 3825 Gesn.
1368 3771 1473 3826 Sed
1498 3774 1549 3824 in
1571 3792 1691 3824 meo
1716 3792 1779 3827 ex

765 3854 971 3927 liquido
1013 3873 1038 3906 r
1074 3853 1278 3923 legitur.
1328 3853 1399 3903 Et
1438 3853 1695 3903 sententia
1730 3863 1783 3903 et

769 3938 932 3999 vivos,
947 3936 1218 3986 Tur-icens.
1245 3931 1386 3984 Flor.
1410 3933 1485 3983 Et
1501 3932 1783 3984 sententiat

769 4026 820 4067 et
844 4018 1009 4080 vivas,
1035 4013 1198 4064 Cnn‘.
1225 4012 1297 4063 Et
1321 4011 1575 4063 sententia
1600 4010 1780 4078 vivus,

772 4092 1029 4145 Almelov.
1055 4093 1127 4142 Et
1146 4092 1333 4144 sentiat
1355 4100 1409 4141 et
1424 4091 1596 4156 vivus,
1621 4089 1783 4142 Guel-

770 4172 910 4225 ferb.
937 4173 1010 4227 Et
1036 4170 1224 4223 sentiat
1254 4190 1322 4234 v.,
1356 4169 1561 4240 reliqui.
1583 4170 1780 4222 Nostra

774 4266 853 4307 est
890 4264 1095 4305 emerui
1126 4250 1348 4303 Gesner-i
1385 4246 1774 4302 emendatione.

1857 2357 1941 2407 Ea
1966 2374 2110 2431 quoe,
2139 2356 2277 2409 Flor.
2306 2357 2465 2408 Facta
2482 2395 2498 2417 ,
2523 2357 2702 2409 Tur-ic.
2725 2356 2868 2409 Flor.

1857 2435 2007 2488 Solet
2037 2447 2116 2500 et,
2151 2434 2293 2486 Flor.
2318 2433 2494 2487 Guelf.
2521 2436 2682 2487 Cum.
2712 2436 2766 2490 V
2762 2435 2873 2488 ide-

1861 2515 1974 2579 bat,
1999 2514 2173 2566 Guelf.

1930 2594 1980 2645 3.
2012 2594 2193 2663 Operis
2228 2592 2434 2664 hujusce
2460 2594 2653 2666 qratia.
2679 2593 2874 2660 Cnnn,

1857 2689 2009 2744 opere
2038 2670 2089 2722 Ιι.
2115 2672 2303 2746 gratie.
2324 2670 2534 2736 Guelf„
2558 2691 2621 2723 ac
2642 2668 2816 2742 simpl.

1927 2750 1980 2816 4.
2008 2751 2310 2803 Protalt'sse.
2335 2751 2477 2803 Flor.
2504 2750 2682 2803 Guelf.
2699 2789 2717 2817 .,
2740 2768 2872 2822 pm·

1857 2828 2109 2883 tulissem.
2703 2862 2716 2874 -

1926 2909 1975 2961 5.
1995 2909 2183 2981 Atque.
2221 2912 2304 2962 An
2331 2911 2517 2982 atqui?
2533 2908 2670 2963 Vide
2696 2911 2786 2975 IV,
2811 2926 2876 2975 ²,

1860 2986 2072 3052 10,vol.
2089 2989 2164 3053 11,
2185 3007 2239 3057 p.
2258 2987 2356 3052 58,
2382 3001 2493 3039 not.
2523 3005 2566 3039 ι.

1924 3066 1977 3120 6.
2008 3066 2158 3136 Quod
2179 3067 2326 3120 sciret
2341 3089 2360 3128 ;
2385 3069 2459 3119 sic
2482 3068 2660 3119 Tur-ic.
2685 3065 2872 3119 Guelf.

1855 3146 2018 3197 CAur.
2043 3145 2261 3211 Sciet-et,
2289 3165 2354 3198 ex
2376 3145 2513 3197 Alm.
2540 3146 2758 3212 Saevit,
2784 3165 2874 3198 re-

1854 3222 2020 3293 liqui,
2056 3222 2202 3296 quod
2229 3223 2522 3294 legitimum
2550 3242 2660 3275 non
2692 3223 2871 3277 credo.

1853 3303 1973 3356 Alia
1997 3304 2135 3355 enim
2162 3305 2299 3356 ratio
2323 3317 2402 3356 est
2422 3303 2566 3355 verbi
2589 3304 2789 3356 scierim
2815 3305 2875 3356 in

1856 3381 2312 3451 praecedentibus,
2349 3381 2444 3433 ubi
2482 3400 2656 3433 sermo
2692 3381 2878 3435 finitus

1859 3475 1973 3513 erat
2003 3483 2025 3507 σι
2046 3460 2208 3513 docui
2233 3474 2287 3513 et
2315 3480 2430 3531 quae
2454 3471 2610 3512 antea
2634 3462 2764 3513 scivi
2780 3499 2796 3527 ,
2821 3474 2882 3514 et

1865 3561 1888 3585 α
1908 3557 2097 3610 quae...
2124 3542 2292 3610 potui.
2318 3562 2339 3586 n
2369 3540 2467 3591 Hic
2499 3552 2676 3590 sutem
2702 3557 2878 3591 set-mo

1859 3615 2037 3669 finitus
2069 3631 2147 3669 est
2178 3638 2201 3663 κ
2224 3617 2403 3670 docuit
2434 3617 2581 3689 quod
2605 3617 2824 3671 sciehat.
2845 3643 2872 3666 ο

1857 3698 2120 3750 —Nostri
2145 3696 2276 3748 dant
2299 3696 2388 3749 alii
2405 3698 2549 3771 quod
2561 3699 2732 3750 scierit
2744 3735 2765 3763 ,
2786 3696 2878 3750 alii

1853 3777 2002 3850 quod
2023 3777 2187 3829 sciret.
2213 3779 2305 3829 Eo.

1933 3873 1982 3926 7.
2007 3855 2244 3928 Exigere.
2279 3856 2454 3922 mor..
2480 3856 2646 3922 exire,
2681 3874 2874 3927 super-

1861 3936 2061 4005 scripto
2082 3954 2110 3985 e
2129 3935 2263 3986 solo.
2290 3935 2418 4005 Quoe
2435 3935 2656 3987 eundem
2672 3974 2690 4002 ,
2705 3933 2872 3988 Goth.

1859 4011 1986 4082 (tac.
1997 4013 2197 4085 Gesn.).
2213 4015 2338 4067 Esse
2349 4013 2572 4077 «labendi,
2586 4015 2748 4067 (λιιι).
2761 4012 2882 4065 Aut

1860 4092 2068 4142 iecerim
2086 4129 2102 4156 ,
2128 4092 2268 4144 Flor.
2301 4093 2405 4163 Qui
2426 4111 2546 4167 quae
2571 4091 2679 4144 hoec
2700 4092 2879 4166 operi,

1859 4168 2132 4222 Guelferb.
2150 4172 2353 4245 Quique
2371 4174 2544 4245 operi,
2564 4173 2706 4224 Jens.
2718 4170 2878 4223 Tau-v.

1863 4250 2025 4322 Quoeq
2032 4268 2097 4302 ue
2112 4269 2220 4323 op„
2237 4250 2363 4305 ΔΜ.
2374 4249 2506 4305 Bad.
2518 4248 2881 4322 Baikoryph.
