3200 5159
596 507 1244 574 INSTITUTIONIS
1281 508 1537 574 ORAT.
1579 511 1743 576 LIB.
1783 454 1873 587 X,
1920 511 1978 576 5.

1461 341 1493 381 θ

2223 510 2346 600 ι69

275 646 530 721 tractet,
565 650 661 719 et,
692 629 882 727 quod
918 629 989 701 in
1026 629 1526 729 gladiatoribus
1552 631 1699 703 fieri
1728 632 2081 722 videtum,
2127 631 2350 704 decre-

272 740 443 812 toriis
463 755 478 785 ¹
517 763 932 834 exerceatur,
964 765 1042 815 ut
1073 744 1311 817 fecisse
1341 746 1637 817 Brutum
1664 760 1690 791 ²
1722 746 2022 818 diximus
2052 773 2177 846 pro
2212 747 2350 818 Mi·-

266 854 413 928 lone
448 883 463 926 ε
513 858 767 931 melius
809 859 980 950 hoc,
1020 885 1237 960 quam
1286 860 1660 934 rescribere
1701 862 2049 935 veteribus
2087 862 2348 935 oratio-

265 971 457 1043 nibus
477 970 529 1062 3,
583 994 661 1046 ut
713 974 879 1046 fecit
926 972 1248 1048 Cestius4
1296 997 1536 1072 contra
1587 974 1947 1049 Ciceronis
1998 976 2348 1049 actionem

265 1084 560 1171 habitam
587 1114 713 1186 pro
741 1088 990 1161 eodem
1010 1147 1030 1179 ‚
1050 1115 1278 1189 quum
1304 1089 1592 1162 alteram
1619 1113 1891 1189 partem
1922 1091 2122 1163 satis⁵
2150 1117 2349 1163 nosse

267 1228 395 1274 non
438 1225 670 1302 posset
704 1232 786 1278 ex
822 1205 967 1279 sola
1007 1205 1437 1278 defensione.
1483 1207 1710 1280 Citius
1747 1230 1981 1280 autem
2012 1205 2350 1279 ⁶idoneus

264 1372 410 1425 Cam».
428 1412 445 1439 ‚
481 1385 792 1448 utrumque,
837 1394 958 1427 cum
1002 1374 1161 1428 Goth.
1205 1388 1258 1427 et

267 1449 376 1502 edd.
402 1465 520 1503 aute
545 1452 746 1525 Gryph.
771 1482 834 1494 -—
858 1455 1038 1506 Nostri
1057 1465 1258 1506 utrum·

263 1547 382 1600 que,
406 1549 514 1582 exc.
540 1531 606 1582 R.
634 1550 695 1603 7,
735 1534 825 1603 qui
851 1534 1125 1605 utrimque.
1163 1534 1256 1585 En.

331 1628 370 1662 ι.
387 1613 707 1666 Decoetoriis.
721 1616 898 1665 Tun-ic.
915 1651 931 1678 ,
951 1611 1076 1668 αἴ...
1095 1613 1259 1666 delec-

266 1690 388 1742 tor-is.
416 1691 584 1759 (Vide
608 1689 654 1762 §.
693 1709 785 1755 123
825 1692 917 1744 sed
946 1691 1071 1763 quid
1095 1691 1169 1743 ibi
1194 1693 1261 1742 sit

266 1766 454 1821 lineola·
471 1771 757 1841 interjectae
772 1788 880 1853 noe
899 1766 1135 1839 exputo).
1147 1766 1260 1820 Flo·

263 1862 412 1915 rent,
446 1849 507 1900 de
547 1849 784 1917 lectoris,
821 1868 945 1900 cum
967 1848 1107 1899 Alm.
1133 1846 1262 1918 (ubi

266 1940 423 1981 tamen
451 1929 552 1981 hoc
577 1948 694 1982 esse
718 1942 964 1981 narratur
986 1946 1084 1999 pro
1119 1929 1260 1979 varia

267 2005 526 2079 lectione);
546 2028 576 2060 a
597 2026 699 2061 sec.
719 2027 878 2059 manu
894 2006 958 2058 de
973 2006 1257 2070 rhetoricis,

263 2103 371 2137 curn
393 2088 544 2139 Tarv.
567 2086 692 2139 ΑΜ.
720 2085 846 2139 Bad.
872 2087 953 2137 De
989 2084 1227 2136 rhetor-iis
1240 2123 1259 2151 ,

265 2164 424 2216 Guelf.
449 2184 570 2217 cum
595 2167 743 2217 Jens.
767 2172 902 2233 (tac.
929 2164 1113 2235 Gesn.)
1130 2165 1257 2215 Loc.

265 2244 381 2295 Ven.
424 2244 582 2298 Ruso.
627 2243 896 2306 Retiart‘t's‚
941 2242 1096 2295 Basil.
1137 2261 1257 2294 cum

264 2326 480 2393 margine
502 2323 643 2376 cod.
664 2323 801 2376 vall.
834 2321 944 2375 Vel
960 2322 1258 2385 directurus,

267 2404 410 2456 Cur.
427 2405 505 2457 De
519 2406 767 2472 rectore'is,
779 2403 914 2456 vall.
933 2423 962 2456 a
981 2423 1062 2475 pr.
1079 2422 1261 2455 manu.

265 2483 322 2532 In
360 2485 677 2548 derecton't's,
712 2485 862 2535 Voss.
915 2500 932 2534 t
953 2521 971 2547 ‚
1009 2484 1072 2548 3,
1111 2484 1261 2534 Rern.

264 2564 377 2631 (sed
401 2565 483 2617 hic
503 2568 732 2618 fortasse
756 2568 870 2617 sine
893 2566 947 2616 in
959 2562 997 2634 ).
1020 2565 1085 2616 In
1117 2563 1260 2615 rebus

266 2643 402 2710 actis,
436 2643 640 2719 Gryph.
665 2646 833 2698 Stoer.
858 2642 1083 2696 Chouet.
1109 2641 1255 2694 Leid.

266 2720 396 2772 Gibs.
416 2722 612 2775 Rollin.
640 2722 840 2775 Dextris
861 2732 913 2773 et
936 2721 1101 2784 Ioevt‘s‚
1126 2721 1256 2774 Obr.

266 2796 500 2851 Nostrum
526 2813 750 2852 tuentur
769 2799 905 2852 Van.
928 2798 994 2870 (a
1022 2818 1127 2851 sec.
1159 2797 1261 2870 m.)

267 2877 402 2929 Voss.
430 2896 487 2943 π,
510 2877 679 2930 Goth.
706 2891 759 2931 et
783 2897 880 2931 suo
907 2880 1120 2947 ingenio
1142 2879 1260 2932 Nic.

268 2954 422 3007 Faber
454 2955 522 3009 ad
546 2957 822 3010 Senecam.
850 2986 919 2998 -
948 2959 1127 3008 Nostri
1163 2956 1262 3009 ha-

268 3030 380 3087 bent
395 3034 480 3087 alii
496 3037 817 3100 decretoriis,
837 3035 925 3088 alii
945 3036 1262 3099 demetur-iis,-

269 3111 498 3164 nimirum
517 3132 623 3186 pro
639 3114 944 3167 decretoriis.
971 3114 1062 3166 En.
1081 3145 1147 3154 —
1166 3117 1264 3167 De-

269 3191 494 3243 emtor-Hs.
507 3189 649 3243 Vide
671 3193 760 3253 vt,
784 3191 837 3257 15,
855 3192 912 3244 6.
941 3191 1135 3244 Noster
1154 3194 1266 3264 qui·

270 3264 377 3319 dem
397 3268 544 3322 locus
560 3288 635 3322 an
659 3270 782 3323 solo
797 3270 1057 3339 adjectivo
1081 3271 1266 3324 defun-

268 3349 314 3416 gi
333 3352 522 3419 possit,
536 3363 686 3403 recte
705 3349 1058 3413 dubitabitur3
1081 3365 1132 3403 et
1154 3370 1264 3403 sus-

267 3429 407 3498 picot·
445 3430 870 3502 premittendum
903 3430 1064 3482 armis
1097 3430 1263 3501 (vide

271 3521 372 3559 not.
385 3511 536 3582 inin).
548 3514 684 3564 Rem
703 3529 1022 3583 magnopere
1039 3510 1264 3564 illustrat

271 3583 454 3640 Seneca
469 3604 624 3662 pater
641 3590 786 3662 praef.
809 3588 900 3640 lib.
921 3592 990 3641 lv
1009 3591 1260 3642 Controv.

278 3684 299 3709 ι
312 3665 635 3723 Gladiatores
650 3668 978 3740 gravioribus
993 3672 1149 3722 armis
1165 3670 1267 3724 dis-

279 3760 434 3797 ·cunt
469 3766 629 3820 quam
670 3760 928 3819 pugnant.
948 3771 969 3793 υ
1003 3749 1086 3801 Sic
1127 3749 1266 3802 Cali-

274 3823 384 3891 gula
398 3824 419 3894 (
429 3827 648 3880 Sueton-
666 3828 779 3900 54.)
804 3851 825 3873 ι
840 3828 1116 3880 Battuebat
1134 3847 1268 3901 ρυρ-

277 3922 301 3945 ⁸
321 3905 527 3957 notoriis
556 3930 579 3954 n
635 3906 740 3976 (ea
783 3920 907 3960 sunt
948 3906 1261 3976 decretoria)

282 4000 303 4022 Ι
319 3997 486 4036 armis.
505 4007 528 4031 n

343 4074 388 4109 α.
419 4061 639 4114 Brutum
662 4061 904 4115 diximus.
919 4062 1053 4115 Vide
1075 4061 1167 4114 lib.
1190 4063 1268 4130 X,

272 4155 387 4210 cap.
415 4157 432 4191 t
449 4178 466 4206 ‚
492 4140 519 4212 §
542 4143 626 4195 23.

337 4218 393 4275 3·
419 4219 766 4277 Orationibus.
809 4222 971 4274 Cam».
989 4257 1006 4287 ‚
1044 4220 1270 4274 actioni-

1339 1377 1444 1428 bus.
1475 1376 1609 1428 Vide
1646 1377 1738 1430 lib.
1779 1380 1878 1441 IV,
1918 1396 2035 1450 cap.
2073 1393 2132 1443 t,
2166 1374 2210 1448 §.
2261 1375 2345 1428 32.

1409 1457 1459 1522 4.
1491 1457 1685 1510 Cestius
1696 1479 1716 1518 ‚-
1750 1460 1825 1509 sic
1862 1457 2002 1509 Flor.
2039 1475 2159 1508 cum
2195 1454 2345 1507 Basil.

1343 1535 1563 1603 Tertius,
1578 1537 1756 1589 Guelf.
1771 1537 1999 1601 Sextius,
2020 1533 2183 1587 Goth.
2203 1536 2232 1585 J
2237 1552 2347 1586 eus.

1339 1614 1463 1684 (tac.
1486 1618 1672 1687 Gesn.)
1696 1636 1817 1669 cum
1836 1616 1977 1669 Alm.
1997 1614 2217 1687 (Vides.
2246 1631 2263 1665 t
2283 1616 2351 1683 ι.)

1342 1706 1394 1743 et
1417 1692 1536 1745 edd.
1563 1708 1787 1764 posterr.
1812 1709 1934 1747 ante
1960 1693 2114 1745 Basil.
2141 1692 2349 1763 Reliqui

1340 1771 1542 1822 Sestius.
1570 1771 1824 1824 Nostrum
1848 1770 2080 1842 probant
2103 1773 2352 1823 Burman-

1341 1868 1468 1914 nus,
1498 1850 1795 1919 Gesnerus,
1823 1850 2070 1904 Wolfius.
2107 1853 2351 1902 Vicissim

1339 1929 1413 1979 M.
1451 1928 1661 1982 Senecae
1698 1930 1782 1999 (in
1814 1932 1961 2002 praef.
1997 1930 2089 1982 lib.
2124 1933 2169 1983 11
2203 1928 2352 1981 Con-

1341 2006 1532 2078 trovv.)
1556 2007 1806 2063 obtrusus
1833 2010 2025 2063 Cestius
2042 2030 2141 2082 pro
2156 2010 2350 2077 Sextio,

1341 2088 1683 2141 monentibus
1716 2089 1917 2155 Rubro,
1951 2088 2171 2142 Schotto
2203 2102 2256 2141 et
2285 2087 2351 2139 ad

1339 2180 1577 2220 nostrum
1602 2168 1782 2221 locum
1817 2172 2137 2222 Burmanno.
2162 2197 2233 2207 —
2252 2169 2354 2219 Ea-

1339 2243 1460 2295 dem
1473 2248 1657 2297 nostri.
1676 2248 1835 2298 Em-
1850 2247 2050 2299 Cestius.
2065 2248 2237 2297 Homo
2254 2246 2355 2296 fuit

1340 2330 1521 2393 graectr
1565 2327 1815 2394 originis,
1855 2324 2157 2377 rhetoricen
2196 2325 2352 2375 facti·

1343 2414 1460 2455 taus
1500 2405 1709 2471 Romae,
1747 2407 1865 2476 qui,
1903 2403 1956 2455 id
1993 2407 2169 2475 ipsum
2207 2402 2352 2475 quod

1341 2480 1430 2534 bic
1451 2485 1506 2535 in
1529 2482 1821 2537 Miloniana
1847 2503 2004 2536 causa
2033 2484 2219 2536 fecisse
2238 2501 2355 2535 nar·

1343 2575 1510 2628 ratur,
1541 2561 1749 2615 solebat
1788 2564 2050 2616 mcv-ibere
2077 2563 2349 2615 Orationi-

1340 2640 1442 2693 bus
1487 2641 1778 2696 Ciceronis.
1819 2643 1991 2695 Testis
2033 2654 2113 2693 est
2152 2642 2349 2693 Seneca

1340 2732 1509 2791 pater,
1533 2739 1588 2791 p.
1615 2721 1727 2792 Bip.
1751 2720 1884 2790 399,
1910 2739 1940 2771 a
1970 2738 2078 2791 quo
2111 2732 2165 2770 et
2188 2719 2354 2770 refer-

1343 2810 1428 2850 tur
1457 2798 1511 2849 in
1535 2792 1814 2850 Milonem'
1831 2799 2064 2854 recitans.
2100 2796 2351 2849 Eamdem

1341 2875 1588 2948 Caligulae
1606 2879 1771 2930 fuisse
1802 2879 2145 2930 temeritatem
2174 2876 2351 2948 prodit

1341 2956 1657 3021 Suetonius,
1694 2975 1741 3007 c.
1785 2956 1882 3020 53,
1923 2969 2067 3027 recte
2106 2966 2356 3008 monente

1342 3034 1570 3106 Capper.
1615 3033 1748 3089 Vide
1795 3034 2055 3087 Wolfium
2102 3036 2155 3086 in
2205 3034 2353 3105 praef.

1345 3126 1576 3183 quatuor
1599 3111 1958 3179 orationibus,
1985 3131 2015 3165 a
2040 3112 2353 3165 Marclando

1343 3193 1570 3257 notatis,
1603 3190 1840 3260 adjecta,
1878 3210 1933 3262 p.
1973 3207 2067 3253 203
2100 3193 2224 3242 item
2255 3209 2354 3242 nos

1341 3272 1396 3324 in
1422 3269 1785 3345 disputatione
1810 3267 1877 3321 de
1900 3268 2239 3321 Marcelliano
2255 3306 2270 3333 ‚
2294 3289 2352 3342 p.

1416 3430 1464 3483 5.
1491 3429 1644 3483 Satt's.
1668 3431 1845 3481 Turic-
1872 3428 2043 3494 Flor.‚
2065 3428 2204 3493 sitis,
2230 3446 2355 3482 cum

1343 3508 1480 3560 Alm.
1506 3507 1600 3559 llle
1635 3527 1664 3560 a
1702 3526 1806 3560 sec.
1847 3526 2003 3559 manu
2039 3506 2180 3572 litis,
2206 3521 2256 3559 et
2282 3511 2358 3559 sic

1343 3590 1505 3642 Cam».
1517 3606 1641 3638 cum
1657 3586 1771 3639 Ald.
1786 3600 1839 3639 et
1848 3605 2010 3657 marg.
2024 3585 2335 3659 BndGryph
2347 3624 2360 3637 .

1345 3670 1473 3721 item
1502 3666 1707 3739 aliquot
1731 3666 1875 3739 apud
1902 3669 2073 3718 Burm.
2104 3668 2201 3718 Hic
2231 3685 2359 3718 nos·

1347 3762 1502 3800 trum.
1528 3777 1601 3788 —
1624 3750 1805 3801 Nostri
1828 3747 1963 3799 satis.
1987 3748 2084 3799 En.

1418 3825 1471 3878 6.
1492 3826 1685 3877 Autem
1717 3824 1933 3877 idoneus
1945 3847 1963 3886 ,·
1983 3827 2058 3877 sic
2080 3827 2354 3877 Turicens.

1346 3905 1711 3971 Florentinus,
1734 3906 1896 3957 Cnn.
1926 3923 2048 3957 cum
2074 3903 2193 3956 ΔΜ.
2222 3904 2289 3955 A.
2315 3906 2358 3957 εἰ

1347 3985 1382 4036 ι’.
1397 4024 1416 4052 ,
1430 3984 1874 4057 Guelferbytanus
1896 4002 2017 4036 cum
2037 3986 2192 4037 Voss.
2225 4000 2270 4048 t,
2298 4001 2356 4050 24

1346 4063 1507 4118 Goth.
1544 4066 1691 4117 Jens.
1731 4064 1885 4115 Tarv.
1932 4063 2140 4134 Reliqui
2180 4073 2356 4115 autem

1345 4143 1418 4197 sic
1449 4142 1678 4196 idoneeus.
1714 4173 1785 4183 —-
1830 4144 2011 4197 Nostri
2052 4142 2274 4197 Codices
2308 4144 2358 4201 ,i

1349 4225 1602 4278 inserunt.
1632 4222 1726 4277 En.

2389 1218 2445 1254 21
