3200 5159
636 512 1294 580 INSTITUTIONIS
1329 498 1589 580 ORAT.
1631 516 1793 582 Lm.
1834 518 1993 598 xn,
2044 543 2142 585 10.

340 638 520 709 nulli
549 666 695 710 non
732 640 1091 737 agentium
1126 660 1361 739 parata
1390 640 1580 739 vulgi
1622 669 1883 715 corona
1923 667 2048 717 est.
2092 644 2233 717 Ubi
2282 672 2445 718 vero
2483 650 2551 725 75

2321 520 2448 607 569

339 753 513 851 quid
536 755 932 853 exquisitius
953 772 967 800 ¹
1006 757 1269 828 dictum
1303 757 1556 829 accidit
1587 759 1875 831 auribus
1904 761 2401 861 imperitorum
2424 820 2444 854 ,

340 867 831 967 qualecunque
877 869 949 941 id
972 928 992 959 ,
1031 870 1223 968 quod
1262 871 1475 943 modo
1510 898 1581 943 se
1635 872 1766 971 ipsi
1802 900 2000 973 posse
2044 874 2449 975 desperent,

339 982 553 1055 habet
584 984 1123 1057 admirationem
1139 1017 1157 1075 ;
1206 1012 1437 1084 neque
1487 987 1874 1078 immerito;
1920 1016 2086 1061 nam
2131 1017 2222 1063 ne
2266 991 2448 1063 illud

340 1100 634 1198 quidem
658 1101 864 1174 facile
892 1124 1032 1174 est:
1067 1104 1189 1175 sed
1215 1124 1637 1175 evanescunt
1673 1104 1816 1176 haec
1851 1125 2061 1205 atque
2097 1107 2449 1179 emoriun-

341 1229 495 1291 tur,²
523 1218 1039 1314 comparatione
1061 1217 1436 1291 meliorum
1456 1278 1475 1310 ,
1499 1236 1572 1291 ut
1603 1220 1765 1294 lana
1783 1218 1810 1266 3
1844 1224 2244 1322 tinctaficco
2273 1229 2448 1297 citra

338 1402 645 1456 proponens
666 1426 683 1453 ,
738 1386 878 1440 hanc
934 1388 1346 1461 appellationem

337 1483 447 1516 non
468 1469 632 1536 magis
650 1467 872 1539 probat;
893 1487 1017 1521 nam
1037 1488 1101 1521 ex
1118 1471 1237 1543 ipsp
1258 1470 1348 1521 Ju-

338 1543 536 1596 venalis
555 1544 677 1595 loco
698 1547 944 1616 profecto
968 1545 1073 1599 hoc
1095 1565 1250 1598 nemo
1273 1548 1348 1598 ef·

339 1621 496 1674 ficiat.
518 1624 700 1675 Restat
720 1638 777 1676 ut
799 1644 863 1676 eo
880 1625 1185 1694 redeamus,
1208 1627 1347 1678 unde

337 1722 447 1755 non
467 1706 640 1755 minus
659 1704 839 1774 abegit
856 1705 1082 1759 lectores
1104 1707 1348 1774 Gesner.,

338 1784 585 1857 viamque
602 1784 871 1857 publicam
907 1806 1119 1840 omnem
1152 1788 1350 1841 intelli-

334 1883 520 1933 gamus
555 1879 782 1938 utroque
815 1866 957 1920 loco.
975 1868 1110 1920 Vide
1137 1870 1266 1920 Hor.
1293 1870 1348 1933 1,

334 1943 439 1994 Sat.
469 1944 530 2011 8,
562 1947 622 1998 15
648 1967 661 1995 ε
692 1945 895 2019 Aqqere
931 1947 986 1998 in
1018 1948 1197 2017 aprico
1228 1966 1349 2019 spa-

337 2025 458 2074 tiara·
479 2021 585 2093 (via
608 2024 826 2095 publica
846 2027 901 2077 in
921 2025 1169 2096 Esquiliis
1190 2027 1349 2096 signi-

333 2102 560 2173 ficatur).
590 2104 778 2155 Juven.
804 2107 871 2168 V,
900 2104 998 2157 153
1025 2127 1037 2155 ε
1076 2104 1156 2155 Tu
1185 2105 1351 2157 scabie

323 2180 523 2251 fruere}
542 2181 677 2234 mali
688 2222 705 2249 ,
726 2183 869 2254 quod
892 2184 946 2233 in
966 2201 1155 2257 aqqere
1180 2185 1345 2252 rodit,

339 2263 442 2330 Qui
479 2262 670 2336 teqitur
697 2282 887 2335 parma
925 2275 978 2314 et
1009 2264 1165 2337 galea
1181 2304 1199 2332 ,
1244 2278 1344 2316 etc.

336 2341 526 2410 (Simia
549 2341 866 2394 describitur
888 2343 1224 2414 plebeculam
1251 2363 1349 2414 per

334 2420 536 2490 plateas
585 2419 913 2491 oblectans.)
958 2422 1119 2491 Quod
1170 2435 1348 2475 autem

335 2499 494 2551 Gesn.
522 2502 595 2552 ait
610 2539 627 2565 ,
651 2520 858 2574 aggeres
875 2503 1054 2571 potins
1079 2501 1348 2554 dicturum

337 2580 498 2631 fuisse
514 2577 619 2631 hoe
631 2598 788 2632 sensu
800 2582 1055 2633 Nostrum
1068 2604 1083 2645 ;
1098 2585 1350 2653 primum,

337 2661 379 2709 si
416 2660 486 2709 ita
520 2677 779 2730 reponere
814 2660 1098 2726 suadeam,
1136 2680 1246 2713 non
1276 2664 1348 2713 ita

335 2755 587 2807 magnum
636 2738 843 2791 facinus
891 2738 1176 2803 suadeam;
1224 2739 1347 2792 dein

335 2816 611 2886 singularis
633 2819 792 2869 etiam
813 2837 1063 2871 numerus
1084 2821 1137 2872 in
1153 2819 1349 2871 talibus

339 2914 451 2966 quae
484 2897 727 2949 universe
757 2901 1110 2950 enuncientur
1141 2901 1348 2951 ratione

336 2993 515 3026 carere
536 2994 644 3026 non
657 2975 892 3028 videtur:
917 2994 1040 3027 nam
1059 2977 1174 3028 fora
1194 2977 1347 3049 plura

337 3068 389 3107 et
413 3056 645 3126 singula,
665 3058 758 3107 viae
783 3054 928 3108 urbis
948 3058 1268 3109 continuatae
1296 3070 1349 3109 et

341 3137 494 3205 quasi
522 3153 650 3186 una.

415 3232 433 3265 ι
447 3252 459 3265 .
478 3212 797 3285 Exquisitt'us
814 3214 1028 3265 dictum.
1044 3213 1351 3286 Exquisitus

222 3293 236 3305 ⁹
336 3292 510 3358 dictu,
548 3294 711 3345 Cant.
750 3293 1165 3363 Impeditomm,
1203 3292 1346 3345 Flor.

337 3372 525 3443 Neque
552 3372 765 3437 merito,
794 3370 951 3422 idern.
978 3370 1090 3423 Nec
1114 3372 1346 3437 immer„

339 3452 499 3502 Cam».
526 3455 645 3503 Hoec
671 3454 866 3503 omittit
887 3451 1062 3503 Guelf.

412 3548 459 3580 α.
481 3530 847 3581 Emoriuntur.
864 3529 1140 3582 Guelferb.
1161 3531 1347 3597 cium,

337 3609 652 3676 moriuntur,
687 3627 809 3661 cum
839 3609 999 3661 Goth.
1022 3614 1176 3664 Voss.
1206 3628 1233 3662 2
1252 3650 1268 3677 ,
1297 3614 1351 3664 et

338 3689 458 3743 edd.
477 3693 606 3743 meis
626 3704 749 3742 ante
765 3692 966 3765 Gryph.
987 3692 1139 3759 1544.
1157 3693 1222 3744 A.
1241 3713 1349 3748 mo·

338 3780 543 3835 rantur,
554 3770 733 3822 Turic.
746 3769 887 3823 Flor.
901 3789 1025 3821 cum
1042 3770 1179 3823 Alm.
1196 3771 1347 3839 Suco,

337 3849 518 3899 Locat.
551 3850 683 3899 Ven.
718 3847 911 3915 Succo,
941 3846 1067 3900 Bad.
1105 3847 1348 3900 Basa.—

338 3926 519 3978 Nostri
536 3924 737 3990 Codd.,
748 3924 901 3997 fuco.
921 3925 1014 3976 En.

409 4004 460 4055 3.
473 4004 542 4055 Ut
552 4002 712 4056 lana..
723 4044 734 4056 .
753 4004 1070 4057 Ovidiusait.
1086 4005 1347 4059 ovidiana

338 4080 451 4133 haec
493 4100 607 4133 esse
647 4081 979 4151 Quintiliano
1022 4083 1347 4136 credendum

268 4225 279 4231 ⁸
340 4172 451 4211 est:
493 4157 587 4211 sed
624 4160 763 4213 unde
794 4177 1004 4233 sumpta
1042 4181 1150 4214 non
1190 4162 1347 4214 facile

341 4252 418 4290 est
443 4239 722 4308 conjicere.
754 4242 796 4293 E
819 4240 1074 4312 tragoedia
1111 4261 1225 4295 esse
1248 4261 1347 4295 vo-

1388 1388 1670 1443 ‚luntvw
1698 1391 1813 1443 DD.
1850 1394 1914 1443 Et
1949 1393 2196 1444 Heinsius
2231 1392 2442 1465 quidem

1428 1468 1572 1539 (non
1610 1467 1983 1540 Colomesius,
2020 1486 2081 1524 ut
2116 1472 2253 1525 falso
2282 1474 2441 1527 Gesn.

1430 1548 1535 1612 ait)
1569 1550 1885 1621 corrigendo
1915 1551 2153 1624 quaedam
2180 1556 2444 1606 senarium

1427 1625 1553 1678 inde
1577 1646 1700 1680 cum
1725 1628 1938 1682 duobus
1960 1630 2227 1702 phalaeciis
2248 1632 2440 1684 efficit:

1432 1705 1578 1777 quod
1602 1721 1828 1759 metrum
1853 1711 2171 1762 mirarentur
2193 1729 2320 1763 sane
2345 1712 2445 1764 sibi

1430 1784 1648 1837 affixum
1676 1788 1859 1857 tragici
1884 1801 2105 1840 veteres.
2141 1788 2244 1841 sed
2273 1809 2446 1862 neque

1431 1878 1802 1934 argumentum
1869 1868 2045 1937 ipsum
2113 1867 2446 1940 lacernaeque

1429 1947 1631 1997 mentio
1652 1945 1964 2016 tragoediam
1984 1949 2152 2019 sapit:
2180 1950 2282 2001 nisi
2303 1948 2444 2002 dixe·

1430 2026 1500 2075 ris
1518 2025 1689 2091 forte,
1713 2044 1812 2078 nos
1834 2028 2061 2097 tragicos
2082 2027 2327 2098 quidem,
2351 2028 2446 2081 sed

1427 2103 1679 2157 Ovidium
1716 2108 1973 2176 tragicum
2011 2126 2122 2159 non
2158 2126 2335 2160 nosse.
2368 2111 2446 2160 Ita

1428 2181 1541 2235 haec
1559 2184 1773 2254 quidem
1794 2185 2055 2257 relinquo.
2072 2187 2445 2240 correctiones

1430 2277 1612 2316 antem
1640 2284 1770 2337 quas
1797 2268 1943 2337 tetigi
1967 2268 2167 2319 Heinsii
2193 2281 2318 2320 sunt
2342 2287 2442 2321 vox

1418 2342 1555 2414 fuco
1580 2345 1805 2409 omissa,
1839 2358 1893 2396 et
1920 2346 2078 2397 etiam
2104 2358 2367 2397 mutatum
2389 2347 2444 2397 in

1429 2440 1562 2473 eam.
1608 2422 1852 2489 Quorum
1893 2421 2026 2475 illud
2069 2426 2269 2475 nemini
2315 2442 2444 2476 sane

1427 2499 1802 2573 persuadebit,
1845 2516 1904 2554 ut
1946 2522 2013 2555 ne
2049 2503 2286 2555 Gesnero
2326 2505 2446 2574 qni-

1429 2579 1550 2631 dem
1566 2618 1582 2645 ,
1622 2583 1708 2632 cui
1751 2594 1924 2633 totum
1966 2596 2144 2635 tamen
2182 2600 2443 2635 conamen

1428 2661 1558 2711 mire
1582 2659 1847 2731 placebat.
1870 2659 2111 2713 Alterum
2132 2663 2309 2732 specie
2333 2681 2443 2714 non

1430 2752 1602 2805 caret,
1625 2757 1790 2810 quum
1805 2742 1951 2792 vocis
1973 2740 2134 2792 etiam
2157 2739 2309 2792 locus
2329 2760 2445 2793 esse

1428 2817 1609 2870 nullus
1644 2821 1852 2890 possit=
1896 2818 1991 2872 sed
2026 2838 2144 2870 eam
2181 2821 2335 2872 nimis
2365 2834 2446 2873 est

1428 2897 1710 2969 pedestre,
1746 2913 1798 2951 et
1830 2900 2024 2951 rectius
2055 2901 2110 2951 in
2140 2901 2447 2972 corruptela

1430 2977 1591 3027 etiam
1628 2976 1791 3030 latere
1827 2978 1972 3031 dicas
2007 2981 2310 3050 appositum
2349 2980 2448 3032 ali-

1432 3055 1579 3125 quod
1606 3055 1842 3109 !acernoe.
1877 3059 2002 3109 Non
2029 3060 2169 3110 enim
2193 3057 2446 3111 audiendi

1430 3146 1551 3186 sunt
1583 3152 1757 3206 neque
1784 3136 2087 3202 Ferrarius,
2123 3139 2246 3208 qui,
2279 3156 2445 3209 quum

1428 3229 1713 3283 purpureae
1731 3215 1842 3265 fere
1860 3214 2058 3268 fuerint
2075 3215 2443 3268 honestiorum

1428 3290 1651 3344 lacernae
1668 3329 1685 3357 ,
1726 3291 1813 3344 hic
1851 3295 2020 3364 ipsam
2061 3313 2163 3366 pro
2204 3312 2444 3365 purpura

1430 3373 1660 3441 positam
1676 3389 1790 3424 esse
1804 3384 1957 3443 putat
1971 3393 1985 3434 3
2005 3386 2180 3443 neque
2198 3371 2444 3438 Gallaeus,

1432 3453 1525 3521 qui
1556 3451 1810 3503 mendum
1826 3451 2086 3505 Vallensis
2119 3452 2273 3515 libri,
2303 3452 2444 3504 lace·

1430 3548 1540 3595 me,
1567 3533 1857 3603 arripiens,
1881 3532 2160 3584 Lacoenam
2195 3535 2270 3584 sic
2300 3532 2443 3585 nude

1429 3626 1529 3680 pro
1562 3608 1826 3661 Laconica
1856 3626 2091 3681 purpura
2120 3609 2335 3681 (Horat.
2365 3614 2412 3663 ΙΙ
2427 3650 2445 3677 .,

1428 3687 1533 3742 Od.
1567 3687 1657 3753 18,
1688 3688 1752 3759 7)
1779 3687 1847 3740 ab
1882 3689 2075 3743 ovidio
2113 3692 2442 3742 nominatam

1430 3767 1730 3819 credit.Vix
1756 3783 1931 3821 autem
1956 3771 2130 3840 aptius
2156 3772 2443 3840 quicquam

1430 3848 1718 3917 excogitari
1743 3867 1902 3920 posse
1931 3861 2066 3919 puto
2091 3866 2155 3899 eo
2183 3849 2329 3919 quod
2351 3849 2445 3901 Al-

1428 3925 1731 3978 drovandus
1749 3926 1838 3996 (de
1856 3928 2126 3979 Testaceis
2146 3928 2214 3980 111
2227 3965 2243 3993 ,
2265 3926 2322 3999 5)
2342 3928 2443 3980 du·

1430 4002 1558 4056 dum
1584 4009 1866 4077 proposuit
1881 4007 2054 4076 Tyrioe
2073 4007 2296 4059 lacerna·
2309 4030 2324 4058 .-
2343 4011 2444 4061 nisi

1430 4083 1574 4155 quod
1600 4082 1691 4136 ille
1713 4102 1902 4136 vocem
1933 4086 2093 4136 etiam
2129 4102 2239 4135 non
2271 4083 2441 4137 elimi-

1428 4161 1621 4230 nabat,
1647 4181 1806 4235 quam
1830 4162 2073 4235 equidem
2100 4182 2160 4215 ex
2184 4167 2442 4237 scriptura

1430 4242 1563 4294 tirioe
1586 4255 1766 4294 natam
1789 4244 2030 4296 existimo
2051 4263 2063 4304 ;
2094 4241 2238 4295 salvo
2265 4255 2442 4295 tamen
