3200 5159
679 493 1327 564 INSTITUTIONIS
1363 496 1618 560 ORAT.
1661 498 1819 564 LIB.
1859 499 1948 578 X,
1998 523 2051 563 1.

2341 499 2470 564 13·

321 645 554 696 autem
594 622 886 710 scierit¹‚
921 633 1104 720 quo²
1149 644 1444 718 quaeque
1489 619 1629 691 sint
1663 619 1874 691 modo
1913 620 2240 710 dicendas,
2279 622 2413 695 nisi

322 733 602 809 tamen³
656 736 732 807 in
783 734 1180 835 procinctu,
1224 731 1738 832 paratamque4
1780 734 1868 806 ad
1920 763 2166 808 omnes
2216 763 2418 810 casus

323 853 645 926 habuerit
694 852 1215 949 eloquentiam,
1261 850 1453 922 velut
1493 850 1747 922 clausis
1794 851 2170 925 thesauris⁵
2206 855 2418 926 incu-

323 967 541 1041 babit.
582 971 744 1040 Non
777 987 1014 1039 autem
1047 988 1127 1038 ut
1165 965 1475 1065 quidque
1496 963 1527 1010 ⁶
1559 967 1904 1066 praecipue
1945 970 2412 1041 necessarium

322 1105 452 1174 est,
484 1083 579 1155 sic
607 1083 698 1155 ad
728 1081 1182 1154 efficiendum
1219 1103 1565 1153 oratorem
1606 1082 1889 1153 maximi
1931 1085 2249 1181 protinus
2289 1087 2419 1157 erit

325 1198 701 1270 momenti:
735 1224 899 1268 nam
942 1217 1120 1269 certe
1168 1222 1396 1295 quum
1438 1196 1526 1267 sit
1569 1197 1644 1267 in
1680 1195 2073 1295 eloquendo
2104 1200 2415 1298 positum

325 1314 611 1388 oratoris
663 1313 1014 1402 officium,
1062 1313 1288 1386 dicere
1332 1333 1489 1383 ante
1535 1312 1777 1384 omnia
1827 1334 1960 1402 est3
2002 1333 2207 1412 atque
2249 1311 2432 1386 hinc*

323 1430 603 1503 initium
656 1429 803 1531 ejus
856 1430 1014 1502 artis
1062 1428 1270 1501 fuisse
1322 1427 1779 1501 manifestum
1830 1450 1962 1516 est;
2022 1429 2413 1529 proximam

322 1544 575 1618 deinde
644 1550 1093 1617 imitationem
1121 1558 1177 1634 7,
1229 1542 1678 1616 novissimam
1727 1542 2063 1616 scribendi
2127 1572 2413 1644 quoque

322 1758 399 1810 nit
428 1758 651 1828 exempli
688 1757 811 1811 loco
843 1758 1066 1811 Μαι-11111.
1106 1759 1193 1825 lv,
1228 1758 1327 1824 66,

332 1837 405 1904 14.
450 1860 473 1883 ιι
492 1838 605 1889 Nee
642 1855 811 1890 mersa
848 1849 928 1890 est
966 1836 1185 1909 pelago,
1227 1854 1326 1887 nec

330 1935 352 1960 e·
371 1914 487 1966 fluit
514 1913 621 1966 nlla
646 1918 798 1980 ratis,
818 1938 842 1963 ιι
873 1931 986 1985 quae
1010 1932 1137 1965 sane
1158 1914 1326 1965 stacta

321 1991 654 2062 intelligitur,
686 2005 743 2044 ut
775 1991 959 2044 laeerae
990 1995 1104 2062 ejus
1136 1990 1327 2043 tabule

324 2070 529 2123 fluitent
548 2091 643 2143 per
662 2070 845 2123 undas.
863 2069 1014 2124 Subit
1031 2084 1209 2122 tamen
1227 2068 1327 2120 dn·

324 2149 537 2217 hiatio,
558 2169 626 2202 an
648 2150 735 2203 hie
759 2149 1176 2227 quoquefluitat
1192 2149 1327 2199 Nos·

327 2240 403 2280 ter
425 2228 721 2299 scripserit,
746 2228 899 2279 sicuti
923 2239 1003 2279 est
1032 2229 1150 2289 vu,
1178 2227 1324 2299 praef.

326 2305 385 2372 3,
421 2306 544 2358 loco
576 2306 735 2377 plane
769 2307 999 2377 gemino.
1036 2304 1170 2356 Vide
1212 2319 1325 2357 not.

327 2403 435 2455 seq.
461 2387 633 2438 Etiam
662 2387 719 2437 in
749 2385 998 2437 thesauro
1038 2402 1136 2436 suo
1169 2384 1326 2436 Gesn.

327 2463 431 2516 hoc
449 2463 783 2540 nnofluendi
798 2466 875 2515 sic
894 2464 1137 2534 usurpati
1157 2480 1332 2513 exem-

329 2544 418 2616 plo
467 2543 686 2614 defungi
734 2543 957 2612 cogitur.
1007 2543 1047 2592 F
1051 2540 1331 2593 oreellinus

327 2626 504 2694 ipsum
514 2640 620 2693 qno
627 2639 728 2692 qne
738 2618 1192 2691 ignoratsimilius
1205 2618 1333 2690 quid

332 2715 514 2755 nostro
533 2701 695 2754 habet
712 2699 802 2751 lib.
821 2700 920 2764 lx,
934 2717 1049 2770 cap.
1069 2701 1131 2766 4,
1145 2697 1192 2769 §.
1216 2714 1330 2767 129.

406 2798 450 2833 1.
472 2782 576 2852 Qui
595 2791 770 2832 autem
788 2779 973 2831 scierit.
992 2778 1261 2830 Tui-icens.
1277 2779 1334 2848 (a

332 2863 497 2932 prima
520 2858 714 2929 manu)
735 2857 903 2923 Flor.,
925 2866 1099 2908 autem
1123 2856 1220 2928 qui
1240 2856 1336 2909 sci-

332 2939 421 2991 vit.
443 2937 651 3003 Guelf.‚
674 2955 726 3009 q.
750 2958 800 2988 α.
824 2938 1010 2989 sciunt.
1034 2936 1195 3006 Apud
1218 2937 1336 2987 Ric-

333 3020 471 3069 cium
486 3030 661 3069 textus
679 3017 751 3067 ita
770 3013 1069 3066 exhibetur:
1076 3013 1332 3090 fluitabit.

286 3135 291 3139 ·
332 3097 508 3148 Etiam
554 3097 646 3169 qui
687 3093 839 3162 sciet,
885 3107 1134 3146 monente
1179 3095 1336 3145 etiam

332 3174 666 3228 Landsidelio
687 3174 933 3250 fluitabit
956 3186 1200 3245 praestare
1232 3191 1336 3244 proe

546 3255 596 3304 t.
640 3256 715 3306 Ex
750 3252 833 3304 his
871 3250 1076 3304 indiciis
1113 3251 1338 3303 scribam

322 3333 527 3410 studiat.
556 3329 937 3408 (s.fluita1>it).·
961 3342 1012 3382 et
1037 3331 1132 3402 qui
1152 3330 1335 3382 scierit.

338 3414 413 3463 lta
434 3412 745 3464 concinnius
769 3412 927 3461 etiam
953 3426 1130 3481 neque.
1149 3449 1159 3459 .
1176 3449 1187 3461 .
1214 3420 1281 3460 et.
1298 3447 1309 3459 .
1324 3447 1335 3459 .

338 3501 402 3542 οἳ.
420 3530 433 3542 .
454 3529 467 3542 .
488 3530 501 3542 .

411 3588 458 3622 2.
503 3569 617 3640 Quo
651 3584 867 3640 quoeque
901 3568 1005 3621 sint
1040 3566 1192 3618 modo
1202 3588 1224 3629 ;
1266 3569 1341 3619 sic

339 3649 511 3701 Turio.
537 3646 711 3700 Guelf.
742 3648 902 3700 Cim».
927 3646 1085 3698 Goth.
1114 3651 1341 3713 (tacente

340 3726 540 3796 Gesn.).
564 3726 681 3795 Quo
698 3743 917 3798 quoeque
935 3725 1089 3777 modo
1107 3745 1144 3777 s.
1158 3764 1175 3790 ,
1194 3727 1340 3776 JenS.

340 3805 462 3876 (tac.
487 3806 673 3876 Gesn.)
692 3824 815 3857 cum
838 3804 959 3857 edd.
984 3816 1107 3856 ante
1129 3803 1342 3856 Aldum.

345 3888 470 3957 Quoe
495 3904 703 3959 quoque
722 3905 761 3938 s.
783 3904 852 3936 m.
867 3925 884 3952 ,
903 3887 1079 3937 Turio.
1105 3882 1161 3954 (a
1184 3901 1344 3934 manu

342 3966 445 4037 pr.)
467 3966 606 4017 Flor.
630 3963 838 4035 Reliqui
870 3982 972 4036 quo
997 3965 1104 4016 sint
1127 3979 1346 4035 quoeque

346 4044 586 4096 modo.—-
596 4045 778 4095 Nostri
799 4061 981 4095 omnes
1004 4048 1107 4116 qu'o
1130 4058 1347 4115 quoeque

346 4122 447 4175 sint
464 4123 636 4175 modo.
662 4124 756 4175 En.

418 4202 465 4253 3.
495 4202 690 4253 Tamen
702 4223 721 4262 ,·
743 4202 816 4253 sic
839 4201 1029 4253 Tui-ic..
1044 4199 1065 4272 (
1080 4219 1111 4252 a
1133 4218 1215 4272 pr.
1241 4197 1346 4270 m.)

1407 1757 1547 1810 Flor.
1582 1776 1706 1810 cum
1735 1757 1921 1811 Almel.
1951 1771 2005 1809 et
2029 1758 2174 1809 Ricc.
2208 1756 2415 1828 Reliqui

1408 1849 1679 1911 tanquam.

1477 1916 1529 1982 4.
1558 1917 1923 1988 Paratamque.
1945 1917 2120 1968 Turio.
2142 1917 2196 1985 (a
2217 1934 2297 1986 pr.
2316 1915 2413 1985 m.)

1406 1993 1544 2045 Flor.
1575 2012 1699 2045 cum
1724 1993 1911 2045 Almel.
1942 1992 2148 2063 Reliqui
2170 2003 2415 2063 paratam

1405 2072 1630 2144 quidem,
1647 2101 1718 2112 -
1735 2071 1838 2128 Sic.
1859 2073 2053 2135 nostri,
2088 2089 2198 2122 exc.
2237 2071 2297 2122 R.
2330 2087 2349 2122 1
2367 2088 2413 2136 1,

1409 2153 1498 2222 qui
1528 2152 1721 2201 omittit
1743 2149 1972 2222 quidem.
1998 2151 2092 2201 Eo.

1479 2229 1530 2283 5.
1558 2228 1755 2282 clausis
1782 2229 2039 2282 thesauris.
2070 2228 2239 2294 Pion,
2265 2227 2415 2280 clau·-

1407 2327 1483 2362 sos
1504 2306 2111 2361 thesaums.-Clausis...
2139 2308 2410 2361 incubabit.

1411 2385 1544 2437 Vide
1562 2387 1757 2455 Georg.
1781 2386 1855 2451 11,
1877 2385 1999 2455 507,
2016 2385 2319 2459 defossoque
2338 2387 2415 2437 in·

1412 2465 1563 2518 cubat
1583 2482 1733 2516 auro.

1482 2544 1534 2594 6.
1564 2543 1822 2615 Quidque.
1850 2543 2028 2595 Turic.
2062 2543 2200 2595 Flor.
2238 2543 2413 2597 Guelf.

1412 2624 1608 2690 Cum,
1641 2622 1914 2696 quicquid,
1944 2643 2066 2675 cum
2097 2623 2283 2677 Almel.
2314 2625 2419 2678 Sed

1412 2700 1603 2767 Goth„
1627 2704 1850 2774 quicque
1869 2701 1994 2769 (err.
2018 2703 2221 2774 Gesn.).

1488 2797 1537 2849 7.
1554 2780 1929 2831 Imitationem.
1951 2784 2184 2853 Apparet
2202 2782 2325 2834 loco
2345 2784 2422 2854 ip-

1415 2879 1503 2926 so,
1534 2878 1641 2930 qno
1678 2860 1783 2912 hoe
1809 2863 2051 2931 ponitur,
2079 2861 2299 2932 intelligi
2326 2860 2423 2914 de-

1414 2939 1540 2992 bere
1555 2938 1849 3000 lectionem5
1866 2958 1980 3010 quoe
1996 2940 2267 3010 quomodo
2282 2959 2422 2992 com-

1414 3016 1673 3089 prehendi
1689 3020 1859 3089 possit
1877 3032 1930 3070 et
1948 3018 2228 3089 significari
2247 3019 2422 3072 imita·-

1418 3098 1583 3162 tione,
1626 3097 1799 3149 fateor
1839 3116 1923 3148 me
1966 3116 2153 3168 parum
2191 3101 2421 3169 assequi.

1416 3176 1528 3226 Nec
1559 3176 1838 3244 quisquam
1866 3174 2013 3226 haesit
2039 3177 2093 3227 in
2125 3175 2263 3228 loco.
2297 3179 2428 3229 For-

1418 3267 1556 3306 tasse
1606 3254 1990 3307 consuetudine
2035 3256 2424 3328 frequentatum

1419 3332 1548 3397 fuit,
1590 3345 1677 3397 ut,
1715 3349 1880 3402 quum
1915 3333 2222 3385 imitationis
2264 3351 2426 3385 causa

1421 3413 1774 3482 susciperetur
1787 3410 1944 3464 lectio
1961 3415 2282 3483 optimorum
2303 3413 2428 3465 scri-

1420 3505 1662 3563 ptorum,
1686 3492 1799 3562 ipsa
1826 3509 2040 3561 quoque
2062 3489 2174 3543 haec
2197 3503 2428 3543 tractan-

1422 3570 1474 3622 di
1498 3569 1660 3620 libros
1679 3568 1935 3632 industria
1954 3571 2175 3621 imitatio
2196 3568 2431 3640 appella-

1422 3661 1580 3699 retur.
1606 3648 1685 3698 lta
1714 3666 1850 3719 opus
1882 3643 2012 3699 illud
2041 3649 2277 3719 Dionysii
2308 3645 2426 3698 Hal.

1426 3744 1533 3797 quo
1550 3737 1787 3777 veterum
1806 3738 2073 3777 oratorum
2087 3724 2287 3796 judicia
2308 3743 2433 3795 pro·

1423 3805 1577 3876 ponit
1600 3842 1618 3870 ‚
1667 3806 1928 3874 cujusque
1972 3804 2183 3854 nonnisi
2205 3802 2432 3872 ⁸aliquot

1425 3897 1603 3954 partes
1627 3882 1836 3955 reliquie
1862 3883 2011 3933 facte
2033 3895 2184 3947 sunt,
2211 3882 2430 3952 inscrip-

1427 3974 1539 4014 tum
1571 3962 1734 4014 fuisse
1764 3960 1971 4012 videtur
2007 3959 2073 4010 de
2108 3958 2430 4025 imitatione,

1430 4057 1536 4110 quo
1554 4039 1728 4091 indice
1754 4050 2074 4090 memoratur
2091 4056 2120 4089 a
2140 4036 2432 4091 Scholiaste

1428 4118 1773 4187 Hermogenis
1797 4112 1852 4166 οτό
1881 4117 1993 4183 anfi
2018 4111 2269 4181 μιμίσιος.
2295 4116 2432 4168 Vide

1428 4195 1642 4269 Taylori
1665 4197 1831 4248 Lectt.
1858 4196 2007 4268 Lym,
2027 4215 2080 4268 p.
2101 4194 2289 4268 (usk.)
2315 4196 2432 4249 162.
