3200 5159
745 474 875 553 564

1315 473 1411 536 Μ.
1451 470 1681 535 FABII
1717 471 2239 555 QUINTILIAN
2247 474 2277 537 1

740 596 1149 694 regionum¹
1192 622 1271 667 ac
1316 593 1706 665 fluminum
1772 596 2108 696 ²proprii‚
2151 593 2842 696 ³deprehenduntur.

630 728 701 780 68
739 711 1152 810 Eademque
1208 709 1494 783 musicis
1541 710 1713 782 ratio
1747 728 1870 783 'est
1900 770 1920 801 ,
1970 713 2091 811 qui
2138 739 2365 812 quum
2413 713 2489 785 in
2536 712 2843 787 “cithara

736 824 1055 925 quinque
1092 824 1638 899 constituerunt⁵
1672 851 1878 898 sonos
1894 825 1952 917 ⁶,
1987 827 2293 927 plurima
2330 829 2586 901 deinde
2615 831 2839 902 varie-

738 1032 755 1065 1
770 1032 818 1080 2,
839 1014 897 1066 3:
924 1015 1093 1084 Quam
1108 1015 1243 1067 mihi
1244 1014 1561 1086 facultatem
1579 1031 1742 1087 quum

731 1094 873 1148 hic...
911 1113 1052 1147 casus
1095 1094 1322 1165 eripuit,
1370 1107 1605 1147 tamen...
1648 1112 1744 1165 pe-

728 1187 808 1239 to,
831 1187 924 1245 etc.
950 1173 1093 1241 Quid
1118 1176 1277 1244 igitur
1296 1176 1517 1239 mirum,
1542 1173 1653 1226 fieri
1678 1172 1744 1223 il-

723 1252 819 1305 lud
847 1268 1032 1306 nostro
1058 1255 1218 1305 etiam
1244 1253 1398 1318 loco,
1423 1251 1515 1304 ubi
1530 1253 1742 1324 adjecto

726 1332 939 1384 interim
964 1333 1191 1383 formam
1218 1331 1565 1403 temporalem
1579 1331 1742 1403 plane

727 1412 902 1480 induit
927 1414 1118 1464 oratio.

802 1511 846 1545 ι.
882 1493 1103 1544 Medii...
1129 1491 1436 1563 Reqt'onum.
1458 1492 1733 1545 Turicens.

720 1571 858 1623 flor.
881 1571 1057 1624 Guelf.
1074 1571 1200 1622 Exc.
1215 1569 1360 1622 Sant.
1374 1571 1559 1635 Cina,
1575 1570 1738 1622 medii

719 1661 769 1701 et
808 1668 988 1703 comm
1029 1650 1174 1719 υαζία
1213 1648 1372 1700 etiam
1414 1667 1517 1721 req.
1545 1688 1563 1716 ,
1610 1667 1736 1701 cum

719 1727 882 1780 Goth.
898 1730 1053 1779 Voss.
1085 1745 1113 1778 2
1142 1726 1279 1797 (nisi
1300 1725 1446 1797 quod
1460 1727 1549 1779 hic
1569 1738 1622 1778 et
1634 1747 1732 1800 pro

717 1806 930 1876 etiam).
977 1807 1054 1857 M.
1081 1815 1133 1856 et
1161 1821 1341 1855 eorum
1375 1805 1624 1857 varietate
1651 1825 1692 1856 r.
1714 1843 1732 1871 ,

715 1888 743 1937 J
750 1905 861 1937 ens.
878 1904 1000 1936 cum
1014 1899 1153 1957 post.
1181 1898 1304 1936 ante
1321 1883 1441 1935 Ald.
1467 1885 1640 1936 Medii
1656 1904 1736 1937 eo-

718 1985 862 2033 rum,
890 1968 1137 2019 varietate
1169 1983 1241 2033 r.,
1275 1965 1465 2037 reliqui
1491 1968 1735 2038 impressi

718 2064 920 2097 omnes.
964 2043 1068 2097 Sed
1105 2062 1271 2115 quum
1302 2061 1412 2096 non
1447 2058 1702 2117 appareat
1716 2083 1734 2111 ,

717 2123 848 2196 quid
868 2127 935 2177 sit
977 2147 1000 2170 a
1029 2125 1234 2196 proprii
1275 2126 1527 2177 varietate
1558 2127 1796 2195 regio-

722 2228 744 2250 ·
764 2222 894 2255 num
913 2227 937 2249 ι
964 2216 1017 2255 et
1039 2201 1192 2255 valde
1216 2222 1429 2269 verear,
1453 2222 1521 2255 ne
1541 2204 1734 2257 Jenso-

714 2285 937 2335 nianum
952 2281 1085 2334 illud
1105 2283 1350 2335 varietate
1364 2282 1511 2334 nullo
1530 2286 1731 2355 scripto

718 2365 935 2429 nitatur,
958 2361 1217 2414 Codicum
1250 2365 1565 2434 scripturam
1609 2382 1731 2414 cum

716 2442 964 2495 facillima
977 2442 1560 2509 Gesnericorrectione,
1577 2445 1733 2495 omis-

720 2542 888 2594 soque
910 2534 963 2574 et
979 2561 997 2589 ,
1027 2524 1179 2591 cujus
1209 2520 1356 2573 nulla
1388 2524 1572 2593 utique
1595 2527 1731 2574 ratio

718 2617 827 2668 est,
853 2605 1089 2673 reposui.
1111 2603 1338 2672 Requm,
1353 2602 1531 2652 Turio.
1552 2600 1729 2654 Guelf.

716 2684 842 2735 Exc.
867 2681 1012 2733 Sant.
1035 2683 1186 2748 cujus
1203 2677 1381 2730 mendi
1400 2680 1522 2729 fons
1543 2678 1734 2749 depre-

718 2760 969 2814 henditur
990 2761 1045 2809 in
1063 2757 1202 2809 Flor.
1230 2756 1323 2809 ubi
1346 2759 1564 2830 reqifim.
1589 2757 1731 2812 Alm.

720 2843 776 2893 in
799 2840 881 2892 his
902 2837 1148 2891 omnibus
1189 2860 1211 2883 κ
1232 2836 1446 2888 turbare
1462 2860 1486 2884 ι
1524 2850 1733 2889 tantum

718 2932 976 2971 narratur.
1015 2917 1141 2967 Mox
1174 2915 1410 2986 proprie,
1436 2917 1581 2968 Jens.
1609 2935 1732 2968 cum

720 3000 868 3052 editt.
894 3010 1034 3070 post.
1073 3009 1197 3048 ante
1236 2997 1416 3046 Burm.
1456 3014 1570 3047 exc.
1609 2995 1731 3048 Ald.

718 3080 980 3130 Nimirum
1000 3076 1249 3147 opposita
1269 3072 1382 3127 haec
1399 3094 1502 3126 vox
1513 3074 1734 3128 videba-

721 3173 807 3210 tur
829 3156 906 3210 illi
918 3152 1259 3231 qenemliter3
1298 3155 1393 3207 sed
1416 3172 1590 3226 neque
1609 3156 1732 3208 loco

722 3255 821 3289 sno
842 3238 1049 3307 posita,
1070 3253 1244 3307 neque
1264 3237 1342 3287 sic
1373 3237 1531 3286 etiam
1555 3235 1736 3288 admo-

721 3317 849 3368 dum
874 3315 1062 3380 latina,
1092 3327 1145 3366 et
1167 3312 1316 3365 nullo
1333 3315 1532 3383 scripto
1559 3316 1732 3367 nitens

719 3398 875 3464 (nam
891 3414 955 3446 ex
968 3393 1105 3446 Alm.
1127 3396 1287 3445 etiam
1301 3405 1354 3445 et
1370 3392 1520 3445 Voss.
1538 3392 1734 3447 diserte

716 3474 919 3546 proprii
936 3471 1186 3542 affertur)
1206 3474 1392 3523 merito
1416 3475 1615 3542 rejecta
1634 3486 1736 3526 est.

788 3571 836 3605 a.
846 3552 1058 3604 Varie...
1068 3549 1424 3622 proprii.Vide
1434 3565 1729 3622 not.super.

722 3634 881 3687 Venti
895 3630 1365 3706 autemfluminum
1373 3630 1577 3700 proprii
1585 3630 1737 3682 intel-

722 3711 918 3782 ligendi
941 3722 1093 3774 sunt,
1117 3710 1209 3780 qui
1229 3709 1611 3779 proprietatem
1637 3707 1733 3760 ha·

720 3793 848 3846 bere
871 3805 1128 3863 putantur
1149 3809 1182 3842 a
1200 3789 1415 3841 flumine
1440 3789 1619 3860 aliquo
1648 3807 1734 3841 re·-

717 3874 889 3943 gionis
908 3873 1051 3940 ejus,
1075 3868 1216 3921 unde
1242 3867 1399 3933 flant,
1421 3867 1729 3920 derivatam.

788 3953 841 4005 3.
852 3949 1355 4022 Deprehenduntur3
1369 3950 1444 3999 sic
1454 3947 1727 4000 Turicens.

715 4030 947 4082 Florent.
976 4027 1151 4081 Guelf.
1186 4026 1347 4079 Goth.
1380 4024 1508 4097 (err.
1535 4025 1728 4094 Gesn.)

714 4113 869 4161 Voss.
891 4128 918 4161 2
932 4148 948 4175 ,
964 4123 1015 4161 et
1035 4108 1157 4161 edd.
1178 4121 1299 4159 ante
1314 4105 1518 4178 Gryph.
1540 4106 1729 4178 Depre-

720 4187 1044 4254 nesciantur,
1071 4186 1276 4257 reliqui.

1898 1012 1948 1080 4.
1971 1013 2038 1067 In
2054 1014 2282 1068 cithara..
2294 1016 2527 1070 Florent.
2555 1020 2610 1070 in
2627 1020 2834 1070 omittit.

1897 1094 1947 1147 5.
1993 1097 2400 1150 Constitue-runt.
2431 1098 2629 1163 Caum,
2651 1100 2838 1150 consti-

1825 1173 2033 1225 tuerint.
2060 1175 2331 1228 Guelferb.
2356 1178 2551 1243 Caum,
2576 1189 2735 1249 atque
2757 1177 2834 1229 iis.

1823 1252 2003 1303 Turio.
2027 1252 2202 1319 Flor.,
2224 1264 2380 1327 atque
2399 1255 2461 1307 iis
2483 1265 2642 1328 atque
2671 1255 2784 1307 huc.

1894 1329 1946 1395 6.
1996 1332 2294 1405 Quinque...
2331 1352 2497 1387 sonos.
2538 1335 2709 1388 Sonos
2732 1333 2838 1386 hoc

1822 1427 2044 1460 numero
2073 1413 2353 1481 primarios
2385 1432 2548 1484 quum
2573 1432 2834 1485 nusquam

1822 1487 1968 1559 apud
2003 1493 2250 1560 antiquos
2283 1506 2604 1543 memoratos
2633 1495 2834 1545 inveni-

1819 1587 1959 1634 rem,
1982 1571 2251 1623 Vitruvius
2276 1586 2455 1624 antem
2479 1586 2532 1624 et
2555 1571 2836 1639 Boethius,

1818 1647 1884 1698 ad
1905 1665 2042 1718 quos
2066 1649 2260 1703 Badius
2283 1670 2384 1703 nos
2413 1654 2660 1718 remittit,
2684 1655 2837 1724 quin·

1819 1746 1922 1798 que
1938 1728 2272 1783 tetrachorda
2287 1733 2583 1798 nominent,
2606 1750 2834 1804 quorum

1815 1802 1903 1856 hic
1940 1804 2086 1857 nulla
2124 1811 2287 1872 ratio;
2336 1808 2661 1862 Boeclthium
2696 1810 2800 1863 adii
2815 1847 2834 1875 ‚

1816 1886 1905 1956 qui
1939 1887 1994 1936 in
2035 1904 2190 1938 usum
2231 1885 2489 1940 lectorum
2519 1889 2834 1956 Quintiliani

1813 1961 1926 2015 haec
1969 1982 2182 2016 mecum
2227 1970 2655 2021 communicavit.
2710 1992 2733 2014 ι
2760 1970 2833 2019 Ut

1821 2064 1844 2087 κ
1859 2044 2221 2111 Quintilianus
2234 2064 2396 2098 sonos
2410 2049 2638 2099 musicos
2647 2035 2837 2117 (4387-

1822 2121 2007 2192 κγους)
2029 2121 2350 2177 illustrandis
2383 2123 2596 2178 dicendi
2621 2128 2832 2196 generi-

1821 2222 1843 2244 «
1863 2197 1966 2251 bus
2007 2200 2253 2268 adhibet,
2293 2206 2368 2255 ita
2405 2205 2622 2278 Dionys.
2657 2208 2828 2259 Halic.

1820 2301 1841 2324 ι
1865 2297 1971 2344 mee
1987 2300 2035 2331 er.
2057 2282 2275 2346 Διμοσδ».
2305 2280 2426 2337 Jur‘
2378 2304 2471 2336 ·.0·r
2499 2302 2546 2335 c.
2577 2302 2634 2353 a,
2662 2305 2832 2357 genus

1820 2379 1842 2403 ιι
1861 2375 2018 2427 grave
2043 2373 2096 2411 et
2109 2358 2303 2413 subtile
2323 2380 2446 2414 cum
2465 2359 2627 2415 &mim
2647 2377 2700 2417 et
2721 2361 2831 2436 νίη

1819 2459 1841 2484 n
1863 2452 2106 2491 octavam
2159 2425 2286 2507 (διαὶ
2327 2443 2538 2513 πεισὸν)
2591 2444 2831 2519 comple-

1817 2539 1841 2562 «
1862 2517 2126 2571 etentibus
2150 2535 2441 2591 comparat.
2459 2510 2632 2575 verb'a
2652 2538 2828 2575 autem

1818 2619 1841 2642 α
1864 2596 2180 2663 Quintiliani
2193 2599 2262 2654 ad
2281 2602 2584 2654 Sectionem
2597 2604 2828 2656 Canonis

1821 2698 1842 2721 ιι
1864 2676 2157 2730 secundum
2190 2693 2418 2751 systema
2443 2683 2741 2753 perfectum
2763 2703 2829 2736 cx

1821 2777 1844 2800 κ
1865 2754 2002 2807 binis
2024 2760 2225 2810 octavis
2239 2762 2535 2813 consistens
2546 2762 2763 2833 ,quod
2748 2783 2829 2816 m·

1820 2855 1842 2879 ιι
1863 2831 1930 2883 de
1955 2833 2023 2885 ab
2046 2837 2404 2891 Aristoxeneis
2428 2843 2826 2894 usitatissimum

1820 2933 1843 2958 a·
1864 2925 2005 2979 erat,
2042 2915 2319 2969 referenda
2355 2920 2586 2971 sunt.1n
2612 2939 2677 2971 eo
2702 2935 2826 2972 octo

1819 3013 1842 3038 a·
1863 2991 2078 3064 quidem
2106 3009 2231 3049 sunt
2251 2999 2367 3049 som·
2397 2998 2708 3067 immobiles,
2735 3004 2828 3072 qui

1819 3092 1843 3115 κ
1861 3084 1985 3123 ante
1999 3086 2215 3126 caeteros
2231 3074 2602 3146 designantur,
2628 3083 2824 3171 qnippe

1820 3172 1842 3195 κ
1863 3151 2099 3222 quinque
2115 3153 2572 3208 tetrachordorum
2592 3159 2826 3223 termini,

1819 3250 1842 3275 κ
1862 3231 2031 3301 iisque
2059 3234 2365 3287 inseruntur
2399 3235 2647 3304 mobiles,
2690 3256 2828 3309 quo-

1819 3331 1841 3355 α
1861 3328 1978 3362 rum
1992 3311 2278 3385 descriptio
2293 3314 2452 3407 vulgo
2467 3315 2825 3375 maa-:Samen

1819 3410 1843 3433 α
1863 3389 2127 3461 appellata
2152 3405 2269 3444 est·
2295 3396 2448 3465 cujus
2471 3393 2594 3447 loco
2614 3398 2824 3466 Quinti·

1820 3491 1842 3515 ι.
1861 3468 2034 3523 liunus
2057 3471 2221 3524 verbo
2235 3475 2403 3525 utitur
2414 3474 2739 3546 complendi,
2765 3492 2824 3528 ut

1821 3571 1844 3596 a·
1863 3550 2011 3601 Plato
2016 3549 2204 3643 (Tim.
2233 3572 2286 3624 p.
2313 3552 2425 3607 36.
2427 3573 2475 3606 a.
2467 3554 2512 3638 )
2538 3556 2670 3610 dixit
2696 3558 2826 3624 ξυνι-

1822 3649 1846 3674 οι
1866 3628 2095 3694 rufove-o
2129 3627 2199 3682 eri
2238 3651 2291 3682 ‘ts
2331 3620 2572 3683 madeus
2610 3654 2691 3685 w
2725 3656 2824 3700 τρο,

1821 3729 1845 3754 ι
1863 3705 2057 3761 πλαίσια,
2074 3707 2402 3775 διαπιμιιτιι.
2428 3712 2532 3765 Sed
2556 3732 2621 3766 ex
2635 3716 2824 3766 immo-

1820 3809 1843 3834 ·
1867 3785 2062 3839 bilibus
2095 3787 2200 3842 illis
2237 3792 2467 3864 quinque
2498 3794 2616 3844 soni
2654 3807 2822 3845 totum

1820 3882 2090 3940 «systema
2118 3872 2174 3921 in
2193 3874 2417 3923 maxima
2445 3873 2720 3926 intervalla
2742 3873 2822 3966 di—

1816 3965 1839 3992 a
1860 3960 2148 4017 spescunt,
2186 3945 2289 4001 riva
2323 3949 2669 4014 :ea-efficacior,
2699 3947 2818 4016 pion

1815 4039 1912 4078 -et
1935 4044 2044 4092 προ,
2029 4014 2424 4093 ·λαμβσ,νὸμινος.
2452 4028 2644 4101 quibus
2667 4029 2818 4082 chor-

1816 4106 1939 4158 «dis
1954 4107 2103 4159 bime·
2095 4112 2501 4162 -constituuntur
2515 4125 2738 4175 octavae,
2758 4124 2819 4162 ut

1817 4210 1838 4235 α
1861 4186 2006 4258 apud
2045 4207 2146 4240 nos
2181 4190 2398 4257 sonisc,
2433 4209 2494 4256 c,
2541 4191 2601 4244 C.
2637 4205 2690 4243 et
2712 4187 2816 4245 nin
