3200 5159
712 476 1364 549 INSTITUTIONIS
1401 478 1659 543 ORAT.
1701 479 1862 543 LIB.
1903 480 2060 558 XII,
2100 502 2162 567 9.

393 624 471 677 ut
513 606 825 705 agricolae
874 607 1150 694 dicunt,
1193 605 1366 704 pede
1408 604 1724 674 standum
1769 619 1881 674 est.
1928 605 2107 674 Nam
2144 629 2368 701 quum
2414 603 2486 673 in
2535 633 2598 686 ¹9

391 721 861 819 propositione
883 736 899 765 ¹
927 748 1005 792 ac
1027 718 1439 791 refutatione
1460 744 1669 789 causa
1692 718 2047 807 consistat,
2068 744 2222 816 quae
2249 738 2488 790 nostrae

392 835 600 933 partis
632 857 826 924 sunt,
861 835 1110 934 scripta
1139 860 1281 906 esse
1319 854 1649 931 possunt:
1689 860 1842 931 quae
1871 834 2081 904 etiam
2115 859 2490 931 responsu-

388 972 548 1020 rum
584 948 1057 1022 adversarium
1098 970 1363 1022 certum
1401 970 1499 1020 est
1526 952 1667 1045 (est
1709 949 1899 1019 enim
1942 948 2316 1047 aliquando
2352 975 2491 1020 cer-

388 1063 623 1162 tum),
672 1066 818 1164 pari
869 1092 1037 1138 cura
1085 1064 1518 1137 refelluntur.
1567 1063 1677 1136 Ad
1723 1064 1860 1136 alia
1896 1091 2124 1136 unum
2164 1086 2484 1163 paratum

388 1181 632 1252 afferre
657 1209 1060 1281 possumuS,
1096 1203 1482 1254 ut‘causam
1507 1182 1690 1253 bene
1724 1180 2159 1271 noverimus;
2190 1181 2485 1254 alterum

391 1297 490 1368 ibi
520 1323 826 1388 sumere,
862 1321 940 1369 ut
968 1300 1316 1369 dicentem
1352 1298 1826 1369 adversarium
1863 1296 2234 1396 diligenter
2261 1297 2490 1368 audia-

387 1437 567 1483 mus.
618 1413 813 1485 Licet
843 1434 1078 1485 tamen
1104 1414 1561 1513 'praecogitare
1613 1413 1814 1511 plura
1831 1426 1883 1501 ²,
1926 1434 1995 1484 et
2028 1412 2355 1485 animum
2395 1411 2482 1483 ad
2531 1441 2597 1477 20

389 1552 635 1598 omnes
659 1554 854 1599 casus
884 1554 1342 1627 componere;
1378 1527 1593 1627 idque
1630 1549 1729 1600 est
1755 1527 1978 1599 tutius
2013 1528 2202 1616 stilo,
2234 1554 2376 1624 quo
2401 1528 2492 1600 fa-

388 1640 634 1715 cilius³
667 1665 735 1715 et
762 1645 1114 1717 omittitur
1142 1644 1464 1743 cogitatio
1483 1703 1502 1734 ‚
1531 1666 1599 1716 et
1624 1646 2052 1717 transfertur.
2089 1645 2226 1717 Sed
2250 1645 2389 1716 sive
2412 1645 2486 1717 in

2360 480 2487 565 509

388 1823 562 1862 autem
588 1815 733 1864 omni
755 1833 877 1866 cum
898 1815 1147 1867 Turnebo
1173 1812 1256 1883 (in
1281 1810 1393 1866 Ad-

388 1894 624 1944 versariis
640 1895 795 1945 etiam
807 1892 931 1958 vll,
965 1895 1056 1965 ¹9)
1081 1894 1147 1946 de
1169 1892 1391 1946 numero

389 1971 654 2040 accipere,
684 1989 1004 2042 quamquam
1036 1971 1141 2024 hoc
1164 1971 1393 2044 joculari

388 2045 548 2100 modo
578 2049 688 2100 fieri
714 2053 879 2121 possit
901 2051 921 2116 ζ
943 2075 964 2097 ιι
986 2069 1111 2101 man
1142 2068 1276 2102 mass
1297 2050 1401 2121 anf

395 2150 417 2171 n
435 2125 576 2178 allen
608 2128 793 2181 Fiissen
818 2130 961 2181 stelin
994 2152 1050 2190 »ς
1079 2129 1292 2200 gallice,
1324 2147 1397 2188 on*

388 2207 560 2261 doitse
578 2211 713 2261 tenir
730 2229 820 2261 sur
839 2222 954 2262 tout
975 2211 1114 2282 pied.
1141 2212 1257 2262 Hoc
1276 2229 1397 2282 pro-

386 2287 620 2339 verbium
644 2288 784 2360 apud
803 2289 983 2341 Gallos
1009 2308 1116 2341 non
1140 2303 1219 2341 est
1244 2291 1397 2341 usita-

390 2378 530 2427 ωιτη
555 2366 647 2418 sed
664 2368 807 2438 apud
827 2388 918 2420 eos
936 2368 1095 2439 vulgo
1112 2382 1397 2439 usurpatur

389 2445 723 2515 proverbium
766 2446 832 2498 ab
871 2446 1053 2499 eadem
1097 2446 1262 2517 figura
1278 2463 1287 2470 ·
1305 2445 1395 2498 de·

389 2521 637 2590 ductum,
657 2523 861 2576 diverso
883 2524 1093 2595 quidem
1114 2543 1302 2576 sensu:
1326 2543 1394 2576 on

394 2620 458 2652 ne
474 2604 578 2655 sait
600 2622 688 2654 sur
706 2602 828 2676 quel
845 2603 969 2676 pied
991 2622 1042 2656 se
1059 2605 1208 2656 tenir.
1235 2606 1326 2656 Eo.
1345 2605 1395 2672 );

393 2684 716 2753 comparatio
746 2695 920 2735 tamen
955 2684 1109 2753 greci
1136 2680 1401 2754 proverbii

392 2773 546 2812 vetat.
577 2762 756 2828 Quare
779 2761 1000 2813 ductum
1023 2761 1184 2814 credo
1209 2780 1240 2813 a
1272 2763 1398 2814 vitio

394 2839 592 2906 standi,
636 2859 741 2912 quo
765 2842 845 2893 vel
872 2840 1077 2912 digitis,
1115 2841 1196 2894 vel
1241 2840 1399 2906 calci,

393 2919 473 2972 vel
494 2920 648 2972 alteri
668 2921 820 2994 pedis
852 2921 1005 2974 lateri
1031 2924 1251 2973 maxime
1272 2923 1402 2972 inni-

393 3012 574 3051 tuntur
587 3000 848 3052 nonnulli.
873 2999 975 3054 Sed
999 2995 1172 3071 neque
1195 2997 1298 3051 hoc
1316 3017 1400 3051 sa-

393 3078 459 3128 tis
494 3077 830 3148 explanatum
873 3091 979 3145 est,
1026 3096 1123 3129 cnr
1157 3075 1400 3149 ayricoloe

392 3157 723 3226 potissimum
781 3155 887 3207 hoc
946 3155 1109 3206 verbo
1167 3169 1397 3207 utantur.

392 3233 564 3286 Credo
589 3250 765 3289 autem
794 3235 897 3287 hoc
938 3234 1076 3298 fieri,
1116 3252 1279 3305 quum
1302 3232 1401 3285 de-

393 3329 712 3368 monstratur
732 3335 922 3388 parum
957 3314 1213 3385 proficere
1242 3315 1400 3366 rusti-

394 3411 515 3445 cum
536 3432 553 3459 ,
595 3398 685 3465 qui
726 3398 818 3446 uni
860 3394 1071 3446 alterive
1118 3395 1257 3463 parti
1279 3430 1295 3457 ,
1344 3406 1403 3445 ut

394 3473 686 3540 frumento,
715 3471 909 3537 hortis,
944 3473 1143 3543 pomis,
1182 3469 1400 3541 apibuS,

396 3554 577 3622 pecori
625 3570 841 3622 operam
882 3551 973 3603 det
998 3573 1010 3601 ε
1062 3549 1261 3602 nullam
1304 3568 1401 3601 ne-

390 3627 690 3699 gligendam
714 3648 858 3690 esse3
906 3648 1017 3681 non
1043 3629 1164 3681 ideo
1195 3641 1401 3681 tantum

395 3721 481 3772 ut,
510 3726 673 3778 quum
696 3727 792 3779 per
815 3723 1056 3782 tempora
1070 3711 1245 3779 jaceat
1267 3726 1401 3773 una,

396 3790 697 3839 sustenteris
713 3801 887 3841 tamen
908 3791 1107 3841 caeteris
1122 3810 1137 3852 ς
1162 3787 1255 3840 sed
1271 3806 1402 3859 quo·

397 3869 537 3919 niam
568 3865 712 3920 nulla
737 3883 817 3921 est
845 3888 958 3941 quae
980 3888 1089 3922 uon
1118 3888 1181 3920 ex
1204 3870 1402 3921 coeteris

399 3945 674 3998 utilitatem
689 3949 891 4018 capiat,
912 3947 1056 4000 nulla
1079 3965 1192 4018 quae
1207 3951 1404 4001 caeteris

399 4042 511 4075 non
552 4028 815 4096 impertiat
850 4027 1081 4100 aliquid,
1114 4028 1259 4099 quod
1292 4030 1405 4080 sine

401 4100 504 4154 illis
537 4116 804 4176 tamquam
832 4105 1016 4160 inutile
1052 4106 1241 4177 procul
1269 4106 1407 4174 abji-

403 4180 645 4238 ciendum
669 4197 764 4235 est.

1554 1831 1595 1865 ι.
1647 1812 2025 1886 Propositione.
2076 1816 2447 1886 Praepositione
2464 1854 2483 1882 ,

1471 1892 1633 1946 Cane.
1657 1895 1729 1945 Et
1743 1895 1900 1966 refut.
1915 1934 1934 1961 ,
1948 1893 2109 1948 Goth.
2127 1893 2262 1965 (tac.
2280 1893 2482 1965 Gesn.).

1475 1974 1605 2044 Quoe
1626 1977 1719 2026 Ere
1735 1985 1887 2046 parte
1908 1983 2056 2040 sunt,
2104 1974 2241 2026 Flor.
2284 1975 2344 2043 Q.
2381 1994 2486 2026 non

1474 2071 1528 2103 re
1543 2063 1693 2123 parte
1710 2072 1748 2104 s.
1760 2092 1779 2120 ,
1794 2055 1974 2105 Turio.
1994 2055 2052 2123 Q.
2073 2072 2179 2104 non
2201 2065 2398 2125 reperta
2417 2073 2453 2105 s.
2469 2094 2486 2120 ,

1473 2132 1637 2184 Csuv.
1664 2134 1738 2184 Et
1752 2152 1804 2185 se
1817 2143 2031 2204 possunt
2047 2153 2151 2206 qua
2178 2133 2337 2185 etiam
2351 2173 2368 2198 ,
2383 2134 2490 2185 Tu-

1474 2214 1664 2265 ricens.
1694 2215 1820 2265 Mox
1843 2212 2067 2264 alterum
2090 2223 2162 2264 est
2181 2232 2283 2265 om.
2306 2215 2485 2265 Turie.

1474 2291 1569 2342 Est
1589 2291 1730 2342 enim
1747 2293 1941 2343 omittit
1963 2290 2103 2343 Flor.
2126 2289 2483 2363 Refellantur,

1474 2371 1637 2421 Cnn’.
1676 2369 1852 2436 Unum
1873 2387 2059 2440 parum
2084 2368 2224 2441 (non
2237 2381 2482 2440 partum,

1478 2467 1575 2501 err.
1609 2449 1804 2519 Gesn.)
1844 2448 1988 2501 Jens.
2024 2468 2146 2500 cum
2171 2449 2318 2500 editt'.
2344 2463 2487 2521 post.

1478 2539 1600 2580 ante
1625 2527 1743 2579 Ald.
1767 2529 1893 2579 Mox
1917 2540 1968 2579 et
1987 2547 2089 2598 pro
2110 2537 2172 2579 ut
2189 2528 2364 2580 Guelf.
2391 2527 2490 2580 Ubi

1479 2624 1703 2671 sumere,
1728 2605 1889 2658 Goth.
1907 2605 2031 2675 (tac.
2049 2607 2233 2675 Gesnz)
2245 2608 2491 2659 Summo—

1480 2702 1595 2736 vere
1610 2685 1892 2750 dicentem,
1918 2683 2094 2736 Guelf.
2118 2684 2223 2737 sed
2247 2688 2299 2736 in
2326 2704 2487 2754 marg.

1482 2763 1668 2828 Basil.,
1699 2765 1849 2834 signo
1886 2765 2063 2835 posito
2107 2777 2230 2815 ante
2263 2783 2490 2830 sumere,

1482 2855 1561 2894 est
1578 2860 1918 2913 summopere.

1556 2938 1603 2972 a.
1623 2919 1805 2972 Plura.
1824 2922 1986 2972 Cant.
2002 2960 2018 2986 ‚
2034 2920 2220 2973 multa.
2237 2923 2489 2991 Florent,

1481 3001 1666 3053 omnis.
1684 2999 1859 3052 Guelf.
1876 3000 2061 3065 Carnu,
2081 3020 2129 3052 ο.
2151 3021 2345 3068 causas,
2368 3021 2489 3055 cum

1481 3077 1600 3130 edd.
1629 3091 1751 3129 ante
1787 3077 1985 3150 Gryph.
2018 3098 2129 3130 exc.
2163 3080 2278 3131 Ald.
2311 3082 2491 3152 Expo-

1479 3174 1602 3207 nere
1618 3195 1634 3221 ‚
1659 3156 1804 3207 Jens.
1833 3168 1884 3206 et
1909 3155 2030 3207 edd.
2057 3171 2195 3227 post.
2222 3172 2343 3209 ante
2367 3158 2486 3210 Ald.

1456 3236 1553 3312 ιΕἳ
1571 3237 1706 3300 sive,
1729 3233 1869 3285 Flor.
1913 3237 1985 3287 Et
2009 3239 2143 3300 sine,
2182 3239 2359 3291 Turio.
2390 3240 2493 3291 Sed

1480 3302 1584 3368 siiaee
1602 3314 1988 3385 respondendis,
2013 3317 2155 3368 Jens.
2179 3321 2199 3381 (
2211 3317 2280 3370 de
2294 3321 2489 3372 omisso

1486 3395 1542 3447 in
1557 3409 1658 3447 tac.
1686 3393 2046 3465 Ges‘n.)Tarv.
2063 3396 2292 3462 Fuerint,
2314 3398 2487 3450 Guelf.

1553 3475 1606 3527 3.
1639 3472 1921 3525 Facilius...
1962 3486 2010 3526 et
2036 3475 2358 3545 transfertur.
2388 3480 2429 3528 F
2432 3496 2492 3529 a·-

1482 3551 1582 3606 cile
1608 3555 1776 3618 enim,
1799 3552 1925 3604 dum
1946 3556 2139 3624 scripta
2164 3553 2381 3625 relegis,
2405 3576 2492 3608 oo-

1479 3635 1789 3702 gitationem
1827 3635 1999 3685 minus
2029 3632 2274 3685 idoneam
2298 3637 2492 3705 agnos-

1481 3729 1571 3765 cas
1587 3724 1639 3763 et
1654 3710 1830 3762 deleas
1843 3748 1860 3774 ‚
1889 3725 1981 3762 aut
1998 3715 2051 3764 in
2078 3711 2489 3767 commodiorem

1482 3789 1660 3841 locum
1685 3789 1984 3841 transferas.
2009 3819 2079 3829 -
2101 3788 2262 3840 Plane
2284 3807 2339 3843 se
2364 3790 2487 3843 dor-

1483 3871 1746 3921 mitavisse
1764 3868 1947 3920 iu·hoc
1971 3868 2121 3935 loco,
2144 3888 2300 3940 quem
2313 3872 2395 3923 'ita
2412 3892 2493 3925 ee-

1485 3952 1590 4022 pit,
1624 3951 1771 4021 quasi
1808 3947 2231 4019 de'‘cogitatione
2263 3948 2380 4001 stilo
2401 3956 2491 4022 ju-

1486 4026 1656 4080 vanda
1688 4026 1995 4098 loqueretur
2023 4028 2409 4096 Quintilianus,
2435 4034 2487 4083 iu

1485 4106 1798 4178 praefatione
1817 4105 2012 4157 fatetur
2026 4107 2141 4177 ipse
2157 4109 2454 4161 Buttmann.
2475 4134 2486 4161 ε

1489 4197 1611 4236 nam
1627 4183 1910 4236 ablativum
1927 4183 2046 4236 stilo
2063 4183 2293 4257 pendere
2308 4205 2336 4238 a
2353 4207 2491 4239 com-
