3200 5159
664 421 1318 493 INSTITUTIONIS
1350 422 1611 504 ORAT.
1651 422 1814 489 LIB.
1853 423 2014 504 XII,
2062 448 2159 490 ιο.
2340 427 2465 495 525
2519 495 2524 502 ,

353 545 519 641 doe,
554 569 621 621 et
649 546 1152 649 significantes,
1206 567 1276 620 et
1324 543 1632 646 quadam
1657 559 1674 590 ¹
1727 546 2143 646 eloquentia}
2185 548 2465 648 frugali·
2555 587 2560 594 ·

359 684 492 737 tate
530 685 924 756 contentOS,
953 691 1032 737 ac
1065 688 1342 760 semper
1368 687 1670 734 manum
1692 674 1719 706 ²
1755 661 1935 735 intra
1971 663 2264 761 pallium
2296 691 2465 737 con-2

354 779 652 852 tinentes
680 805 696 851 ε
731 806 896 851 nam
932 777 1133 878 quis³
1167 776 1292 849 erit
1324 775 1437 847 hic
1467 775 1780 847 Atticus?
1809 776 1909 848 Sit
1939 780 2221 876 Lysias:
2268 778 2460 851 huno

356 892 544 966 enim
562 891 595 957 4
622 895 1145 994 amplectuntur
1172 911 1513 967 amatores
1546 890 1741 979 istius
1775 891 2085 965 nominis
2116 891 2454 965 modum:

354 1034 500 1084 non
529 1008 783 1110 igitur⁵
809 1010 962 1113 jam
994 1035 1213 1109 usque
1242 1005 1331 1080 ad
1359 1008 1656 1081 Coccum
1686 1027 1755 1080 et
1777 1009 2207 1085 Andocidem
2233 1009 2462 1084 remit÷

432 1220 477 1254 1.
518 1205 591 1255 Et
610 1204 870 1277 quadorum
909 1207 984 1260 sie
1020 1204 1182 1258 Goth.
1221 1202 1356 1276 (tae.

352 1283 514 1337 Gesn.
518 1284 679 1356 )cutn
692 1287 845 1338 Voss.
867 1305 916 1339 2.
939 1285 1041 1339 Sed
1057 1304 1130 1358 q.,
1151 1284 1356 1357 reliqui.

353 1363 615 1417 Particula
629 1365 718 1418 sed
737 1364 912 1419 locum
937 1364 1024 1418 hic
1047 1385 1156 1418 non
1175 1364 1359 1432 habet,

351 1460 518 1512 quum
542 1461 610 1496 ne
633 1462 664 1495 a
687 1443 864 1497 lucido
890 1444 1101 1517 quidem
1122 1457 1175 1497 et
1197 1443 1358 1517 siqni-

346 1516 535 1591 ficanti
555 1541 797 1576 sermone
818 1537 963 1575 recte
987 1536 1254 1592 tamquam
1279 1522 1358 1574 di-

347 1618 498 1653 versa
524 1615 828 1654 secernatur
848 1600 1160 1674 eloquentie
1170 1600 1358 1674 fraqa-

351 1676 499 1742 litas,·
540 1679 658 1734 vide
693 1694 807 1734 not.
848 1698 1024 1751 super.
1066 1683 1221 1734 Nune
1263 1680 1356 1733 ubi

344 1760 456 1829 jam
496 1761 760 1831 praecessit
796 1762 990 1825 mnis,
1031 1759 1159 1811 ferri
1192 1759 1352 1832 plane

346 1854 461 1890 non
494 1850 673 1910 potest
708 1837 966 1910 particula
1007 1836 1348 1889 adversativa.

348 1918 516 1971 Unice
534 1937 713 1971 verum
732 1929 801 1985 et,
823 1936 930 1989 quo
950 1917 1249 1969 annectitur
1266 1915 1351 1985 id,

348 1996 495 2067 quod
513 2015 796 2069 praegressa
817 1998 914 2048 tria
926 1994 1071 2048 velut
1090 2014 1192 2046 una
1215 1997 1355 2065 cogi·

349 2077 548 2129 tatione
571 2076 955 2149 complectitur.
987 2076 1232 2128 Leviores
1256 2094 1352 2127 au·

347 2166 455 2207 tem
489 2170 734 2208 auctores
766 2158 915 2228 sequi
946 2169 1219 2227 poteram,
1258 2155 1351 2208 ubi

345 2235 428 2290 vel
461 2240 769 2308 conjectura
803 2255 956 2307 agere
988 2234 1190 2289 licitum
1219 2249 1347 2288 erat.

343 2315 635 2368 Meursium
655 2334 781 2367 vero
801 2314 1011 2390 (spicil.
1033 2315 1100 2368 ad
1118 2315 1347 2369 Theoer.

344 2413 399 2467 p.
439 2392 542 2464 84)
580 2409 970 2466 proponentem
1003 2391 1352 2466 siqnificantes

343 2491 438 2528 se..
454 2486 784 2538 .,contentos
808 2493 966 2527 nemo
991 2473 1187 2527 audiet.
1214 2474 1349 2527 vide

341 2554 548 2620 1X‚2‚
586 2554 687 2621 44,
713 2553 947 2607 dilucida
974 2564 1026 2606 et
1049 2557 1092 2608 si
1087 2551 1349 2630 ymfietms

341 2630 634 2704 descriptio.
653 2632 987 2705 Fraqilitate,
1005 2632 1180 2684 Guelf.
1199 2633 1351 2684 Inter

337 2709 598 2781 pallium,
624 2711 784 2764 Ciu».
816 2730 936 2763 cum
952 2712 1106 2764 Voss.
1139 2728 1182 2762 ι.
1209 2711 1347 2764 Am-

338 2786 636 2861 plectimur,
668 2790 831 2843 Goth.
855 2794 1012 2843 Voss.
1048 2810 1096 2844 2.
1134 2791 1224 2843 Ad
1257 2811 1346 2844 co-

341 2886 494 2934 cum,
529 2869 797 2922 Guelferb.
823 2869 996 2942 Kapp.
1029 2869 1116 2922 Ad
1138 2870 1311 2924 colum
1328 2908 1345 2937 ,

340 2948 481 3001 Flor.
495 2949 854 3015 Remittentur,
865 2947 1029 3001 Cur.
1046 2968 1168 3004 cum
1181 2947 1342 3003 Goth.

340 3026 495 3080 Voss.
523 3044 572 3079 α.

416 3120 466 3158 2.
504 3106 730 3157 Manum
769 3105 906 3156 intra
937 3103 1182 3176 pallium.
1211 3106 1347 3160 Vide

344 3182 414 3236 ad
435 3183 527 3236 lib.
553 3187 657 3252 xl,
686 3203 804 3257 cap.
827 3185 889 3251 3,
915 3182 960 3255 §.
997 3186 1111 3239 138.

412 3263 463 3315 3.
486 3264 607 3334 Quis
625 3266 723 3315 erit
741 3263 825 3317 hic
843 3264 1072 3318 Atticus?
1089 3266 1210 3317 Non
1225 3284 1345 3337 pro-

338 3361 534 3396 nomen
550 3343 662 3411 hic,
681 3344 777 3398 sed
790 3345 1097 3399 adverbium
1116 3347 1343 3418 accipio,

342 3424 415 3475 ita
439 3422 809 3494 explicandum
833 3448 855 3472 ι
874 3424 987 3477 haec
1007 3426 1051 3478 si
1071 3427 1143 3477 ita
1166 3427 1294 3488 sint;
1313 3448 1336 3473 ιι

343 3515 403 3554 ut
424 3503 477 3558 in
503 3502 592 3554 illo
620 3504 721 3555 Hic
747 3506 1023 3572 miramur,
1056 3504 1201 3578 apud
1231 3507 1340 3559 Q'c.

339 3582 521 3635 Manil.
553 3582 643 3649 13,
668 3597 719 3635 et
741 3584 867 3637 alibi
891 3586 1098 3656 saepius.

408 3664 460 3731 4.
481 3664 647 3718 Hunc
667 3666 866 3717 enim...
888 3664 1122 3720 modum.
1151 3687 1174 3712 οι
1193 3666 1341 3717 Men·

343 3766 367 3791 ιι
386 3764 562 3798 suram
588 3747 760 3799 omnis
784 3750 926 3818 ejus,
948 3745 1095 3819 quod
1107 3747 1340 3799 Atticum

341 3845 366 3872 α
383 3828 562 3878 vocari
606 3825 801 3879 debeat
816 3865 832 3894 ,
884 3828 1031 3878 aiunt
1078 3843 1192 3877 esse
1238 3825 1341 3898 Ly-

340 3924 367 3950 ιι
387 3905 534 3958 siam.
552 3928 575 3952 υ
598 3905 882 3958 Gesnerus.
902 3906 1095 3958 Recte:
1119 3917 1177 3955 ut
1195 3923 1342 3956 ama·

339 3991 469 4035 tores
489 3985 736 4055 respiciat
760 3984 967 4056 Lysiam
984 4022 1002 4050 ‚
1035 3995 1087 4034 et
1117 3982 1343 4034 nominis

332 4058 566 4133 ¹pendeat
581 4080 611 4114 a
625 4064 840 4116 nomine
856 4063 1065 4115 modum
1085 4085 1102 4115 .-
1122 4061 1342 4114 verbum

334 4151 516 4198 nutem
537 4140 930 4216 amplectuntur
959 4154 1011 4193 et
1040 4139 1110 4193 ad
1134 4140 1342 4211 Lysiam

1439 1216 1491 1256 et
1534 1204 1603 1257 ad
1648 1202 1865 1257 modum
1909 1204 2208 1258 referatur:
2256 1228 2278 1252 α
2300 1205 2456 1258 Hune

1443 1296 1758 1356 «tamquam
1801 1281 2019 1335 modum
2058 1296 2111 1336 et
2147 1299 2454 1336 mensuram

1443 1364 1656 1416 «atticae
1680 1364 1935 1415 orationis
1960 1374 2341 1415 venerantur.-

1510 1437 1560 1491 5.
1590 1440 1713 1492 Non
1743 1441 2032 1515 {yiturjam
2059 1458 2217 1512 usque
2235 1439 2306 1492 ad
2333 1440 2454 1493 Coc·

1438 1536 1577 1570 cum.
1623 1520 1908 1585 ⁴·,Coccus
1940 1517 2303 1585 Atheniensis,
2340 1520 2453 1572 lso·

1442 1599 1644 1650 «cratis
1682 1598 2002 1670 discipulus,
2040 1608 2172 1651 teste
2208 1597 2411 1651 Suida
2396 1616 2452 1651 tn

1442 1698 1532 1731 ov.
1572 1677 1678 1731 Sed
1713 1677 2072 1746 Quintilianus
2098 1696 2219 1731 eum
2241 1677 2453 1734 videtur

1439 1781 1462 1807 α
1482 1761 1837 1832 antiquiorem
1866 1772 2096 1813 statuere
2131 1778 2240 1811 non
2276 1758 2450 1812 solum

1438 1842 1746 1905 «Isocrate,
1794 1839 1890 1892 sed
1932 1841 2088 1892 etiam
2120 1840 2292 1912 Lysia.
2335 1842 2452 1893 Nisi

1439 1940 1462 1964 α
1481 1919 1620 1972 forte
1634 1919 1813 1971 locum
1829 1917 2218 1976 subobscurum
2234 1916 2302 1970 de
2320 1919 2452 1971 Coc-

1439 2018 1462 2044 «
1482 1999 1530 2049 ci
1555 2009 1609 2049 et
1634 1996 1925 2049 Andocidis
1950 2010 2262 2068 contemptu
2290 1999 2449 2050 inter·

1437 2079 1677 2149 «pretari
1722 2076 1949 2130 malis.»
1998 2075 2345 2134 Ruhnkenius
2390 2078 2446 2129 in

1430 2158 1562 2209 nist.
1584 2157 1756 2210 Oratt.
1780 2156 1870 2208 Gr.
1897 2176 1951 2228 p.
1977 2156 2063 2222 64.
2088 2155 2284 2208 Similia
2303 2155 2449 2228 Spal-

1429 2236 1710 2308 dinginsin
1730 2235 1968 2302 schedis,
1990 2234 2292 2288 Ruhnkenii
2307 2234 2444 2288 libro

1430 2317 1698 2371 nondum
1684 2330 1946 2390 inspecto.
1973 2316 2075 2369 Sed
2091 2316 2260 2381 idem,
2279 2334 2445 2387 quum

1428 2417 1551 2451 mox
1575 2398 1830 2463 Pericles,
1853 2397 1955 2450 illis
1980 2399 2136 2450 etiam
2161 2398 2444 2465 vetustior,

1425 2479 1562 2531 inter
1586 2477 1886 2531 indubitate
1923 2478 2128 2529 Atticos
2164 2494 2443 2529 recensea-

1427 2568 1538 2623 tur,
1577 2555 1737 2621 vidit,
1784 2556 1853 2609 de
1889 2567 2041 2609 aetate
2077 2554 2167 2607 hie
2204 2574 2313 2607 non
2337 2557 2440 2626 agi.

1425 2636 1689 2689 Nimirum
1720 2635 1779 2687 C.
1831 2647 1883 2687 et
1929 2635 1991 2686 A.
2035 2633 2124 2686 hic
2165 2645 2445 2706 ponuntur

1425 2727 1697 2786 tamquam
1726 2715 1942 2766 extremi
1971 2715 2241 2767 tenuitatis
2278 2713 2439 2782 fines,

1424 2793 1497 2844 ad
1515 2811 1645 2866 quos
1671 2805 1848 2844 tamen
1876 2791 2006 2844 nihil
2037 2792 2293 2864 impediat
2330 2811 2446 2865 quo,

1425 2872 1598 2923 minus
1642 2872 1996 2938 mittamur,
2039 2873 2080 2922 si
2124 2872 2443 2924 Demosthe—

1425 2967 1546 3001 nem
1560 2950 1673 3018 jam
1698 2961 1750 3002 et
1772 2951 2057 3008 Isocratem
2081 2948 2440 3021 relinquentes

1425 3027 1494 3080 ad
1508 3029 1716 3101 Lysiam
1730 3047 1829 3081 nos
1845 3028 2241 3083 contulerimus.
2254 3032 2397 3084 Non.
2408 3069 2441 3085 ..

1426 3109 1780 3161 mittemur?
1815 3109 1870 3160 id
1903 3122 2015 3174 est,
2054 3128 2164 3161 non
2193 3110 2440 3163 manifes-

1426 3199 1539 3239 tum
1568 3200 1676 3254 est,
1713 3206 1841 3253 nos,
1880 3187 2095 3260 quando
2137 3188 2299 3260 Lysiae
2339 3206 2442 3252 nos

1422 3267 1865 3340 applicuerimus,
1907 3268 1975 3321 ad
2008 3271 2068 3322 C.
2111 3271 2268 3321 etiam
2297 3282 2351 3321 et
2375 3269 2437 3322 A.

1420 3353 1697 3404 remissum
1724 3349 1827 3401 iri?
1860 3350 1935 3402 Ita
1960 3351 2171 3402 minime
2199 3366 2347 3420 opus,
2362 3362 2439 3402 est

1420 3429 1744 3482 Gesneriana
1782 3427 2112 3480 correctione
2162 3428 2327 3481 Num.
2379 3429 2440 3478 ln

1422 3526 1570 3579 seqq.
1591 3510 1705 3578 jam
1725 3505 1832 3558 hoc
1857 3507 1963 3576 agit
1984 3507 2199 3574 Quint...
2224 3519 2282 3558 nt
2303 3523 2439 3578 quos

1420 3587 1496 3642 illi
1532 3590 1671 3640 inter
1714 3605 1836 3639 vere
1878 3588 2084 3638 Atticos
2125 3584 2440 3652 admittant,

1422 3666 1648 3718 multum
1691 3679 1867 3720 tamen
1899 3667 2036 3717 inter
2068 3683 2124 3716 se
2152 3676 2205 3717 et
2229 3683 2255 3716 a
2285 3665 2440 3737 Lysia

1421 3743 1690 3810 diversos,
1726 3744 1832 3795 imo
1869 3743 2153 3815 plerosque
2191 3744 2349 3814 copia
2377 3754 2440 3794 ,et

1421 3823 1600 3893 figuris
1643 3822 1710 3874 ad
1748 3825 1985 3875 asianum
2023 3840 2192 3892 genus
2225 3838 2438 3891 vergere

1423 3899 1746 3955 demonstret
1760 3920 1774 3960 ς
1792 3919 1930 3972 quos
1946 3899 2020 3951 illi
2037 3912 2307 3970 respuant,
2321 3899 2438 3950 fon·

1423 3995 1503 4036 tes
1532 3995 1707 4036 tamen
1735 3983 1903 4043 atticoe
1927 3980 2242 4051 eloquentiae
2273 3979 2437 4032 fuisse

1422 4075 1656 4116 moneat.
1693 4062 1775 4113 De
1807 4058 2025 4131 singulis
2057 4072 2235 4111 autem
2268 4059 2434 4129 inspi-

1424 4139 1672 4196 ciendum
1689 4157 1805 4194 esse
1830 4137 2072 4194 eumdem
2097 4137 2245 4192 illum
2259 4135 2437 4204 Ruhnf
