3200 5159
703 450 1359 521 INSTITUTIONIS
1395 452 1652 519 ORAT.
1693 456 1856 522 LIB.
1894 458 2053 538 XII,
2104 483 2158 524 ι.

2356 468 2483 553 4¹7

377 598 531 651 tum
550 636 570 670 ,
593 579 784 679 quod
801 637 820 670 ,
847 580 904 652 si
924 579 1026 652 vis
1046 579 1166 655 illa
1189 567 1465 652 dicendi
1485 577 1828 652 malitiam
1851 582 2279 681 instruxerit,
2307 587 2488 662 nihil

378 695 466 768 sit
493 695 793 795 publicis
834 697 1254 797 privatisque
1295 694 1506 768 rebus
1547 697 2008 795 perniciosius
2050 700 2486 802 eloquentia,

378 836 648 911 nosque
673 825 692 856 ¹
734 813 897 912 ipsi,
941 814 1063 911 qui
1106 841 1234 913 pro
1273 810 1452 883 virili
1494 833 1692 910 parte
1726 816 2042 887 conferre
2084 816 2350 915 aliquid
2396 821 2489 893 ad

379 926 783 1001 facultatem
830 928 1113 1003 dicendi
1159 927 1392 1002 conati
1430 953 1712 1019 sumus,
1755 931 2055 1030 pessime
2096 959 2492 1009 mereamur

382 1042 470 1115 de
506 1044 715 1118 rebus
738 1045 1101 1137 humanis,
1134 1045 1191 1119 si
1224 1040 1481 1117 latroni
1521 1060 2050 1144 comparamus-»²
2085 1048 2490 1144 haec-arma,

385 1245 440 1284 et
460 1249 690 1305 poenam.
718 1234 927 1289 Gradus
956 1249 1034 1289 est
1059 1235 1127 1289 ab
1163 1250 1275 1289 arte
1297 1254 1399 1288 no-

382 1327 539 1366 cente
555 1315 621 1367 ad
646 1329 891 1368 naturam
916 1334 1218 1369 novercam.
1248 1317 1396 1382 Jam,

382 1410 484 1465 pro
526 1390 619 1445 illo
661 1393 807 1467 quod
858 1394 1267 1467 exspectabatur
1309 1394 1399 1447 sed

384 1473 572 1538 etiam,
619 1491 812 1543 magno
851 1492 973 1526 cum
1011 1474 1212 1528 affectu
1234 1476 1398 1526 inter-

377 1553 508 1622 jecit
538 1574 551 1603 ε
595 1551 740 1621 Quid
763 1554 827 1606 de
856 1553 1005 1607 nobis
1028 1553 1247 1626 loquor?
1279 1553 1397 1606 Ele-

381 1643 568 1701 ganter
586 1643 765 1683 autem
782 1633 1085 1684 instruxerit
1101 1631 1301 1684 dictum
1317 1643 1398 1684 est

387 1713 539 1782 quasi
551 1711 859 1778 amaverit,
884 1712 975 1764 sed
993 1711 1158 1766 levius
1169 1752 1186 1781 ,
1206 1725 1266 1765 nt
1278 1731 1403 1783 pos—

388 1803 468 1842 set
506 1809 628 1842 mox
670 1793 942 1860 insurgere
976 1793 1146 1843 oratio
1182 1792 1244 1844 iis
1283 1810 1398 1863 quae

382 1873 950 1939 memorantur-armis.
990 1868 1163 1923 Habet
1185 1889 1310 1923 sane
1334 1871 1404 1924 Id

383 1952 614 2023 aliquam
630 1963 904 2004 structum
919 1949 1274 2017 insolentiam,
1292 1968 1397 2022 qua

381 2045 446 2086 ut
458 2032 757 2085 levarentur
767 2069 784 2097 ,
801 2028 1006 2101 aliquot
1026 2030 1398 2097 editoresbomi-

386 2124 596 2177 serunt,
632 2111 760 2164 satis
788 2108 971 2161 leviter
991 2107 1084 2161 illi.
1132 2108 1395 2181 Equidem

383 2210 685 2264 pronomen
731 2190 904 2246 refero
960 2188 1029 2241 ad
1074 2203 1399 2262 praeceptum

385 2270 549 2323 modo
573 2269 785 2337 datum,
821 2281 880 2320 ut
900 2268 983 2320 vir
1001 2267 1161 2322 bonus
1187 2270 1255 2320 sit
1279 2287 1401 2321 ora-

388 2364 475 2403 tor
494 2369 515 2415 ,
562 2369 659 2404 nec
696 2347 986 2421 quidquam
1025 2348 1261 2420 intelligo
1299 2351 1399 2402 nisi

387 2430 519 2485 illud
534 2432 709 2504 ipsum
724 2430 815 2490 sit,
832 2430 1216 2482 nominativum
1229 2446 1398 2499 agno·

375 2522 540 2565 ‘scens
563 2513 617 2563 in
639 2508 905 2562 vocabulo
928 2506 1023 2573 Id,
1047 2525 1157 2560 non
1182 2526 1399 2560 accusa-

387 2593 581 2655 tivum,
620 2589 773 2660 quasi
811 2585 1178 2641 subaudiendo
1210 2590 1398 2660 proeet‘-

381 2671 476 2743 pio
487 2708 505 2737 ‚
525 2669 668 2733 dico,
695 2685 809 2740 quoe
828 2666 1054 2720 fortasse
1074 2664 1262 2736 aliquis
1277 2684 1400 2738 pro-

389 2750 499 2802 bet.
524 2747 628 2802 Sed
652 2745 1036 2819 simplicissima
1054 2748 1188 2798 ratio
1209 2759 1316 2813 est,
1340 2761 1401 2799 ut

386 2831 464 2881 ita
510 2827 623 2880 haec
674 2824 959 2895 cogitando
1013 2826 1400 2878 continuaverit

384 2909 610 2962 Noster:
647 2929 670 2954 α
689 2908 769 2957 vir
794 2905 970 2957 bonus
990 2905 1054 2957 sit
1074 2917 1282 2970 orator,
1306 2906 1400 2957 sit-

328 2971 345 2984 ⁹
395 3009 419 3036 α
440 3006 543 3060 que
557 2986 613 3039 id
629 2984 706 3056 (id
722 2998 820 3050 est,
835 2982 976 3055 talia)
990 3001 1098 3034 non
1111 2996 1398 3055 propterea

397 3088 421 3115 α
442 3065 643 3130 solnm,
663 3061 757 3115 sed
777 3086 800 3110 ιο
816 3101 834 3129 ‚
851 3076 952 3114 etc.
969 3062 1399 3115 ——Buttmannus

391 3145 754 3219 Spaldingium
795 3145 851 3196 in
887 3142 970 3195 his
992 3141 1399 3212 interpretandis

357 3247 360 3251 ’
390 3224 703 3295 Quintiliani
740 3221 915 3275 verbis
951 3233 1212 3273 errantem
1245 3224 1401 3274 mira·

389 3317 506 3358 tur:
534 3303 733 3374 quippe
748 3301 999 3352 attentius
1011 3297 1126 3351 haec
1150 3298 1403 3369 relegenti

388 3397 538 3457 patet
562 3381 692 3434 nihil
706 3383 768 3432 iis
783 3399 898 3433 esse
922 3379 1069 3451 quod
1087 3397 1118 3431 a
1141 3394 1403 3433 consueta

390 3460 645 3536 loquendi
660 3461 827 3511 forma
842 3456 1076 3524 recedat,
1092 3476 1266 3530 neque
1282 3477 1403 3511 ana-

389 3539 678 3605 coluthon,
702 3536 796 3590 sed
817 3539 1173 3607 interruptum
1197 3549 1402 3588 tantum

391 3621 725 3693 aliquatenus
752 3635 869 3669 esse
894 3633 1209 3668 sermonem.
1235 3617 1404 3669 Nimi-

392 3718 512 3753 rum
539 3698 774 3767 legitimo
797 3696 955 3767 plane
985 3695 1198 3747 vinculo
1229 3695 1423 3778 coliae-l

391 3792 511 3831 rent
532 3776 647 3831 haec
670 3775 739 3827 Id
764 3792 871 3826 non
897 3791 958 3825 eo
987 3783 1251 3825 tantum...
1282 3792 1405 3825 cum

391 3858 497 3912 illis
521 3856 567 3929 §-
591 3858 653 3920 3,
690 3855 919 3927 Lonqius
942 3852 1109 3904 tendit
1139 3852 1238 3904 Ιιοσ
1249 3853 1403 3926 judi-

392 3936 535 3990 cium
559 3952 751 3986 meum.
778 3932 871 3985 Illa
895 3945 1098 3997 autem,
1132 3931 1322 4004 quibus
1349 3930 1408 3983 hi

396 4030 583 4070 sensus
615 4010 958 4077 distineatur,
1007 4009 1149 4080 Quid
1175 4009 1240 4062 de
1266 4010 1410 4063 nobis

398 4086 627 4166 loquor?
670 4091 859 4142 Rerum
894 4089 1003 4162 ipsa
1036 4103 1259 4155 natura,
1305 4104 1406 4143 etc.

396 4174 547 4247 prius
559 4168 704 4223 dicta
718 4171 1029 4224 continuant
1045 4169 1152 4223 hoc
1166 4170 1277 4228 fere
1298 4187 1412 4224 sen—

613 4258 666 4329 4.

1479 1251 1575 1286 su:
1608 1258 1632 1282 ι
1651 1237 1768 1291 Hoc
1808 1256 1919 1291 non
1947 1236 2068 1292 ideo
2098 1250 2303 1291 tantum
2341 1241 2496 1310 dico,

1483 1336 1508 1360 κ
1527 1316 1672 1387 quod
1709 1319 2008 1388 perniciosa
2034 1319 2162 1372 alias
2186 1318 2493 1374 hominibus

1483 1397 1595 1447 «ait
1637 1393 1971 1467 eloquentia,
2013 1415 2219 1468 nosque
2257 1402 2348 1469 qui
2378 1419 2495 1453 eam

1484 1496 1507 1520 κ
1526 1473 1814 1541 tradimuS,
1855 1477 2084 1546 pessime
2117 1476 2184 1529 de
2209 1477 2367 1531 rebus
2381 1479 2495 1531 ’hu-

1484 1574 1506 1599 κ
1527 1557 1696 1606 manis
1726 1573 2049 1618 mereamur;
2089 1557 2342 1629 quodque
2377 1563 2494 1632 ipsa

1484 1653 1506 1678 οι
1525 1645 1716 1693 natura
1730 1635 1785 1684 in
1805 1632 1950 1685 dono
1965 1637 2110 1688 vocis
2133 1655 2362 1691 noverca
2377 1639 2499 1691 fue-

1487 1734 1510 1759 «
1529 1713 1603 1763 rit
1627 1733 1640 1763 :
1677 1711 1888 1784 longius
1911 1714 2082 1767 tendit
2110 1714 2216 1768 hoc
2234 1717 2496 1787 judicium

1486 1815 1509 1839 κ
1529 1811 1706 1844 meum
1747 1815 1758 1843 :
1807 1811 1930 1845 nam
1984 1813 2052 1846 ne
2094 1814 2239 1869 posse
2280 1797 2492 1870 quidem

1485 1893 1509 1917 ι
1529 1885 1796 1924 oratorem
1808 1873 1922 1925 fleri
1934 1910 1952 1938 ,
1965 1875 2068 1926 nisi
2080 1877 2248 1927 virum
2259 1876 2368 1929 bon
2375 1898 2462 1930 um
2474 1917 2492 1944 ,

1483 1974 1506 1998 α
1525 1951 1814 2004 contende.
1843 1976 1865 2001 ιι
1893 1952 2128 2006 Videtur'
2154 1969 2331 2008 autem
2365 1958 2495 2010 But-

1477 2041 1697 2081 tmanno
1718 2029 2143 2084 subaudiendum
2172 2053 2286 2087 esse
2309 2035 2495 2088 solem·

1475 2127 1544 2161 ne
1557 2107 1729 2161 inhoc
1744 2128 1902 2163 sensu
1913 2110 2129 2163 verbum
2147 2112 2306 2175 valet‚·
2323 2134 2430 2186 quo
2449 2119 2494 2168 si

1476 2187 1757 2242 consilium
1781 2188 2001 2261 aliquod
2027 2189 2318 2258 indicatur,
2342 2198 2494 2266 sequi

1480 2284 1608 2322 sane
1623 2268 1785 2321 debet
1795 2279 1857 2322 ut
1864 2291 1884 2332 ;
1899 2268 1986 2322 hic
1999 2309 2016 2337 ,
2030 2269 2123 2322 ubi
2137 2288 2289 2325 causa
2304 2286 2357 2325 et
2370 2293 2493 2328 vera

1477 2366 1628 2400 mens
1669 2348 1989 2402 definitionis
2019 2348 2153 2402 datm
2181 2350 2353 2404 verbis
2390 2353 2495 2407 illis

1476 2426 1860 2494 introducitur,
1898 2426 2072 2484 solum
2098 2426 2352 2482 idoneum
2381 2446 2493 2485 erat

1476 2508 1636 2581 quod.
1668 2505 1762 2559 En.

1555 2604 1599 2640 ι.
1628 2588 1839 2660 Nosque
1867 2587 1995 2660 ἐρεῖς
2042 2590 2118 2641 sic
2140 2589 2317 2642 Turic.
2343 2589 2493 2645 Flor.

1479 2665 1611 2736 (nisi
1632 2667 1779 2740 quod
1793 2667 1850 2720 hi
1873 2671 1984 2740 ipsa
1999 2681 2052 2721 et
2067 2672 2322 2722 continuo
2338 2688 2455 2743 quoe
2475 2671 2499 2742 )

1477 2745 1660 2798 Ambr.
1691 2762 1749 2810 τι,
1786 2746 1962 2801 Guelf.
1989 2749 2114 2800 Exc.
2145 2748 2289 2800 Sant.
2324 2751 2491 2804 Cannu

1479 2843 1601 2876 cum
1624 2823 1785 2877 Goth.
1820 2827 1975 2879 Voss.
2004 2843 2024 2877 ι
2049 2864 2066 2892 ,
2092 2843 2150 2894 2,
2170 2826 2231 2894 3,
2258 2841 2312 2879 et
2340 2828 2492 2883 editt.

1477 2914 1602 2954 ante
1626 2901 1826 2976 Gryph.
1848 2903 1924 2954 Ex
1944 2903 2081 2957 Alm.
2109 2924 2202 2959 nos
2223 2926 2430 2981 quoque
2453 2910 2492 2963 ι’.

1478 2980 1689 3054 Reliqui
1711 2980 1800 3034 sed
1823 3000 1917 3036 nos
1945 3002 2154 3056 quoque
2175 2986 2213 3036 ι’.
2254 2987 2495 3057 Praepos-

1480 3072 1591 3111 tera
1626 3060 1859 3125 ratione,
1901 3078 2009 3131 qua
2042 3079 2198 3113 suum
2237 3063 2493 3117 damnum

1481 3141 1653 3209 majus
1686 3137 2006 3210 eloquentiae
2052 3142 2394 3196 incommodo
2429 3147 2498 3198 si-

1440 3263 1453 3269 -
1478 3216 1720 3286 gnificet,
1751 3229 1803 3268 et
1827 3236 1948 3269 mox
1978 3229 2155 3272 tamen
2186 3240 2216 3272 a
2254 3238 2348 3273 sua
2371 3242 2499 3294 per·-

1481 3313 1611 3348 sona
1627 3333 1645 3361 ,
1695 3315 1793 3368 per
1832 3294 2055 3366 figuram
2103 3298 2333 3370 aliquam
2375 3322 2494 3355 mo·

1479 3373 1687 3441 destiae,
1715 3373 1781 3425 ad
1803 3387 2045 3427 naturam
2069 3377 2239 3448 ipsam
2261 3380 2493 3434 recedat.

1479 3455 1655 3506 Nimia
1675 3452 1775 3506 sibi
1795 3453 1953 3520 licere
1977 3468 2122 3508 ratus
2141 3472 2247 3524 eat,
2272 3463 2363 3532 qui
2382 3460 2495 3514 haee

1484 3535 1730 3600 mutavit,
1774 3547 1832 3585 ut
1863 3534 1952 3586 sed
1971 3554 2179 3609 quoque
2209 3539 2503 3594 undeunde
2563 3559 2574 3564 ·

1483 3614 1812 3668 extunderet.
1852 3616 1912 3666 In
1947 3629 2148 3668 mutata
2185 3631 2363 3671 autem
2399 3639 2497 3687 ea,

1483 3712 1598 3767 quoe
1628 3692 1805 3748 adhuc
1840 3693 2070 3747 obtinuit
2106 3699 2402 3768 scriptura,
2439 3698 2500 3751 id

1483 3793 1701 3846 quoque
1725 3774 2046 3841 notandum,
2081 3776 2227 3848 quod
2248 3776 2394 3829 nulla
2420 3792 2502 3831 est

1482 3854 1757 3906 diversitas
1788 3872 1969 3906 earum
2001 3873 2208 3921 rerum,
2250 3873 2365 3928 quoe
2402 3877 2501 3930 per

1488 3951 1595 3984 non
1624 3942 1832 3984 tantum
1849 3945 1900 3984 et
1921 3932 2063 3986 sed...
2093 3952 2298 4006 quoque
2321 3954 2499 4009 oppo-

1487 4024 1689 4063 nuntur
1704 4012 1945 4063 invicem.
1969 4011 2074 4063 Pro
2090 4012 2191 4065 uili
2207 4011 2307 4065 uili
2319 4025 2500 4087 parte,

1486 4090 1665 4146 Turio.
1697 4089 1801 4140 Pro
1822 4087 1926 4140 uili
1947 4092 2053 4143 utri
2067 4109 2153 4162 p„
2178 4091 2316 4145 Flor-

1564 4187 1614 4222 2.
1642 4172 2041 4242 Compar-amun
2071 4172 2144 4225 aic
2168 4170 2344 4224 Turio.
2361 4172 2499 4230 Flor.

2151 4278 2215 4333 27
