3200 5159
657 413 1311 484 INSTITUTIONIS
1344 412 1605 494 ORAT.
1645 414 1807 480 LIB.
1847 415 2008 496 ΧΠ,
2055 439 2153 482 10.
2333 418 2459 486 525
2513 486 2518 494 .

346 536 513 632 dos,
547 561 613 612 et
641 537 1145 640 significanteS‚
1199 559 1269 610 et
1317 536 1667 636 quadam¹
1722 536 2137 637 eloquentiae
2179 540 2459 640 frugali·
2547 581 2554 610 ;

352 675 485 728 tate
523 676 916 746 contentos,
946 682 1025 728 ac
1058 680 1335 752 semper
1362 679 1664 725 manum
1686 666 1713 698 ²
1749 653 1928 726 intra
1964 654 2256 752 pallium
2289 682 2459 728 con-2

346 769 645 843 tinentes
673 797 688 842 ε
722 796 890 843 nam
925 767 1126 869 quis³
1160 767 1287 841 erit
1318 766 1431 838 hic
1462 766 1774 839 Atticus?
1803 767 1904 841 Sit
1933 771 2214 867 Lysias:
2259 768 2453 843 huno

348 883 537 958 enim
555 882 588 948 4
615 886 1139 985 amplectuntur
1166 902 1506 958 amatores
1540 881 1734 970 istius
1768 882 2079 956 nominis
2109 883 2447 956 modum:

346 1025 494 1074 non
522 999 776 1101 igitur⁵
802 1001 954 1104 jam
987 1027 1207 1101 usque
1235 997 1325 1072 ad
1353 999 1650 1072 Coccum
1680 1018 1749 1071 et
1771 1000 2201 1076 Andocidem
2226 1001 2455 1077 remit÷

425 1212 469 1246 ι.
510 1197 584 1247 Et
603 1196 862 1269 quadam5
902 1198 977 1252 sic
1013 1196 1176 1250 Goth.
1214 1194 1350 1268 (tae.

345 1274 532 1347 Gesn.)
551 1294 673 1328 eum
685 1279 838 1330 Voss.
860 1296 909 1330 2.
932 1276 1034 1330 Sed
1050 1295 1123 1349 q.,
1143 1276 1348 1348 reliqui.

345 1355 711 1409 Particulused
729 1354 904 1410 locum
930 1355 1016 1410 hic
1040 1376 1149 1409 non
1168 1355 1352 1423 habet,

344 1452 510 1504 quum
534 1453 602 1488 ne
626 1453 656 1487 a
680 1434 857 1488 lucido
883 1435 1094 1508 quidem
1114 1448 1168 1487 et
1189 1435 1350 1508 siqni-

338 1508 527 1583 ficanti
547 1532 790 1567 sermone
810 1528 956 1568 recte
980 1527 1247 1583 tamquam
1272 1513 1350 1565 di-

339 1609 490 1645 versa
517 1607 820 1645 secernatur
840 1591 1153 1666 eloquentioe
1163 1592 1352 1666 fiuqa·

344 1669 492 1734 Rus,-
533 1670 651 1724 vide
686 1685 800 1725 not.
841 1690 1018 1743 super.
1059 1674 1106 1725 N
1112 1691 1215 1724 unc
1256 1671 1349 1725 uhi

336 1751 449 1820 jam
487 1752 752 1823 praeeessit
790 1752 983 1817 tenuis,
1024 1751 1152 1803 ferri
1185 1750 1345 1823 plane

339 1845 453 1881 non
487 1841 666 1901 potest
700 1828 959 1901 particule
1001 1828 1342 1881 adversativa.

340 1908 507 1962 Unice
526 1927 706 1962 verum
724 1920 794 1976 et,
816 1928 923 1981 quo
944 1908 1242 1960 annectitur
1260 1907 1313 1960 id
1325 1947 1344 1975 ,

341 1987 487 2058 quod
503 2006 789 2060 praegressa
810 1990 907 2040 tria
919 1986 1067 2039 velut
1083 2005 1185 2038 una
1208 1989 1348 2057 cogi·

342 2068 540 2120 tatione
563 2068 949 2140 complectitur.
980 2068 1225 2119 Levior-es
1248 2085 1345 2119 au-

340 2157 447 2198 tem
483 2161 727 2200 auctores
758 2148 909 2220 sequi
939 2160 1212 2218 poteram,
1250 2146 1343 2199 ubi

338 2226 422 2280 vel
453 2231 762 2300 conjectura
796 2246 949 2298 agere
981 2226 1182 2280 licitum
1213 2240 1340 2280 erat.

336 2306 628 2359 Meursium
647 2326 774 2359 vero
794 2306 1003 2380 (spicil.
1025 2306 1092 2359 ad
1111 2306 1340 2360 Theocr-

337 2403 393 2457 p.
432 2383 535 2456 84)
572 2400 963 2457 proponentem
996 2382 1345 2457 siqmflcantes

336 2482 432 2518 se..
447 2503 460 2516 .
484 2477 777 2529 contentos,
802 2484 960 2518 nemo
985 2464 1180 2518 audiet.
1205 2465 1341 2518 Vide

334 2545 408 2598 lx
426 2582 443 2611 ‚
476 2562 505 2597 2
523 2582 540 2609 ‚
578 2545 680 2612 44,
706 2543 941 2598 dilucida
966 2556 1019 2597 et
1040 2542 1341 2620 significans

334 2620 627 2695 descriptio.
646 2623 845 2697 Fraqih·
848 2633 950 2674 tate
963 2661 980 2688 ‚
998 2622 1173 2675 Guelf.
1192 2624 1344 2676 Inter

330 2700 591 2773 pallium,
616 2702 779 2755 Cum.
808 2720 930 2754 cum
945 2703 1099 2755 Voss.
1131 2719 1174 2753 1.
1202 2702 1339 2755 Am-

331 2778 628 2853 plectimur,
661 2782 824 2836 Goth.
850 2787 1004 2835 Voss.
1041 2801 1090 2836 2.
1127 2783 1217 2835 Ad
1249 2802 1340 2836 eo-

334 2878 454 2912 eum
468 2899 487 2926 ,
522 2861 790 2915 Guelferb.
816 2862 989 2934 Kapp.
1022 2862 1109 2914 Aa
1131 2862 1304 2915 colum
1321 2900 1338 2929 ‚

333 2939 472 2992 Plor.
487 2942 846 3008 Remittentur,
857 2940 1021 2994 Cute.
1038 2961 1162 2994 cum
1175 2941 1335 2996 Goth.

334 3018 489 3072 Voss.
517 3037 565 3071 α.

409 3112 459 3150 2.
496 3099 724 3150 Manum
762 3098 899 3150 intra
930 3096 1176 3169 pallium.
1203 3098 1340 3153 Vide

338 3175 406 3228 ad
429 3175 520 3228 lib.
545 3179 650 3244 xl,
679 3196 798 3250 cap.
820 3178 881 3244 3,
908 3175 953 3248 §.
989 3178 1104 3231 138.

406 3255 456 3307 3.
479 3256 600 3326 Quis
616 3258 716 3308 erit
732 3255 818 3309 hic
835 3256 1065 3310 Atticus?
1082 3258 1204 3309 Non
1218 3275 1338 3329 pro-

332 3352 527 3387 nomen
543 3335 655 3403 hic,
674 3336 768 3390 sed
782 3336 1089 3390 adverbium
1108 3339 1336 3409 accipio,

336 3415 408 3466 ita
433 3414 801 3485 explicandum
825 3440 847 3463 κ
866 3415 979 3469 haeo
999 3419 1042 3469 si
1064 3417 1135 3469 ita
1158 3420 1286 3478 sint;
1304 3440 1329 3464 n

336 3506 396 3545 ut
417 3494 471 3547 in
496 3493 585 3546 illo
614 3495 713 3547 Hic
739 3497 1015 3562 miramur,
1048 3494 1192 3569 apud
1223 3498 1333 3550 Cic.

332 3573 513 3626 Mauil.
546 3573 636 3640 13,
659 3587 712 3627 et
733 3575 859 3628 alibi
882 3578 1090 3648 sepius.

401 3657 453 3724 4.
474 3655 639 3709 Hunc
659 3657 858 3709 enim...
880 3656 1114 3712 modum.
1144 3678 1166 3703 οι
1185 3658 1333 3709 Men·

335 3757 359 3782 ιι
379 3754 554 3789 suram
581 3739 752 3790 omnis
776 3742 918 3810 ejus,
940 3736 1085 3810 quod
1101 3739 1332 3790 Atticum

333 3836 358 3863 α
375 3819 553 3870 vocari
599 3816 825 3885 debeat,
876 3820 1024 3871 aiunt
1069 3835 1184 3869 esse
1229 3817 1333 3890 Ly-

332 3915 358 3941 a·
379 3896 526 3949 siam.
544 3920 567 3944 n
590 3897 874 3950 Gesnerus.
894 3898 1087 3950 Recte:
1111 3908 1169 3947 ut
1187 3915 1334 3949 ama·

331 3983 460 4026 tores
480 3977 728 4047 respiciet
752 3976 959 4048 Lysiam
976 4013 993 4042 ‚
1026 3987 1078 4026 et
1109 3974 1336 4027 nominis

327 4051 560 4125 pendeat
573 4072 603 4106 a
616 4057 832 4108 nomine
848 4055 1057 4107 modum
1077 4078 1092 4108 .·
1115 4053 1335 4107 verbum

328 4143 508 4190 nutem
529 4132 922 4208 amplectuntur
951 4147 1005 4186 et
1032 4132 1101 4186 ad
1125 4133 1334 4204 lysiam

1432 1207 1485 1248 et
1527 1194 1595 1247 ad
1642 1193 1859 1247 modum
1903 1195 2202 1249 referatur:
2250 1219 2272 1243 κ
2293 1196 2449 1250 Hunc

1437 1295 1460 1319 ι
1483 1288 1752 1347 tamquam
1795 1272 2011 1326 modum
2051 1287 2105 1327 et
2141 1291 2448 1328 mensuram

1436 1376 1459 1400 ι
1479 1355 1650 1407 atticae
1674 1354 1929 1406 orationis
1952 1365 2288 1406 venerantur.
2312 1378 2335 1402 ι

1503 1430 1554 1485 5.
1584 1431 1708 1483 Nou
1736 1431 2026 1506 igitur-jam
2053 1449 2211 1504 usque
2229 1431 2300 1482 ad
2327 1432 2447 1484 Coc·

1431 1528 1571 1562 cum.
1617 1531 1640 1556 n
1661 1511 1902 1576 Coccus,
1934 1509 2297 1576 Atheniensis,
2334 1511 2447 1563 Iso·

1435 1612 1457 1636 «
1479 1592 1638 1642 cratis
1674 1588 1996 1662 discipulus,
2034 1599 2166 1642 teste
2202 1588 2360 1642 Suida
2390 1590 2446 1642 in

1434 1691 1457 1715 α
1476 1689 1525 1721 v.
1565 1668 1671 1722 Sed
1706 1668 2066 1738 Quintilianus
2092 1687 2213 1722 eum
2236 1667 2447 1724 videtur

1432 1773 1455 1797 ιι
1476 1753 1830 1823 antiquiorem
1859 1764 2089 1803 statuere
2124 1769 2234 1802 non
2269 1750 2444 1804 solum

1432 1834 1740 1898 «Isocrate,
1787 1831 1883 1884 sed
1925 1834 2082 1883 etiam
2114 1831 2286 1904 Lysia.
2329 1832 2446 1884 Nisi

1432 1931 1454 1956 α
1474 1911 1613 1963 forte
1628 1910 1807 1963 locum
1823 1909 2213 1968 subobscurum
2228 1908 2296 1961 de
2314 1910 2446 1962 Coee

1432 2010 1455 2036 α
1475 1990 1524 2040 ci
1547 2002 1602 2040 et
1628 1987 1919 2041 Andocidis
1942 2002 2256 2059 contemptu
2283 1990 2444 2042 inter—

1430 2090 1453 2115 ·
1474 2071 1671 2140 pretari
1716 2068 1886 2122 malis.
1918 2093 1941 2117 ι
1991 2066 2339 2122 Ruhnkenius
2384 2069 2440 2122 iu

1424 2149 1556 2201 nist.
1577 2149 1750 2202 Oratt.
1773 2148 1863 2200 Gr.
1890 2168 1945 2220 p.
1970 2147 2057 2214 64.
2081 2146 2278 2200 Similia
2297 2147 2443 2219 Spal-

1422 2228 1634 2300 ding-ius
1647 2231 1704 2282 in
1724 2226 1933 2280 schedis
1944 2266 1962 2294 ‚
1984 2225 2286 2279 Ruhnkenii
2301 2226 2438 2280 libro

1422 2308 1660 2362 nondum
1677 2311 1939 2381 inspecto.
1966 2306 2254 2371 sedidem,
2273 2325 2438 2378 quum

1420 2408 1545 2442 mox
1568 2390 1824 2454 Pericles,
1848 2389 1949 2441 illis
1973 2391 2131 2440 etiam
2157 2390 2438 2457 vetustior,

1417 2470 1554 2522 inter
1580 2468 1879 2522 indubitate
1915 2470 2122 2520 Atticos
2158 2485 2439 2521 recensea-

1419 2560 1532 2614 tur,
1569 2547 1730 2613 vidit,
1778 2546 1846 2599 de
1883 2559 2035 2600 aetate
2072 2545 2161 2598 hie
2197 2564 2308 2599 non
2330 2548 2434 2617 effi.

1418 2627 1682 2680 Nimirum
1713 2626 1773 2678 C.
1823 2639 1876 2679 et
1921 2626 1984 2678 A.
2028 2624 2118 2677 hic
2157 2637 2439 2697 ponuntur

1419 2718 1688 2778 tamquam
1719 2706 1935 2758 extremi
1964 2706 2234 2758 tenuitatis
2272 2704 2433 2773 fines,

1417 2785 1490 2837 ad
1508 2803 1638 2858 quos
1665 2797 1839 2837 tumen
1867 2782 1998 2836 nihil
2031 2783 2284 2855 impediat
2324 2803 2439 2856 quo,

1418 2865 1592 2916 minus
1635 2864 1989 2930 mittamur,
2032 2865 2075 2915 si
2117 2862 2437 2915 Demosthe-

1420 2960 1539 2994 nem
1553 2943 1666 3011 jam
1691 2953 1744 2993 et
1765 2943 2050 3000 Isocratem
2073 2940 2434 3012 relinquentes

1418 3020 1487 3073 ad
1501 3021 1709 3094 Lysiam
1723 3039 1822 3075 nos
1838 3020 2234 3075 contulerimus.
2247 3023 2390 3076 Non.
2401 3059 2435 3076 ..

1419 3102 1773 3153 mittemur?
1807 3100 1862 3153 id
1896 3113 2009 3167 est,
2047 3120 2156 3153 non
2187 3102 2434 3155 manifes-

1419 3191 1531 3231 tum
1560 3191 1669 3245 est,
1707 3196 1834 3244 nos,
1872 3179 2088 3250 quando
2130 3180 2302 3252 Lysiae
2334 3198 2436 3244 nos

1415 3259 1858 3332 applicuerimus,
1900 3258 1968 3311 ad
2001 3262 2061 3313 C.
2105 3263 2262 3312 etiam
2290 3273 2345 3313 et
2369 3260 2430 3314 A.

1412 3343 1691 3394 remissum
1716 3341 1779 3391 iri
1796 3340 1820 3389 ‘t’
1851 3340 1928 3393 lta
1953 3342 2164 3392 minime
2193 3358 2340 3412 opus,
2355 3354 2433 3392 est

1413 3420 1738 3472 Gesner-iana
1775 3419 2105 3471 correctione
2155 3420 2321 3472 Num.
2373 3420 2433 3469 In

1414 3517 1562 3570 seqq.
1584 3501 1698 3570 jam
1718 3496 1826 3550 hoc
1851 3498 1957 3568 agit
1977 3497 2192 3565 Quint...
2217 3510 2276 3549 nt
2297 3514 2433 3569 quos

1413 3578 1489 3632 illi
1523 3581 1663 3631 inter
1706 3596 1829 3629 vere
1870 3579 2077 3629 Atticos
2118 3575 2433 3644 admittant,

1414 3657 1641 3709 multum
1684 3669 1859 3710 tamen
1892 3658 2029 3709 inter
2060 3673 2116 3707 se
2144 3668 2200 3709 et
2221 3675 2248 3708 a
2278 3657 2433 3729 Lysi:

1414 3734 1682 3801 diversos,
1720 3736 1825 3788 imo
1863 3734 2146 3807 plerosque
2184 3736 2342 3806 copia
2371 3746 2432 3787 ‚et

1414 3815 1592 3885 figuris
1636 3812 1703 3866 ad
1741 3817 1978 3867 asianum
2016 3832 2186 3882 genus
2217 3831 2432 3884 vergere

1415 3892 1739 3948 demonstret
1753 3912 1767 3953 3
1785 3911 1922 3963 quos
1939 3891 2013 3944 illi
2029 3905 2301 3963 respuant,
2315 3891 2432 3943 fon·

1416 3987 1495 4028 tes
1524 3988 1701 4028 tamen
1728 3975 1896 4036 atticae
1919 3972 2235 4043 eloquentia·
2266 3972 2428 4023 fuisse

1414 4067 1648 4108 moneat.
1687 4054 1767 4104 De
1799 4050 2018 4123 singulis
2050 4065 2228 4104 autem
2261 4052 2427 4122 inspi-

1415 4131 1664 4188 ciendum
1682 4149 1798 4185 esse
1823 4129 2065 4183 eumdem
2090 4129 2238 4184 illum
2252 4127 2429 4198 Ruhuff
