3200 5159
728 427 856 512 436

1294 425 1390 491 M.
1431 425 1661 490 FABII
1696 424 2257 509 QUINTlLIANI
2337 503 2342 514 ¹

728 552 887 624 dico
913 608 933 643 ‚
984 551 1155 652 quia
1195 552 1562 626 severiores
1611 552 1806 652 sequi
1857 553 2080 653 placet
2128 554 2359 655 leges,
2406 582 2534 655 pro
2585 576 2778 655 patre
2805 611 2827 646 ‚

726 668 980 760 fratre,
1029 669 1254 741 amico
1298 668 1899 768 periclitantibus3
1947 671 2218 744 tametsi
2267 699 2412 744 non
2460 671 2834 744 mediocris

727 781 1064 855 haesitatio
1094 804 1226 873 est,
1252 782 1417 854 hinc
1433 786 1724 883 justitia>
1752 784 2101 883 proposita
2130 786 2471 886 imagine,
2500 787 2664 859 inde
2680 792 2834 887 pie-

732 904 907 972 tatis.
939 899 1135 971 Nihil
1159 899 1353 972 dubii
1379 899 1900 997 relinquamus:
1933 900 2019 973 sit
2048 900 2295 1002 aliquis
2320 903 2684 976 insidiatus
2715 924 2829 1002 ty-

732 1042 986 1107 ranno,
1012 1036 1217 1115 atque
1243 1016 1336 1087 ob
1362 1016 1433 1088 id
1458 1042 1652 1106 reus;
1694 1037 2027 1089 utrumne
2049 1033 2067 1063 ¹
2098 1018 2370 1094 salvum
2400 1046 2567 1093 eum
2594 1034 2618 1064 ²
2638 1018 2833 1092 nolet

731 1128 830 1220 is,
880 1130 1001 1231 qui
1036 1159 1077 1202 a
1106 1130 1308 1204 nobis
1347 1132 1632 1221 finitur,
1680 1130 1954 1205 orator?
1998 1160 2090 1205 an
2116 1191 2135 1224 ,
2184 1134 2238 1206 si
2277 1134 2624 1207 tuendum
2673 1159 2831 1206 sus-

733 1245 994 1345 ceperit
1018 1302 1038 1336 ,
1095 1272 1240 1319 non
1297 1268 1440 1319 tam
1489 1246 1682 1320 falsis
1730 1246 2066 1320 defendet
2095 1306 2115 1340 ‚
2175 1276 2395 1349 quam
2454 1249 2579 1348 qui
2640 1248 2834 1349 apud

623 1379 687 1448 41
721 1362 1000 1464 judices
1024 1362 1288 1434 malam
1315 1390 1601 1437 causam
1627 1365 1899 1436 tuetur?
1929 1364 2128 1456 Quid
2156 1366 2214 1438 si
2238 1365 2267 1412 ³
2290 1365 2617 1466 quaedam
2649 1365 2833 1439 bene

730 1478 909 1550 facta
942 1476 1403 1552 damnaturus
1428 1500 1525 1551 est
1543 1478 1798 1580 judex‚·
1828 1479 1962 1552 nisi
1997 1507 2078 1553 ea
2116 1508 2259 1554 non
2287 1507 2432 1555 esse
2466 1484 2647 1556 facta
2675 1508 2838 1554 con·

732 1591 1098 1664 vicerimus
1121 1624 1139 1682 3
1171 1618 1315 1665 non
1340 1592 1446 1665 vel
1476 1591 1609 1664 hoc
1634 1593 1849 1666 modo
1877 1594 2174 1666 servabit
2210 1615 2435 1667 orator
2456 1622 2600 1668 non
2632 1594 2839 1668 inno-

735 1726 1010 1779 centem
1052 1705 1301 1796 modo‚
1348 1705 1473 1779 sed
1515 1705 1723 1779 etiam
1762 1706 2195 1780 laudabilem
2238 1707 2504 1783 civem?
2535 1708 2732 1800 Quid
2779 1709 2837 1781 si

735 1822 1063 1922 quaedam
1089 1822 1280 1925 justa
1326 1842 1610 1913 natura,
1658 1821 1778 1894 sed
1824 1822 2222 1896 conditione
2270 1844 2674 1923 temporum
2727 1822 2840 1896 in-

739 1936 935 2009 utilia
957 1936 1212 2009 civitati
1231 1934 1532 2008 sciemus
1545 1966 1564 2026 ;
1590 1962 1831 2009 nonne
1855 1955 2142 2009 utemur
2161 1957 2302 2010 arte
2328 1936 2630 2028 dicendi,
2652 1938 2841 2011 bona

630 2069 698 2137 42
740 2055 1063 2156 quidem,
1102 2052 1224 2127 sed
1257 2052 1460 2127 malis
1491 2053 1758 2127 artibus
1794 2053 2056 2128 simili?
2090 2052 2200 2127 Ad
2241 2053 2426 2127 hoc4
2458 2081 2670 2128 nemo
2709 2054 2841 2128 du-

740 2244 884 2318 oequt’
914 2243 1097 2317 placet
1136 2242 1270 2317 leyes
1288 2283 1308 2310 ,
1349 2244 1569 2297 seorsim
1607 2242 1750 2295 dicta

742 2337 795 2376 e't
832 2337 1200 2396 praeoccupata
1238 2322 1315 2376 ibi
1356 2326 1750 2390 existimentur,

745 2422 910 2474 quum
935 2422 1059 2455 vere
1084 2422 1272 2456 eorum
1303 2403 1372 2456 ad
1394 2421 1635 2456 normam
1666 2402 1752 2453 lo-

742 2486 885 2554 gices
916 2481 1066 2535 sedes
1094 2486 1162 2535 sit
1198 2496 1323 2555 post
1354 2482 1574 2536 verbum
1607 2482 1752 2553 peri-

743 2561 1061 2615 ditantibus.
1084 2563 1273 2615 Omnia
1299 2575 1476 2614 autem
1499 2561 1751 2634 pleniori·-

742 2641 843 2692 bus
856 2640 1027 2691 verbis
1044 2642 1118 2692 sic
1134 2659 1247 2692 esse
1263 2638 1598 2712 explicanda:
1623 2640 1753 2690 ·Ne-

750 2744 774 2767 «ι
795 2737 899 2792 que
918 2716 1023 2770 hoc
1036 2720 1112 2770 ita
1125 2717 1266 2784 dico,
1282 2720 1433 2789 quasi
1456 2736 1556 2789 pro
1578 2731 1750 2789 patre,

753 2821 775 2845 a·
794 2798 956 2849 fratre
971 2833 989 2862 ,
1023 2798 1193 2848 amico
1217 2794 1637 2868 periclitantibus
1663 2814 1751 2847 re-

750 2902 774 2926 «
793 2895 1022 2948 veraque
1057 2878 1228 2929 noxiis
1261 2889 1446 2929 contra
1477 2878 1753 2929 veritatem

752 2981 776 3006 ιι
798 2971 851 3011 et
879 2957 1138 3027 justitiam
1166 2953 1342 3008 dicere
1369 2954 1528 3007 liceat
1553 2976 1565 3005 ι
1602 2972 1754 3007 seve-

753 3059 777 3084 «
797 3037 988 3088 riorem
1014 3036 1155 3086 enim
1177 3036 1231 3085 in
1258 3032 1448 3086 talibus
1471 3027 1645 3105 legem
1672 3052 1754 3086 se·

753 3140 777 3164 α
800 3112 1057 3188 qui-mihi
1091 3115 1248 3166 etiam
1285 3113 1462 3185 placet
1492 3136 1503 3165 :
1546 3115 1755 3166 tametsi

755 3219 779 3244 α
799 3215 909 3248 non
932 3192 1212 3246 mediocris
1234 3192 1494 3247 haesitatio
1519 3195 1585 3246 sit
1600 3232 1619 3262 ‚
1640 3196 1756 3268 ipsa

756 3299 780 3324 ι
798 3275 995 3348 pietate
1023 3286 1209 3324 contra
1229 3274 1487 3343 justitiam
1515 3274 1752 3325 nitente:

756 3378 781 3403 κ
799 3367 860 3406 ut
874 3351 1042 3424 ,facile
1065 3353 1290 3405 fortasse
1310 3355 1376 3404 sit
1395 3354 1452 3404 in
1473 3350 1578 3404 hoc
1598 3354 1756 3405 etiam

755 3458 778 3483 οι
797 3452 995 3506 genere
1018 3450 1233 3484 causam
1257 3432 1478 3502 fingere,
1508 3451 1623 3504 quae
1644 3430 1757 3504 ple-

757 3538 781 3563 «
799 3517 974 3587 risque
990 3512 1058 3565 ad
1073 3511 1484 3564 demonstranda
1503 3510 1591 3563 illa
1614 3514 1758 3564 satis-

756 3618 780 3644 «
798 3596 975 3647 faciat.
1013 3591 1118 3646 Sed
1155 3609 1420 3664 ponamus
1456 3590 1757 3663 exemplum

756 3697 780 3721 α
801 3687 945 3726 extra
969 3689 1180 3723 omnem
1204 3669 1549 3722 dubitationis
1573 3688 1758 3722 ansam

758 3775 782 3800 ιι
800 3752 1051 3825 positum.
1075 3773 1097 3796 ι
1130 3750 1260 3801 Esse
1293 3762 1467 3801 autem
1495 3747 1636 3800 banc
1663 3768 1757 3802 ve-

750 3852 867 3884 ram
881 3832 1261 3884 sententiarum
1276 3831 1460 3882 seriem
1471 3869 1488 3897 ‚
1504 3827 1634 3880 mihi
1649 3831 1760 3900 qui-

751 3912 873 3984 dem
897 3912 1055 3983 plane
1083 3910 1412 3982 exploratum
1436 3924 1512 3963 est
1533 3927 1549 3972 ς
1581 3928 1755 3981 neque

736 3989 1225 4061 'breviloquentiam
1242 3991 1298 4041 in
1320 3988 1446 4056 illis,
1468 4007 1635 4060 neque
1654 3987 1757 4042 hoc

650 4093 666 4104 -
748 4069 866 4121 dico
897 4086 995 4138 pro
1028 4079 1208 4140 patre,
1252 4082 1385 4134 etc.,
1428 4080 1754 4119 moraturum

746 4165 1074 4221 quemquam
1082 4147 1268 4218 judico
1281 4188 1297 4216 ,
1314 4150 1478 4202 immo
1498 4147 1755 4219 neipsatn

1830 2241 2047 2316 quidem
2063 2242 2210 2296 illam
2230 2244 2715 2315 transpositionem,
2728 2262 2842 2296 mo-

1829 2321 1902 2375 do
1937 2341 2034 2395 pro
2070 2324 2198 2396 quia
2226 2325 2484 2395 scriptum
2519 2336 2656 2376 esset
2691 2342 2836 2374 nam.

1829 2400 2007 2469 Quare
2024 2402 2287 2471 integrum
2307 2400 2421 2454 aliis
2441 2399 2682 2472 relinquo
2695 2399 2841 2471 judi·
2901 2449 2910 2456 .

1831 2482 1999 2546 cium,
2020 2499 2088 2532 an
2107 2481 2235 2554 quia
2255 2482 2415 2534 etiam
2433 2500 2499 2533 eo
2513 2480 2675 2534 modo
2696 2499 2842 2533 niturb

1829 2562 1944 2632 pari
1965 2563 2166 2631 possit,
2190 2579 2259 2613 an
2286 2564 2401 2633 ejus
2427 2558 2551 2612 loco
2575 2580 2735 2629 nm,
2759 2559 2843 2612 vel

1831 2641 1876 2692 si
1922 2642 2086 2693 mavis
2144 2640 2275 2716 quia
2331 2638 2702 2712 reponendum
2753 2642 2839 2693 sit.

1831 2720 2199 2775 Bura-ninum.

1905 2814 1954 2849 t.
1993 2799 2266 2852 Utrumne.
2302 2799 2457 2850 Amat
2487 2816 2674 2851 vocem
2702 2800 2844 2852 Nos-

1831 2889 1927 2928 ter.
1943 2876 2077 2928 vide
2099 2876 2191 2929 lib.
2207 2879 2273 2942 V,
2294 2895 2412 2948 cap.
2441 2893 2460 2928 ι
2477 2894 2523 2944 ι,
2548 2875 2595 2947 §.
2619 2877 2703 2930 28.

1907 2974 1955 3008 2.
1981 2954 2171 3017 Nolet‚·
2197 2956 2272 3008 sic
2295 2955 2528 3009 Gothan.
2549 2958 2693 3008 Jens.
2719 2974 2844 3008 cum

1835 3034 1982 3090 editt.
2010 3037 2319 3107 posteriorr.
2347 3049 2468 3088 ante
2490 3034 2694 3108 Gryph.
2720 3035 2847 3107 (nisi

1836 3112 1981 3188 quod
2003 3113 2154 3167 Basil.
2173 3112 2331 3185 volet)
2353 3133 2465 3166 acc.
2487 3113 2617 3168 Obr.
2637 3113 2843 3183 Nollet,

1835 3192 2180 3264 reliqui.Vide
2195 3191 2240 3263 §.
2259 3193 2305 3244 3.
2319 3192 2580 3264 Defendet
2590 3193 2686 3264 qui
2697 3191 2848 3264 apud

1834 3272 2239 3346 quamjudices,
2260 3273 2439 3324 Turio.
2462 3270 2694 3324 Multam
2718 3291 2844 3324 cau·

1834 3372 1945 3407 sam
1965 3391 1983 3419 ‚
2016 3356 2194 3406 Tun-ic.
2233 3351 2373 3404 Flor.
2405 3381 2477 3392 —-
2503 3352 2688 3406 Nostri
2714 3350 2846 3405 dant

1836 3434 1924 3487 alii
1950 3433 2125 3501 nolet,
2155 3430 2244 3485 alii
2268 3429 2449 3484 nollet.
2475 3434 2570 3486 En.

1906 3512 1958 3565 3.
1999 3511 2136 3582 Quid
2160 3511 2220 3573 si.
2252 3511 2462 3576 Τηνία,
2489 3509 2676 3584 quodsi
2699 3529 2845 3583 φια-

1835 3591 1958 3644 dam
1986 3592 2128 3643 bene.
2160 3592 2287 3644 Mox
2318 3590 2373 3642 in
2402 3590 2568 3642 altero
2602 3591 2843 3644 membro

1834 3671 1962 3743 quid
1977 3671 2024 3724 εἰ
2040 3670 2282 3744 quidem,
2297 3671 2476 3723 Turic.
2497 3671 2636 3723 Flor.
2658 3671 2845 3739 Juxta,

1833 3752 2011 3803 Turic.
2029 3750 2270 3817 Matura,
2285 3748 2462 3802 Guelf.
2479 3749 2689 3804 Artibus
2705 3750 2849 3801 simi—

1837 3828 1911 3881 lia
1926 3869 1943 3897 ‚
1973 3829 2155 3881 Ambr.
2182 3848 2209 3881 2
2229 3867 2245 3897 ‚
2269 3829 2431 3882 Ciu».
2465 3848 2587 3882 cum
2606 3833 2762 3883 Voss.
2796 3848 2846 3897 1,

1838 3908 1888 3962 3.
1921 3908 1987 3961 A.
2017 3906 2326 3975 simillima,
2352 3908 2510 3962 Goth.
2544 3912 2691 3962 Jens.
2713 3907 2840 3979 (tac.

1836 3989 2021 4062 Gesn.)
2048 4009 2170 4042 cum
2205 3989 2327 4042 edd.
2369 4003 2492 4042 ante
2521 3990 2697 4041 Burm.
2726 4007 2841 4042 exc.

1836 4069 2004 4123 Stoer.
2029 4068 2255 4122 Chonet.
2276 4068 2422 4123 Leid.

1910 4148 1960 4217 4.
1985 4147 2071 4202 Aa
2092 4148 2224 4212 '²⁰⁶3
2252 4151 2328 4203 sic
2359 4148 2482 4204 libri
2505 4166 2692 4203 omnes
2718 4159 2843 4201 ante
