3200 5159
682 453 1337 528 ms‘rrru‘rloms
1374 425 1632 520 o'RAT.
1672 454 1834 517 Lm.
1872 453 2032 534 xu,
2072 455 2135 520 6.
2330 457 2468 559 ⁴77,

364 581 692 654 nonnulli
734 605 932 654 senes
962 579 1038 651 in
1070 575 1303 651 schola
1333 575 1497 648 facti
1528 594 1812 674 stupent
1849 575 2191 666 novitate,
2234 601 2460 675 quum

366 700 440 771 in
464 699 731 801 judicia
762 720 1101 771 venerunt
1120 753 1139 786 ,
1164 714 1242 766 .et
1269 693 1509 765 omnia
1535 694 1680 765 suis
1710 690 2311 765 exercitationibus
2333 706 2349 736 ¹
2390 692 2466 762 si·

363 814 560 885 milia
584 814 976 886 desiderant
992 824 1016 856 ²
1044 837 1060 881 z
1092 830 1160 881 at
1192 807 1331 880 illic
1357 829 1423 880 et
1446 807 1668 909 judex
1694 827 1904 897 tacet,
1931 827 1999 879 et
2030 804 2463 879 adversarius

312 941 329 958 “
367 928 736 1028 obstrepit,
780 949 852 1001 et
900 924 1077 999 nihil
1111 945 1369 996 temere
1426 922 1694 995 dictum
1737 921 1962 1021 perit3
2018 942 2133 1011 et,
2180 921 2236 993 si
2292 919 2463 1021 quid

367 1041 493 1114 tibi
541 1067 774 1114 sumas
790 1038 844 1132 3,
901 1038 1350 1140 probandum
1405 1056 1544 1126 est;
1605 1056 1672 1107 et
1728 1034 2119 1108 laboratam
2169 1062 2466 1136 conges-

366 1177 653 1256 tamque
680 1157 955 1228 dierum
983 1182 1061 1227 ac
1096 1154 1415 1227 noctium
1449 1151 1680 1226 studio
1715 1152 2057 1225 actionem
2092 1143 2320 1251 aqua4
2348 1152 2469 1225 de-

367 1270 593 1360 flcit⁵;
630 1292 698 1344 et
730 1270 985 1342 omisso
1021 1296 1278 1368 magna
1315 1257 1590 1366 semper
1623 1266 1841 1339 flandi
1886 1287 2161 1340 tumore
2191 1267 2264 1339 in
2302 1267 2470 1367 qui-

365 1387 667 1460 busdam
690 1387 915 1460 causis
941 1386 1377 1485 loquendum
1400 1404 1497 1457 est
1519 1415 1538 1475 3
1565 1385 1755 1484 quod
1783 1384 1885 1456 illi
1913 1383 2142 1456 diserti
2169 1383 2469 1457 minime

368 1504 619 1576 sciunt.
656 1506 897 1601 Itaque
944 1500 1323 1574 nonnullos
1368 1501 1665 1599 reperias
1683 1498 1736 1589 ⁶,
1786 1499 1910 1598 qui
1959 1498 2089 1570 sibi
2137 1498 2474 1599 eloquen-

369 1619 574 1691 tiores
597 1618 982 1709 videantur‚
1008 1645 1225 1716 quam
1251 1637 1329 1689 ut
1348 1641 1588 1688 causas
1608 1635 1839 1714 agant.
1860 1616 2208 1687 Caeterum
2236 1614 2470 1707 illum,

372 1761 586 1834 quem
618 1733 953 1834 juvenem
999 1733 1392 1832 tenerisque
1422 1731 1653 1803 adhuc
1685 1729 1945 1801 viribus
1980 1730 2359 1802 nitentem?
2397 1729 2471 1801 in

448 1893 493 1928 r.
533 1876 1015 1931 Exercitationibus.
1055 1879 1154 1930 Hic
1200 1875 1379 1930 delicit
1458 1872 2103 1946 bantque,quodcunque
2125 1872 2192 1924 ad
2210 1890 2319 1924 rem
2340 1885 2477 1924 trac·

369 1955 548 2008 Ambr.
582 1972 630 2007 2.

444 2051 491 2086 2.
513 2032 798 2106 Ideoque...
817 2032 1124 2088 desiderant.
1150 2031 1287 2085 Vide
1303 2032 1379 2097 Χ,

375 2112 438 2176 5,
468 2113 558 2179 18,
587 2126 640 2165 et
671 2112 745 2165 ibi
768 2126 983 2180 notata,
1016 2112 1210 2184 quibus
1243 2110 1380 2164 adde

374 2192 584 2243 Petron.
606 2209 653 2242 c.
685 2206 729 2241 ι.

446 2269 498 2322 3.
537 2268 658 2321 Tibi
682 2287 884 2329 suman
925 2270 1000 2321 sic
1030 2268 1206 2321 Turio.
1252 2265 1385 2336 (nisi

377 2347 521 2420 qnod
538 2350 796 2419 summas)
817 2350 858 2400 F
858 2347 956 2401 lor.
983 2366 1105 2400 cum
1123 2344 1380 2399 Almdov.

374 2428 585 2500 Reliqui
606 2430 846 2482 inserunt
869 2429 987 2500 ipse.
1023 2429 1159 2481 Sane
1184 2444 1384 2479 sumere

373 2508 471 2561 sibi
498 2520 579 2560 est
610 2510 919 2578 arrogantius
945 2507 1189 2569 verbum3
1219 2504 1286 2557 de
1318 2523 1384 2556 eo

377 2599 553 2638 autem
578 2585 726 2658 quod
758 2588 870 2638 sine
895 2583 1303 2658 probationibus
1331 2585 1385 2635 in

374 2664 609 2717 medium
654 2667 925 2736 profertur
971 2682 1170 2718 sumere
1214 2661 1388 2715 solum

378 2743 617 2796 adhiberi
630 2743 765 2797 solet
780 2743 1002 2816 (videV,
1023 2762 1042 2795 1
1060 2761 1079 2795 r
1096 2743 1191 2809 ‚33
1208 2744 1281 2807 11,
1305 2759 1323 2794 ι
1339 2759 1388 2808 ι,

382 2821 495 2893 14).
522 2821 625 2875 Sed
646 2821 799 2889 huic,
826 2825 869 2875 si
889 2823 1034 2896 quod
1049 2837 1161 2888 est,
1183 2824 1390 2874 incom-

378 2901 541 2954 modo
567 2920 753 2973 pamm
773 2901 1014 2955 medetur
1033 2901 1234 2954 allitum
1256 2902 1387 2973 ipse,

383 2998 491 3051 quo
516 2978 751 3051 alioquin
776 2982 934 3032 etiam
957 2979 1112 3032 facile
1130 2997 1389 3032 caremus.

383 3057 518 3110 Illud
530 3073 706 3110 autem
719 3057 809 3110 tibi
821 3057 1037 3109 minime
1050 3057 1279 3109 otiosum
1295 3071 1389 3109 est.

383 3139 518 3189 Nam
554 3138 690 3188 sicut
719 3134 864 3207 apud
890 3136 1199 3187 Ciceronem
1225 3131 1390 3185 Acad.

382 3217 479 3278 lv,
509 3232 598 3283 19,
626 3214 789 3267 verbo
810 3213 981 3266 eidem
1009 3231 1267 3285 sumpsero
1295 3231 1396 3283 op-

381 3295 662 3365 positionis
680 3292 959 3363 cujusdam
971 3293 1141 3363 gratia
1156 3289 1397 3342 additum

385 3386 464 3426 est
487 3393 522 3424 α
550 3392 660 3434 me,-
702 3375 775 3425 ita
798 3372 915 3440 hic,
938 3372 1031 3424 ubi
1064 3370 1225 3438 nihil,
1251 3370 1397 3442 quod

387 3452 445 3503 in
467 3461 613 3503 tuam
641 3471 747 3504 rem
772 3453 868 3516 sit,
896 3453 1292 3505 transmissurus
1312 3448 1399 3502 ad-

384 3534 644 3602 versarius
652 3534 871 3603 ponitur
880 3570 898 3599 ,
914 3531 1120 3584 dativus
1132 3529 1400 3582 commodi

386 3626 531 3665 recte
544 3611 825 3685 adjunctus
846 3626 940 3664 est.
963 3613 1151 3682 Neque
1170 3627 1304 3662 vana
1323 3611 1398 3662 sic
1432 3638 1437 3648 ·

384 3704 467 3744 est
492 3692 696 3763 species
721 3691 1030 3760 arrogantie
1057 3711 1068 3740 ι
1110 3702 1169 3740 ut
1205 3706 1400 3741 sumere

382 3770 478 3822 sibi
489 3769 560 3822 ab
585 3770 729 3820 omni
744 3783 903 3841 -parte
926 3781 1100 3821 tutum
1122 3770 1216 3830 sit3
1242 3780 1293 3820 et
1308 3786 1399 3819 an-

386 3850 799 3920 tiquissimorum
814 3846 1073 3899 librorum
1087 3848 1402 3918 scripturam

386 3927 589 4000 absque
635 3940 946 3980 ceterorum
990 3925 1401 3999 interpolatione

386 4019 767 4076 repraesentare
797 4004 1104 4058 debeamus.
1129 4034 1200 4046 —
1224 4006 1403 4057 Nostri

389 4083 614 4136 Codices
650 4086 741 4137 tibi
770 4086 877 4157 ipse
908 4103 1092 4137 sumas.
1120 4086 1215 4138 En.
1239 4115 1310 4125 —
1344 4087 1403 4137 ln

388 4159 868 4216 declamationibus
915 4162 1185 4233 fingebant
1226 4182 1404 4216 sume-

1462 1952 1678 2004 tandam
1701 1952 1832 2004 utile
1855 1951 2152 2006 videbatur.
2170 1952 2387 2003 Wou’r.

1532 2034 1583 2101 4.
1598 2031 1772 2104 Aqua.
1790 2032 1913 2087 scil.
1935 2031 2238 2104 clepsydrae.
2255 2033 2474 2084 Wour.

1535 2112 1584 2166 5.
1603 2114 1760 2185 Aqua
1779 2110 1971 2185 deficit.
1989 2113 2355 2184 Disjunctima
2369 2130 2477 2184 qua

1461 2189 1665 2264 deficit,
1689 2193 1851 2244 Cane.
1877 2192 2022 2243 Jens.
2054 2192 2105 2242 A
2127 2210 2229 2264 qua
2257 2190 2475 2263 defecit,

1461 2273 1619 2322 Tarv.
1643 2284 1696 2322 et
1720 2270 1869 2323 editt.
1906 2283 2048 2342 post.
2076 2283 2197 2321 ante
2230 2268 2349 2322 Ald.
2388 2271 2479 2340 qui

1462 2369 1602 2422 aqua
1631 2350 1851 2423 defecit,
1890 2367 2014 2402 cum
2048 2351 2203 2400 Voss.
2242 2367 2260 2402 r
2278 2386 2297 2414 ‚
2326 2351 2476 2402 Bern.

1467 2429 1747 2481 Commisso
1759 2466 1778 2495 ,
1790 2430 2066 2481 Turicens.
2080 2428 2217 2480 Flor.
2236 2428 2480 2493 Tumere,

1463 2504 1603 2558 Flor.
1622 2505 1753 2574 Ille,
1777 2506 1919 2560 Flor.
1937 2506 2133 2559 Deserti
2145 2545 2163 2566 ,
2179 2506 2322 2559 Jens.
2340 2505 2478 2577 (tac.

1464 2584 1743 2656 Gesn.)-
1757 2587 1940 2640 Nostri
1947 2587 2177 2657 junctim
2196 2603 2350 2657 aqua.
2372 2583 2482 2637 Ple·

1467 2667 1615 2737 rique
1643 2665 1849 2737 defecit.
2337 2709 2348 2720 .

1537 2742 1590 2794 6.
1608 2743 1865 2814 Reperias.
1879 2742 1914 2795 J
1916 2761 2028 2796 ens.
2045 2741 2186 2813 (non
2199 2740 2363 2795 Goth.
2381 2761 2480 2818 err.

1467 2821 1700 2892 Gesn.)‚
1737 2822 1978 2893 reperies,
2022 2840 2146 2873 cum
2180 2820 2327 2873 editt.
2360 2833 2482 2875 aute

1471 2899 1627 2952 Basil.
1646 2901 1941 2952 Minentem
1963 2902 2018 2951 in
2032 2900 2188 2971 som,
2208 2900 2481 2953 Turicens.

1471 2979 1703 3031 mon-,M
1730 2980 1768 3030 i.
1782 2977 1940 3050 foro‘f,
1956 2980 2118 3031 Cute.
2145 2979 2382 3051 Incipere
2392 2980 2487 3052 qui

1473 3077 1590 3110 cum
1618 3060 1881 3124 maxime,
1910 3060 2088 3110 Turio.
2118 3058 2357 3130 Incipere
2381 3078 2484 3125 m.,

1474 3138 1571 3191 sed
1584 3157 1755 3190 vacuo
1768 3136 1950 3190 relicto
1966 3140 2137 3210 spatio
2154 3137 2330 3190 medio
2344 3138 2485 3191 Flor.

1474 3221 1522 3273 1.
1539 3237 1701 3291 quam
1716 3238 1787 3269 m.
1801 3256 1818 3284 ,
1839 3217 2111 3270 Guelferb.
2138 3217 2301 3270 Cim.
2324 3218 2486 3272 Goth.

1474 3299 1619 3350 Jens.
1641 3297 1777 3366 (tac.
1799 3296 1997 3368 Gesn.)
2018 3315 2140 3349 cum
2162 3296 2317 3349 Voss.
2347 3314 2366 3348 ι
2384 3334 2402 3363 ,
2429 3316 2489 3364 a,

1478 3392 1532 3431 et
1545 3376 1668 3432 edd.
1687 3389 1810 3429 ante
1823 3375 2026 3450 Gryph.
2036 3378 2463 3445 Papo-itionem
2474 3415 2491 3444 ,

1479 3476 1625 3529 quoe,
1648 3458 1693 3508 si
1729 3468 1872 3507 certa
1907 3454 2117 3507 silentio
2149 3451 2307 3522 fides,
2330 3468 2409 3507 est
2437 3457 2493 3509 iu

1476 3536 1616 3589 Alm.
1628 3537 1785 3588 Voss.
1800 3535 1833 3587 3
1848 3573 1866 3601 ,
1882 3548 1938 3588 et
1951 3534 2066 3588 aliis
2079 3535 2304 3587 fortasse
2315 3573 2332 3600 ‚
2347 3535 2497 3587 omit-

1478 3629 1590 3669 tere
1615 3633 1724 3666 που
1762 3614 1963 3681 audeo,
2002 3615 2239 3685 quamvis
2257 3615 2312 3665 in
2336 3628 2493 3668 auto-

1478 3693 1683 3767 grapho
1702 3696 1859 3746 etiam
1876 3692 2088 3748 Codicis
2098 3695 2368 3747 'Pur-icens.
2382 3713 2492 3748 non

1479 3769 1721 3825 rideatur
1753 3772 1933 3824 fuisse.
1973 3772 2311 3836 omitterem,
2345 3774 2388 3824 si
2411 3774 2494 3827 vel

1482 3868 1648 3901 unum
1677 3848 1977 3922 exemplum
2009 3843 2168 3918 hujus
2195 3848 2343 3902 verbi
2372 3869 2496 3903 cum

1483 3927 1718 3980 ablativo
1755 3926 1871 3980 solo
1919 3925 2313 3999 suppeditare13
2353 3930 2499 4000 quod

1483 4021 1668 4059 contra
1694 4009 1953 4059 rationem
1982 4017 2125 4058 certe
2158 4024 2267 4057 non
2289 4022 2495 4078 peccat.

1556 4103 1607 4156 7.
1630 4085 1834 4139 Viribus
1849 4086 2117 4136 nitentem.
2134 4084 2274 4136 Cave
2291 4104 2319 4137 a
2338 4086 2496 4140 verbo

1485 4164 1585 4217 niti
1611 4164 1946 4235 participium
1964 4181 2224 4231 arcessas,
2249 4164 2395 4236 quod
2408 4184 2500 4220 ac-
