3200 5159
735 505 1393 578 ms'rrrn'rloms
1428 506 1685 572 ORAT.
1725 505 1887 572 Lm.
1924 505 2013 585 x,
2063 530 2119 571 ι.
2389 487 2476 590 69

377 625 669 701 ditatem
702 627 1212 719 inaffectatam,
1247 628 1369 701 sed
1402 654 1620 728 quam
1647 628 1844 701 nulla
1872 627 2238 727 consequi¹
2278 626 2477 699 affec-

374 742 541 815 tatio
569 742 814 842 possit?
837 765 918 817 ut
949 744 1112 842 ipsae
1136 769 1536 818 sermonem
1555 755 1581 787 ²
1615 743 1887 815 finxisse
1914 741 2170 815 Gratiae
2196 741 2476 813 videan-

373 875 511 947 tur,
533 878 629 947 et,
647 856 838 956 quod
860 857 945 930 de
964 855 1269 930 Pericle-²³
1294 857 1536 929 veteris
1568 855 1969 929 comoediae4
1994 856 2477 929 testimonium

374 989 511 1060 est,
547 971 619 1042 in
652 971 845 1045 hunc
877 971 1226 1045 transferri
1250 971 1632 1072 justissime
1660 971 1904 1070 possit,
1937 971 2007 1043 in
2041 970 2297 1043 labris⁵
2328 970 2477 1071 ejus

375 1086 633 1159 sedisse
658 1088 1044 1183 quamdam
1067 1086 1791 1188 persuadendi-deam.
1814 1086 2010 1178 Quid
2039 1084 2472 1183 reliquorum
2515 1100 2583 1159 83

370 1203 885 1276 Socraticorum
941 1201 1460 1301 elegantiamss?
1516 1201 1689 1300 quid
1741 1201 2218 1277 Aristotelem?
2262 1227 2477 1298 quem

372 1313 623 1387 dubito
659 1315 953 1388 scientia
1001 1343 1271 1405 rerum,
1321 1343 1414 1388 an
1457 1314 1876 1414 scriptorum
1921 1315 2162 1414 copia,
2210 1341 2298 1387 an
2338 1314 2481 1387 elo-

374 1429 643 1527 quendi
673 1430 1006 1503 suavitate
1022 1445 1076 1521 7,
1109 1457 1199 1502 an
1230 1430 1716 1503 inventionum
1745 1429 2074 1502 acumine
2094 1486 2113 1520 ,
2147 1456 2239 1502 an
2266 1429 2476 1502 varie-

370 1566 509 1619 tate
551 1573 880 1646 operum,
920 1546 1284 1619 clariorem
1328 1567 1610 1645 putem:
1648 1573 1814 1618 nam
1858 1546 1937 1618 in
1977 1543 2474 1646 Theophrasw,

371 1683 518 1735 tam
558 1683 660 1735 est
693 1662 1029 1762 loquendi
1073 1660 1301 1736 ῐιίῑοι·Β
1346 1661 1463 1734 ille
1509 1661 1824 1752 divinus,
1857 1683 1938 1734 ut
1973 1689 2053 1734 ex
2094 1689 2182 1735 eo
2209 1689 2474 1737 nomen

369 1840 535 1894 Cur.
565 1858 688 1892 eum
715 1839 836 1893 edd.
867 1854 989 1893 ante
1009 1839 1211 1915 Gryph.
1238 1841 1383 1894 Reli·
1462 1839 1661 1893 liustes.
1705 1842 1952 1895 Ciceroni
1992 1852 2475 1898 commemor-amnt

371 1922 467 1992 qui
474 1920 866 1993 jucunditatem
892 1918 1061 1972 illam.
1464 1920 1518 1974 in
1543 1923 1735 1988 Bruto,
1760 1940 1808 1974 e.
1833 1938 1896 1991 9,
1923 1921 2003 1973 15.

450 2014 498 2050 ι.
524 2000 782 2070 consequi
800 1996 1079 2070 affectatio
1097 1998 1285 2070 possin
1307 1997 1383 2050 sic
1536 2000 1586 2054 5.
1612 2001 1805 2053 Labi-is.
1826 2002 2004 2053 Turio.
2026 1998 2167 2052 Flor.
2190 1998 2316 2068 (hic
2339 2019 2367 2052 a
2391 2018 2472 2071 pr.

367 2079 551 2130 Turio.
579 2077 718 2129 Plor.
748 2076 1002 2150 (uterque
1032 2091 1211 2130 tamen
1238 2075 1386 2149 ads.)
1463 2080 1650 2150 manu)
1668 2078 1944 2146 laboribus,
1965 2098 2087 2130 eum
2108 2076 2244 2129 Alm.
2262 2081 2305 2131 E
2319 2083 2474 2130 Voss.

369 2156 535 2209 Cun’.
554 2153 1006 2227 Possitaffectatio
1020 2155 1190 2230 sequi,
1205 2153 1381 2207 Guelf.
1469 2174 1497 2209 τι
1515 2195 1533 2224 ,
1567 2157 1754 2211 laboris
1769 2178 1789 2219 ‚·
1821 2158 1895 2210 nil
1929 2157 2031 2211 tale
2057 2155 2289 2211 Gothan.
2324 2154 2476 2226 (vide

368 2253 497 2287 cum
518 2239 674 2289 Voss.
704 2252 749 2301 ι,
774 2236 823 2287 3.
854 2233 920 2286 A.
946 2251 1083 2288 cons.
1107 2253 1161 2303 p.
1180 2271 1197 2297 ‚
1221 2232 1385 2286 Goth.
1466 2238 1514 2305 S.
1535 2235 1632 2306 743
1657 2238 1782 2289 item
1808 2236 1922 2307 86).

368 2316 515 2368 Jens.
546 2333 669 2367 cum
695 2312 815 2367 edd.
847 2326 970 2366 ante
993 2313 1147 2366 Banu.
1179 2312 1385 2385 Reliqui
1536 2316 1589 2369 6.
1616 2314 2162 2391 Elegantiam.Turic.
2183 2312 2354 2378 Flor.‚
2372 2311 2477 2365 ele-

415 2433 429 2446 .
452 2414 504 2446 a.
529 2412 579 2446 e.

368 2413 412 2467 p
448 2492 496 2527 τι.
513 2469 1041 2546 Semonemfinxt’sse
1063 2471 1289 2532 Gratioe3
1312 2475 1386 2525 sic

367 2554 550 2616 Turio.
576 2553 716 2606 Flor.
748 2553 803 2606 S.
824 2572 879 2627 q.
903 2552 991 2625 fi,
1026 2551 1188 2605 Goth.
1223 2553 1384 2606 (λιιι).

373 2631 498 2684 Ald.
518 2631 643 2684 Bad.
665 2629 891 2685 fluxisse
907 2651 945 2684 s.
962 2650 1017 2704 9.
1036 2669 1052 2693 ,
1073 2630 1250 2684 Guelf.
1270 2632 1388 2703 Ipse

370 2728 410 2762 s.
422 2708 663 2781 qroecisf.
681 2708 939 2775 videatur,
952 2710 1099 2762 Jens.
1123 2727 1244 2761 cum
1265 2708 1383 2761 edd.

371 2799 497 2840 ante
519 2785 640 2839 Ald.
667 2786 814 2858 quod
837 2801 979 2839 recte
1005 2787 1272 2861 improbat
1294 2791 1389 2841 Ba-

374 2866 531 2932 dius,
565 2867 656 2938 qui
691 2880 745 2918 et
781 2866 880 2940 ipsi
916 2884 1024 2918 uon
1058 2867 1194 2919 male
1228 2867 1389 2920 scribi

371 2965 533 3021 posse
564 2959 763 2997 monet.
796 2944 1120 3016 singularem
1153 2947 1392 3000 videatur

371 3041 430 3080 et
450 3027 627 3078 Turio.
651 3023 704 3095 (a
727 3044 831 3078 see.
854 3026 1039 3097 manu)
1064 3038 1117 3077 et
1140 3025 1301 3079 Goth.
1317 3056 1391 3066 —-

370 3105 554 3159 Nostri
595 3115 656 3157 ut
696 3104 818 3176 ipsoe
862 3123 1148 3158 sennonem
1195 3107 1390 3158 Gratia·

358 3183 584 3258 finxisse
598 3222 614 3246 ,
630 3185 729 3237 nisi
742 3184 887 3257 quod
902 3187 1017 3236 Fut.
1036 3187 1171 3237 Prot.
1187 3187 1290 3238 Ru.
1306 3187 1387 3255 14,

378 3261 443 3316 15
478 3258 535 3314 σὲ
556 3260 776 3334 finxisse
804 3273 1018 3336 ponunt
1046 3276 1169 3316 ante
1194 3283 1386 3319 sermo-

367 3362 514 3395 nem·
538 3344 632 3394 Eu.
1385 3337 1396 3352 ⁸

446 3425 500 3477 3.
538 3423 619 3474 De
654 3421 872 3474 Per-ieie.
893 3460 905 3473 .
926 3459 939 3472 .
958 3458 973 3472 .
1010 3422 1381 3475 testimonium.

372 3501 551 3556 Guelf.
565 3539 583 3568 ,
600 3501 663 3553 de
686 3501 842 3552 veteri
858 3499 1037 3574 pende
1059 3513 1128 3562 t.,·
1149 3502 1276 3552 item
1296 3518 1384 3552 co-

369 3579 609 3647 moedioe,
639 3582 916 3634 omittente
937 3583 1090 3634 Voss.
1124 3598 1180 3643 ις
1207 3580 1384 3653 per-ide

373 3675 551 3714 sutem
576 3659 736 3711 dante
760 3663 913 3712 Voss.
940 3659 992 3711 3.

442 3738 494 3805 4.
516 3736 714 3791 Veteris
731 3738 994 3791 eomoedioe
1012 3736 1384 3790 testimonium.

370 3820 546 3872 [aot-us
577 3830 659 3869 est
689 3818 993 3869 notissimus
1021 3816 1297 3887 Eupolidis
1330 3822 1386 3869 in

374 3893 539 3963 Δι’μοις
572 3895 851 3948 comoedia.
871 3896 1005 3949 Vide
1039 3897 1171 3949 Plin.
1202 3898 1298 3969 Ep.
1329 3898 1384 3964 1,

373 3992 474 4038 20,
505 3973 687 4046 ibique
722 3973 882 4027 Gesn.
918 3973 1052 4026 Vide
1089 3986 1141 4026 et
1180 3993 1279 4027 nos
1316 3973 1383 4026 ad

369 4053 553 4120 Quint.
577 4053 653 4116 ΙΙ,
677 4052 764 4117 16,
789 4053 985 4123 19‚ubi
1003 4052 1386 4124 ponitur-locus

374 4129 797 4202 Aristophaneus
808 4169 825 4194 ,
841 4131 910 4183 ad
924 4151 1082 4203 quem
1102 4133 1246 4203 ipsos
1263 4131 1390 4183 bos-

371 4227 438 4261 ee
467 4208 746 4284 Eupolidis
777 4229 960 4264 versus
988 4211 1193 4284 profert
1227 4210 1389 4264 seho-

1460 2394 1721 2467 yentium.
1756 2392 1848 2446 Ille
1877 2412 1907 2445 a
1936 2412 2043 2447 sec.
2072 2412 2230 2445 manu
2262 2392 2476 2465 eleyon·

1465 2473 1634 2533 tium;
1662 2471 1744 2524 hic
1769 2484 2026 2524 nostrum.

1540 2568 1585 2622 7.
1606 2549 1908 2622 Eloquendi
1917 2552 2185 2603 suavitate.
2202 2551 2473 2602 Turicens.

1465 2629 1605 2681 Flor.
1632 2629 1763 2700 (hic
1795 2648 1825 2682 a
1857 2650 1938 2701 pr.
1973 2628 2166 2700 manu)
2193 2647 2238 2681 e.
2263 2647 2379 2681 usus
2404 2647 2477 2695 s.,

1469 2726 1590 2761 cum
1613 2709 1774 2762 Goth.
1794 2711 1950 2762 Voss.
1976 2728 2026 2762 2.
2051 2709 2115 2761 E.
2143 2709 2217 2762 vt's
2236 2726 2275 2761 s.
2295 2747 2312 2775 ‚
2336 2706 2474 2758 Alm.

1466 2790 1533 2841 E.
1559 2809 1656 2843 usu
1683 2809 1754 2857 s.,
1776 2789 2049 2844 Guelferb.
2079 2808 2203 2843 eum
2227 2793 2383 2841 Voss.
2413 2787 2477 2857 3,

1466 2869 1612 2920 Jens.
1632 2869 1785 2920 Tarv.

1540 2947 1591 3000 8.
1618 2946 1888 3019 Loquendi
1911 2946 2079 3008 nitor3
2102 2947 2179 3000 sic
2201 2946 2476 3000 Turicens.
2512 2971 2529 2987 -

1469 3025 1612 3078 Flor.
1646 3023 1770 3094 (hic
1801 3042 1829 3075 a
1857 3043 1940 3095 pr.
1969 3024 2161 3094 mann)
2188 3043 2311 3075 cum
2338 3022 2476 3076 Alm.

1470 3105 1681 3157 Omittit
1717 3113 1789 3156 est
1822 3102 1998 3154 Guelf.
2031 3102 2163 3154 dans
2199 3102 2334 3173 eloq.
2378 3099 2482 3154 sed

1469 3182 1722 3256 loquendi
1757 3196 1929 3234 totum
1965 3182 2225 3236 desiderat
2256 3182 2476 3233 Veneta.

1465 3262 1676 3334 Requui
1712 3258 1989 3335 eloquendi
2023 3280 2077 3312 n.
2111 3290 2183 3301 —
2208 3259 2479 3332 Loquendi

1467 3343 1622 3393 nitor.
1661 3341 1840 3409 Quum
1875 3338 2109 3391 variandi
2140 3357 2334 3403 causa,
2363 3352 2479 3390 tum

1466 3423 1591 3492 quia
1611 3422 1774 3491 magis
1795 3437 2040 3471 sermone
2054 3419 2298 3471 familiari
2315 3435 2478 3490 quam

1466 3500 1673 3571 scriptis
1698 3498 1951 3550 meruisse
1976 3497 2081 3549 hoc
2109 3515 2305 3549 nomen
2326 3495 2481 3550 vide-

1465 3592 1552 3631 tur
1571 3577 1975 3649 Theophrastus
1992 3615 2009 3644 ,
2022 3574 2291 3648 ‚loquendi
2317 3594 2477 3646 quam

1462 3655 1742 3731 eloquendi
1796 3655 2041 3708 maluisse
2089 3654 2476 3725 Quintilianum

1467 3739 1725 3810 suspiqor.
1750 3735 1884 3788 Vide
1915 3735 2024 3802 IX,
2057 3729 2122 3804 4¹,
2160 3735 2274 3804 147.
2314 3734 2477 3786 Μίνω

1467 3813 1722 3888 loquendi
1768 3814 1984 3867 delicias
2029 3828 2292 3868 sectatum
2331 3812 2478 3867 vides

1469 3895 1614 3968 apud
1645 3898 1896 3947 Nostrum
1931 3895 2077 3960 vm,
2115 3911 2167 3960 ι,
2204 3910 2265 3954 ας
2301 3891 2394 3945 sed
2425 3905 2481 3945 et

1464 3975 1684 4026 vestitus
1704 3972 1985 4043 cultusque
2006 3971 2152 4044 apud
2165 3971 2479 4023 Athenaeum

1467 4055 1517 4118 1,
1537 4073 1588 4125 p.
1612 4069 1695 4117 αι,
1712 4072 1759 4104 a.
1775 4090 1791 4117 ‚
1811 4051 2078 4104 iudicante
2096 4050 2476 4104 Almeloveuio.

1469 4135 1547 4185 De
1563 4134 1778 4184 nomine
1790 4170 1806 4198 ‚
1823 4150 1930 4203 quo
1948 4149 2102 4183 suum
2117 4134 2351 4204 Tyr-tami
2366 4149 2482 4183 mu-

1469 4214 1630 4281 tavit,
1656 4210 1772 4263 vide
1807 4213 1959 4282 υἱοῦ.
1993 4211 2164 4264 Lacrt.
2194 4212 2257 4274 V,
2291 4211 2375 4264 38.
2408 4235 2477 4253 -··
