3200 5159
707 1095 763 1148 71

705 1792 805 1848 7².

815 456 940 523 336
1288 501 1292 506 -
1376 458 1468 522 M.
1510 458 1738 521 FABII
1778 458 2332 540 QUINTILIANI

808 578 1012 651 nobis
1057 605 1409 663 removere
1451 578 1826 678 oportebit;
1861 601 1940 650 ut
1979 576 2168 652 idem
2213 578 2391 651 illud
2431 577 2626 650 vultu
2668 576 2898 649 videa·

810 721 974 766 mur
1002 694 1329 781 aversari,
1365 720 1584 766 manu
1625 692 1994 792 repellere-1

1009 885 1462 903 ............
1485 842 1587 901 Dii
1613 840 1802 901 talem
1821 852 1838 877 ¹
1869 842 2120 901 avertite
2144 842 2404 924 pestem!

1010 982 1222 1001 ......
1246 938 1432 1001 Haud
1453 936 1746 1019 equidem
1769 937 1881 1003 tali
1907 958 2005 997 me
2028 936 2258 1017 dignor
2277 936 2538 998 honore.

807 1070 1165 1169 Significat
1192 1096 1352 1142 vero
1384 1067 1705 1167 plurimis
1730 1068 1997 1140 modis:
2031 1095 2199 1139 nam
2231 1090 2473 1168 praeter
2501 1066 2894 1157 annuendi,

809 1186 1188 1275 renuendi,
1232 1182 1890 1282 confirmandique?²
1928 1205 2196 1272 ηιοῑιιε,
2244 1206 2415 1257 sunt·
2456 1205 2524 1257 et
2562 1210 2900 1256 verecun-

808 1299 973 1399 diae,
1009 1320 1079 1372 et
1111 1299 1596 1387 dubitationis3
1642 1320 1708 1370 et
1736 1297 2253 1388 admirationis,
2299 1318 2365 1370 et
2404 1298 2899 1397 indignationis

810 1415 955 1486 noti
987 1435 1052 1485 et
1085 1440 1500 1486 communes
1533 1413 1888 1484 omnibus.
1926 1412 2088 1484 Solo
2121 1435 2356 1485 tamen
2389 1440 2471 1485 eo
2498 1414 2723 1485 facere
2753 1439 2902 1510 ges-

811 1508 967 1601 t'um
1022 1528 1277 1601 scenici
1335 1554 1618 1627 quoque
1683 1527 1994 1599 doctores
2054 1527 2378 1599 vitiosum
2434 1538 2854 1626 putaverunt
2881 1554 2896 1598 ε

808 1643 1019 1715 etiam
1064 1643 1390 1741 frequens
1420 1640 1568 1743 ejus
1597 1662 1812 1713 nutus
1838 1668 1980 1714 non
2012 1663 2191 1714 caret
2215 1641 2417 1727 vitio;
2448 1641 2620 1713 adeo
2639 1638 2902 1742 jactare

813 1757 923 1849 id,
958 1777 1025 1841 et
1065 1782 1298 1857 comas
1343 1756 1806 1829 excutientem
1850 1777 2105 1846 rotare,
2137 1758 2523 1830 fanaticum
2563 1776 2664 1828 est
2680 1753 2733 1826 ³.
2770 1757 2903 1827 Do·

810 1957 1091 2014 negantem
1110 1963 1267 2017 quam
1291 1947 1517 1999 aientem
1544 1945 1671 2001 hinc
1692 1945 1814 1998 alie·
1898 1959 2019 1999 ante
2042 1944 2317 1998 concedere
2338 1962 2521 1997 omnes
2551 1945 2720 1996 nostri
2745 1944 2901 1993 omit-

809 2043 931 2078 unm
959 2026 1143 2096 judico
1172 2027 1516 2089 sententiam3
1546 2043 1817 2098 quumque
1898 2037 2031 2077 tunt.
2059 2027 2149 2099 Eu·

809 2106 865 2155 in
886 2106 1249 2156 vetustissimis
1281 2122 1446 2156 unum
1472 2118 1677 2156 tautum
1703 2123 1820 2156 ver-
1975 2117 2018 2151 t.
2044 2100 2194 2151 Dii...
2223 2098 2430 2153 honor-e.
2450 2098 2592 2151 Loca
2613 2097 2900 2168 virgiliana

809 2183 935 2235 bum
954 2182 1230 2235 concedere
1241 2184 1586 2252 interjiciatur
1598 2184 1712 2235 istis
1723 2192 1821 2234 aut
1896 2178 2014 2232 vide
2033 2180 2239 2231 AEneid.
2266 2181 2361 2243 111,
2381 2178 2513 2240 6203
2542 2179 2592 2243 l,
2614 2176 2738 2230 335.

808 2275 861 2313 et
883 2281 916 2312 a
926 2284 944 2324 ,·
972 2259 1104 2312 illud
1135 2279 1349 2333 quoque
1378 2279 1679 2333 expungere
1707 2279 1819 2313 ma·
1969 2275 2018 2311 2.
2043 2256 2516 2332 Confirmandique.
2542 2255 2747 2322 Guelfl,
2774 2273 2902 2309 cou-

806 2341 898 2394 lim
911 2380 927 2405 ,
947 2358 1107 2413 quam
1128 2338 1416 2411 quidquam
1434 2341 1749 2411 corrigendo
1768 2341 1818 2392 ei

810 2421 939 2471 foris
982 2436 1264 2470 arcessere.
1316 2417 1566 2489 Exempla
1607 2419 1817 2469 nonnisi

809 2497 918 2550 duo
945 2497 1240 2549 afferuntur
1261 2510 1316 2548 et
1336 2495 1630 2548 damnandi
1649 2509 1701 2550 et
1717 2516 1750 2547 a
1767 2514 1819 2549 se

811 2575 1135 2641 removendi,
1164 2594 1338 2647 neque
1361 2588 1466 2626 tam
1490 2573 1704 2646 placent
1731 2574 1818 2626 hic

811 2669 957 2709 terna
975 2666 1097 2721 aut,
1128 2673 1285 2726 quam
1307 2653 1452 2706 bina.
1474 2653 1608 2705 Vide
1632 2655 1730 2718 XI,
1762 2671 1780 2705 t
1799 2693 1815 2719 ‚

808 2735 906 2795 683
947 2748 998 2786 et
1020 2733 1107 2785 hic
1136 2735 1188 2800 s.
1221 2730 1307 2785 35.
1348 2733 1431 2785 An
1463 2731 1601 2783 forte
1629 2729 1817 2801 aliquis

804 2812 1056 2866 allevet-at
1091 2809 1159 2863 ad
1183 2810 1435 2861 damnare
1469 2827 1818 2881 synonymum

807 2889 1176 2953 condemnare,
1208 2886 1351 2939 unde
1374 2887 1574 2938 factum
1603 2889 1670 2939 sit
1695 2905 1816 2938 con·

807 2968 1013 3021 cedere?
1040 2964 1340 3026 Guelferb...
1376 2965 1651 3018 adversari.
1690 2967 1815 3017 Mox

810 3048 950 3097 terris
985 3064 1015 3097 e
1051 3064 1204 3097 versu
1236 3044 1525 3114 virgiliano
1564 3045 1817 3095 omittunt

807 3124 1085 3178 nobiscum
1100 3125 1372 3179 Tui-icens.
1397 3122 1536 3174 Flor.
1554 3123 1734 3174 Ambr.
1756 3142 1784 3176 2
1797 3161 1814 3189 ‚

807 3201 1077 3255 Guelferb.
1099 3200 1261 3253 Cim».
1278 3220 1401 3253 eum
1415 3204 1564 3254 Voss.
1586 3201 1646 3263 3;
1668 3201 1816 3273 quod

810 3301 909 3353 ego
934 3301 1043 3333 non
1065 3281 1189 3333 inde
1226 3294 1410 3352 repeto
1445 3300 1566 3333 cum
1602 3281 1778 3333 Burm.
1797 3317 1815 3345 ,

811 3362 933 3432 quia
958 3361 1197 3413 librarius
1227 3362 1476 3412 memoria
1500 3359 1817 3412 aberraverit

811 3440 880 3492 ad
902 3442 1018 3492 AEn.
1039 3440 1108 3491 1ss
1125 3478 1142 3506 ‚
1169 3439 1300 3503 265,
1328 3439 1400 3490 Di
1423 3436 1579 3498 talem
1603 3438 1818 3489 avertite

808 3538 1015 3581 casuum
1056 3519 1151 3571 sed
1185 3536 1215 3570 a
1243 3518 1398 3570 solita
1436 3519 1598 3588 ipsius
1636 3519 1815 3570 Nostri

809 3599 1036 3660 incuria3
1061 3596 1179 3649 vide
1200 3599 1274 3661 V,
1294 3613 1309 3646 ι
1329 3613 1345 3646 ι
1365 3633 1382 3661 ,
1408 3596 1620 3660 20;1x,
1640 3593 1701 3660 4,
1726 3593 1813 3647 85.

809 3676 1000 3731 lisdem
1041 3675 1349 3728 auctoribus
1390 3676 1525 3726 inter
1557 3672 1667 3725 duo
1695 3672 1814 3725 loca

806 3756 989 3833 virgil.
1014 3757 1300 3828 proseripsi
1325 3765 1403 3821 et,
1428 3746 1632 3824 ‘quibus
1660 3772 1822 3806 που.

811 3836 943 3888 dunt
962 3833 1240 3888 Gothanus
1254 3869 1272 3897 ,
1291 3834 1435 3884 Jens.
1454 3831 1817 3903 (taeenteGes-

815 3911 966 3984 nero)
989 3932 1110 3989 cum
1129 3911 1447 3980 editio-nibus
1472 3924 1593 3962 ante
1612 3910 1813 3984 Gryph.

813 3993 947 4045 Vide
981 3992 1071 4044 lib.
1099 3992 1194 4058 Vl,
1228 4009 1367 4062 cap..
1385 4007 1444 4055 2,
1478 3988 1523 4059 §-
1549 3990 1635 4041 32.
1661 3990 1816 4042 Turi-

813 4090 956 4124 ceus.
992 4071 1254 4138 Florem„
1283 4069 1510 4144 quidem.
1546 4069 1726 4121 Amhr.
1757 4089 1816 4137 2,

813 4168 906 4228 ego
923 4148 1130 4221 quidem
1142 4187 1161 4213 ‚
1178 4168 1299 4202 cum
1313 4152 1465 4202 Voss.
1483 4139 1532 4201 3.
1548 4176 1616 4187 --
1628 4133 1690 4199 ‘ri
1709 4167 1816 4201 non

1884 2336 2182 2409 fomandi.
2229 2338 2352 2388 Exc.
2398 2336 2640 2397 Sumen„
2690 2332 2904 2404 coufor-

1896 2413 2196 2485 mandique.
2215 2414 2393 2465 Turic.
2415 2414 2456 2464 F
2459 2412 2556 2464 lor.
2577 2411 2740 2463 Curr.
2759 2413 2907 2463 omit-

1896 2507 2015 2551 tunt
2037 2505 2089 2547 et
2109 2493 2498 2557 admirationis,
2521 2510 2650 2544 eum
2670 2495 2826 2545 Voss.
2850 2494 2899 2544 3.

1901 2573 2044 2624 Cestu
2057 2570 2320 2625 miscenici
2344 2571 2506 2624 turbae
2529 2579 2652 2624 'sunt
2669 2570 2900 2623 Florem.

1898 2647 1992 2701 sed
2013 2648 2219 2712 Guelf.‚
2242 2667 2299 2722 q.
2324 2650 2495 2702 scenio
2518 2656 2572 2701 et
2586 2659 2905 2719 putaverunt

1898 2722 2153 2780 vitiosum.
2189 2727 2368 2779 Locat.
2403 2731 2537 2779 Ven.
2572 2730 2730 2780 Rusc.
2754 2746 2904 2780 eom-

1896 2808 2043 2858 muni
2057 2825 2232 2858 errore
2247 2818 2479 2879 qustum.
2499 2808 2706 2859 Nomen
2722 2808 2901 2859 Turic-

1895 2885 2034 2938 Flor.
2059 2888 2296 2939 inserunt
2319 2887 2456 2939 inter
2485 2896 2642 2937 nutus
2677 2900 2732 2937 et
2761 2903 2899 2950 non,

1895 2983 2018 3017 cum
2041 2964 2228 3017 Almel.
2242 3004 2260 3032 ‚
2281 2965 2387 3018 hoc
2407 2963 2622 3035 quidem
2643 2983 2741 3036 per
2755 2984 2902 3021 com·

1893 3043 2166 3116 pendium.
2210 3045 2365 3111 Ideo,
2404 3042 2565 3097 Goth.
2602 3062 2724 3095 cum
2747 3048 2899 3098 Voss.

1898 3140 1946 3175 2.
1983 3123 2060 3177 102
2082 3141 2354 3196 comasque
2377 3135 2429 3175 et
2454 3123 2833 3177 concutientem
2858 3140 2899 3177 r.

1890 3199 2276 3272 phreneticum,
2292 3201 2453 3263 Obr.;
2478 3200 2624 3273 quod
2641 3220 2903 3273 reponen-

1895 3278 1965 3331 do
1995 3282 2130 3333 infra
2153 3299 2211 3334 se
2239 3279 2509 3333 descendit
2549 3283 2625 3333 vir
2660 3281 2901 3335 doctissi-

1895 3377 2041 3426 mus,
2089 3378 2408 3432 quamquam
2452 3371 2506 3412 et
2545 3371 2750 3413 concur.
2802 3380 2900 3433 pro

1895 3449 2057 3489 excat.
2083 3439 2234 3489 Bern.
2266 3457 2499 3509 quoque.
2535 3435 2900 3503 Flanaticum,

1894 3514 2069 3567 Guelf.
2089 3516 2250 3569 Goth.
2265 3518 2409 3569 Jens.
2430 3520 2566 3585 (tac.
2581 3516 2766 3587 Gesn.)
2779 3536 2900 3571 cum

1896 3594 2017 3647 edd.
2039 3607 2261 3666 posterr.
2279 3608 2400 3646 ante
2425 3594 2615 3647 Rollin.
2641 3599 2903 3649 vetustio-

1895 3693 1977 3727 res
2001 3675 2120 3729 libri
2142 3690 2338 3728 rectam
2369 3679 2680 3749 scripturam
2704 3676 2851 3729 dant.

1965 3754 2017 3806 3.
2050 3756 2352 3809 Fanaticum
2376 3767 2464 3809 est.
2492 3756 2635 3824 Quid
2653 3756 2900 3828 sitfana-

1897 3834 2089 3899 ticum,
2121 3832 2285 3886 lexica
2314 3837 2512 3906 optime
2536 3835 2759 3900 docent,
2803 3854 2899 3887 nee

1897 3932 2032 3985 opus
2053 3914 2412 3967 demonstrare
2434 3915 2551 3967 loca
2572 3914 2800 3986 plurima
2818 3934 2904 3968 ve·

1898 4005 2065 4045 terum
2078 4032 2096 4059 ‚
2111 3993 2204 4045 ubi
2218 3993 2395 4049 divino
2407 3995 2620 4047 numine
2631 3995 2904 4047 instincto-

1895 4090 2011 4122 rum
2036 4071 2153 4124 talis
2171 4070 2383 4124 babitus
2404 4072 2747 4146 proponitur,
2772 4089 2902 4142 quo-

1896 4168 2012 4202 rum
2037 4149 2252 4217 Badius,
2281 4150 2546 4204 iudicante
2565 4149 2748 4220 Valla,
2777 4150 2900 4204 satis
