3200 5159
709 482 835 556 332

1279 488 1374 552 M.
1400 486 1647 552 -FABII
1685 487 2243 570 QUINTILI'ANI

711 610 901 681 onim
953 631 1175 710 potest
1223 636 1366 683 esse
1410 610 1660 709 longus
1711 600 2022 709 spii-itus,
2076 636 2299 708 quum
2346 607 2804 681 immoderate

712 724 1136 797 effunditur:
1173 725 1463 824 paulum
1486 739 1503 770 ¹
1540 725 1615 795 in
1641 723 1899 796 invidia
1922 723 2242 795 facienda
2280 722 2588 813 lentior-2,
2637 723 2808 822 quia

710 867 857 912 non
884 842 1022 913 fere
1044 841 1134 913 ad
1161 840 1343 925 hanc
1371 840 1507 913 nisi
1539 840 1901 914 inferiores
1935 840 2387 938 confugiunt:
2425 858 2492 910 at
2513 840 2588 910 in
2616 838 2810 910 blan·

711 956 1008 1047 diendo,
1041 956 1364 1044 fatendo,
1398 955 1916 1043 satisfaciendo,
1957 956 2299 1053 rogando,
2338 955 2503 1027 lenis
2537 975 2603 1026 et
2640 980 2813 1027 sum-

609 1079 680 1148 64
712 1077 951 1143 missa:
986 1070 1429 1143 suadentium
1448 1126 1468 1158 ‚
1502 1090 1567 1141 et
1592 1069 2071 1158 monentium,
2103 1089 2169 1140 et
2198 1060 2713 1167 pollicentium]
2743 1087 2811 1137 et

710 1184 1222 1256 consolantium
1252 1187 1517 1283 qravis:
1547 1183 1622 1254 in
1655 1204 1847 1254 metu
1885 1203 1950 1254 et
1975 1181 2390 1254 verecundia
2417 1197 2807 1270 contracta,

711 1294 1354 1369 adhortationibus3
1376 1297 1630 1394 fortiS‚
1677 1294 2261 1394 disputationibus
2296 1312 2492 1381 teres,
2530 1294 2811 1366 misera-

710 1413 896 1485 tione
933 1413 1136 1514 flexa
1192 1433 1259 1485 et
1299 1409 1563 1513 flebilis
1579 1410 1634 1497 4,
1688 1432 1754 1483 et
1793 1411 2111 1484 consulto
2160 1411 2356 1511 quasi
2399 1409 2805 1483 obscurior:

712 1548 787 1599 at
827 1528 901 1599 in
941 1526 1447 1626 egressionibus
1474 1527 1689 1626 fusa,
1735 1546 1801 1598 et
1828 1553 2078 1599 securae
2117 1526 2470 1615 claritatis,
2501 1526 2575 1598 in
2605 1552 2814 1625 expo-

715 1642 971 1715 sitione
1015 1669 1094 1714 ac
1142 1642 1584 1715 sermonibus
1625 1658 1847 1731 recta,
1894 1663 1960 1714 et
2002 1642 2181 1715 inter
2216 1665 2507 1715 acutum
2553 1669 2812 1715 sonum

610 1768 679 1822 65
715 1777 781 1828 et
826 1782 1107 1855 gravem
1167 1756 1449 1832 media:
1507 1755 1844 1829 attollitur
1898 1777 2136 1837 autem
2196 1757 2548 1831 concitatis
2598 1757 2815 1829 affec-

719 1870 939 1959 tibus,
987 1871 1385 1970 compositis
1424 1872 1793 1963 descendit,
1841 1898 1966 1971 pro
2009 1873 2367 1972 utriusque
2413 1872 2556 1944 rei-⁹>
2597 1870 2811 1944 modo

642 2114 647 2121 .
720 2047 971 2101 lationem
996 2048 1063 2100 ab
1088 2049 1426 2103 similitudine
1455 2053 1726 2122 quaesitam

718 2141 859 2180 recte
882 2129 1145 2181 Gesnerus
1163 2128 1439 2182 volubilem
1467 2130 1596 2183 alias
1621 2130 1726 2183 dici

720 2219 917 2258 monet.

797 2301 815 2336 1
828 2324 840 2335 .
868 2283 1129 2346 Paulum3
1156 2288 1230 2338 sic
1246 2304 1431 2340 omues
1450 2289 1553 2340 mei
1569 2290 1727 2340 etiam

718 2359 785 2414 de
810 2362 1002 2434 quibus
1027 2376 1163 2416 tacet
1186 2364 1347 2417 Gesn.
1374 2378 1494 2417 aute
1521 2364 1724 2438 Grypb.

718 2462 827 2514 quo
845 2444 981 2496 duce
1001 2445 1189 2515 reliqui
1210 2443 1491 2517 paululum
1505 2483 1524 2510 ‚
1551 2440 1726 2516 nieque

715 2521 876 2574 credo
910 2522 1087 2574 Burin.
1126 2542 1190 2575 ex
1210 2523 1349 2575 Alm.
1373 2525 1526 2577 Voss.
1556 2542 1584 2576 2
1625 2544 1727 2576 no·-

719 2602 851 2651 tanti
870 2598 1167 2669 paululum.
1195 2599 1326 2653 Vide
1350 2602 1425 2667 X,
1446 2619 1508 2670 7,
1535 2602 1629 2669 243
1651 2604 1726 2654 sie

717 2691 772 2730 et
792 2677 836 2748 8.
850 2678 947 2748 94,
961 2679 1124 2731 ΟΔιιι».
1140 2678 1424 2751 paululum
1441 2679 1606 2732 solus}
1625 2681 1730 2733 Sed

716 2758 765 2821 S.
780 2755 850 2826 96
860 2794 877 2822 ‚
891 2770 1078 2827 preter
1088 2758 1358 2809 Tui-icens.
1374 2758 1516 2810 Flor.
1531 2760 1696 2812 Cum
1711 2799 1729 2827 ‚

711 2834 998 2907 paululum
1022 2854 1223 2888 omnes.
1250 2837 1377 2890 Mox
1395 2840 1646 2891 omittunt
1672 2840 1729 2892 in

715 2917 987 2968 Tui-icens.
1004 2916 1142 2975 Flor.
1159 2916 1335 2969 Guelf.
1360 2916 1382 2988 (
1400 2921 1491 2990 qui
1509 2919 1727 2981 etsssolus

716 2997 921 3063 invidi)
943 2995 1103 3048 Goth.
1130 2996 1537 3070 (tac-Gesner.)
1559 3000 1723 3052 Cam.

718 3092 839 3125 cum
866 3073 1001 3125 Alm.
1026 3078 1177 3127 Voss.
1202 3093 1261 3141 2,
1284 3074 1420 3129 vall.
1445 3079 1520 3128 Ex
1539 3077 1724 3130 Ambr.

720 3170 748 3204 2
800 3154 1024 3205 affertur
1067 3154 1277 3226 quidem
1313 3156 1399 3224 in,
1446 3176 1556 3209 non
1599 3160 1727 3210 satis

718 3231 930 3284 confido
954 3245 1146 3285 tamen.
1179 3235 1488 3288 Necessaria
1516 3256 1725 3308 proepo-

719 3312 836 3363 sitio
861 3310 993 3383 (alia
1013 3312 1249 3365 conditio
1268 3314 1344 3381 X,
1376 3331 1395 3365 1
1414 3352 1432 3380 ,
1454 3317 1579 3385 88).
1600 3317 1728 3369 Mox

719 3389 902 3441 Ambr.
932 3405 989 3456 2,
1026 3390 1293 3443 Guelferb.
1318 3392 1443 3445 Exc.
1478 3395 1726 3457 Santens,

722 3466 914 3535 lenior,
952 3487 1073 3520 cum
1098 3470 1288 3521 Joann.
1311 3474 1461 3523 Voss.
1495 3487 1514 3522 ι
1534 3510 1551 3537 ,
1583 3489 1642 3539 2,
1665 3473 1729 3539 3,

722 3546 853 3600 Van.
896 3547 1126 3601 Obrecb.
1166 3549 1377 3616 Levior,
1417 3552 1562 3602 Jens.
1603 3570 1728 3603 cum

720 3640 939 3698 postem
956 3625 1077 3679 edd.
1095 3641 1218 3681 ante
1227 3627 1349 3681 ΔΜ.
1364 3630 1506 3681 Acin
1517 3628 1691 3681 bland.
1706 3669 1725 3696 ‚

718 3708 893 3758 Turic.
917 3705 1056 3758 Flor.
1083 3726 1259 3760 errore
1283 3726 1338 3760 se
1366 3711 1483 3780 ipso
1507 3710 1723 3760 fatente.

719 3784 853 3837 Vide
875 3787 941 3849 V,
960 3785 1013 3851 3,
1039 3802 1088 3836 2.
1113 3786 1184 3836 Et
1208 3785 1243 3838 ι’.
1268 3785 1346 3848 b.‚
1372 3784 1534 3837 Goth.
1560 3784 1672 3837 Aut
1689 3785 1723 3836 ι’.

718 3862 765 3911 b.
779 3902 797 3928 ‚
823 3866 972 3915 Voss.
1001 3863 1052 3915 3.
1072 3893 1144 3903 —
1166 3862 1345 3914 Nostri
1366 3862 1566 3927 codd„
1588 3882 1729 3932 pau-

604 3954 626 3985 1
722 3941 830 3992 lum
856 3982 872 4008 ,
920 3961 1032 3994 exc.
1078 3942 1257 4008 Poul.‚
1300 3945 1392 4014 qui
1423 3942 1724 4017 paululum.

722 4021 849 4072 Mox
865 4021 1021 4074 iidem
1046 4040 1229 4075 omnes
1249 4024 1577 4075 omittunt-in
1602 4037 1727 4075 ante

725 4100 940 4152 invidia.
953 4103 1053 4155 Pro
1064 4100 1254 4155 lentior
1262 4103 1421 4156 iidem
1437 4101 1617 4156 lenior.
1631 4106 1724 4156 Eu.

799 4196 846 4231 2.
874 4178 1099 4232 lentior.
1124 4182 1314 4234 Veram
1337 4183 1475 4236 hanc
1501 4201 1616 4236 esse
1636 4201 1728 4235 vo·

1805 2071 1949 2119 cem,
1996 2073 2094 2125 pro
2135 2073 2239 2124 qna
2277 2052 2388 2106 aliae
2412 2053 2736 2125 objiciuntur
2756 2053 2812 2103 in

1808 2130 2119 2201 quibusdam
2157 2132 2330 2198 libris,
2371 2132 2427 2186 id
2455 2151 2670 2205 quoque
2692 2150 2814 2183 sua·

1806 2208 1896 2262 det
1927 2211 2072 2282 quod
2107 2212 2244 2265 infra
2277 2213 2325 2279 S.
2367 2210 2463 2279 167
2502 2223 2583 2262 est
2621 2209 2816 2262 lentius

1805 2288 1860 2337 in
1885 2288 2038 2339 simili
2081 2290 2366 2353 sententia;
2412 2288 2555 2340 unde
2592 2290 2814 2361 eppei-et

1804 2378 2052 2436 praeterea
2064 2404 2081 2429 ,
2097 2366 2224 2438 quid
2239 2369 2305 2420 sit
2315 2405 2333 2434 ‚
2345 2366 2487 2437 quod
2504 2366 2811 2438 inferiorum

1805 2442 1893 2496 hic
1917 2444 1976 2496 fit
1998 2449 2215 2498 mentio.
2237 2447 2426 2517 Neque
2449 2448 2590 2499 enim
2610 2444 2686 2498 illi
2705 2458 2813 2497 tam

1783 2562 1786 2563 ⁷
1808 2542 1993 2595 aspere
2016 2525 2189 2579 solent
2214 2527 2474 2578 incessere
2502 2524 2694 2598 quibus
2716 2542 2813 2577 no·

1807 2622 1928 2655 cere
1960 2607 2199 2676 cupiunt.
2224 2604 2358 2658 Vide
2381 2618 2435 2657 et
2457 2604 2505 2677 8.
2543 2621 2564 2656 t
2579 2622 2598 2656 1
2615 2622 2658 2656 1.
2698 2604 2815 2656 Hu-

1808 2681 2077 2736 miliomm
2102 2701 2218 2736 esse
2241 2684 2489 2760 inuidiam
2507 2702 2666 2757 supra
2686 2701 2816 2754 quo-

1810 2779 1914 2832 que
1938 2762 2186 2827 vidimus,
2210 2764 2311 2826 XI,
2341 2779 2361 2813 1
2380 2800 2397 2827 ,
2432 2780 2511 2831 ¹7·
2721 2770 2726 2776 '

1885 2842 1937 2896 3.
1953 2840 2428 2894 Adhortationibus.
2443 2840 2582 2893 Flor.
2597 2837 2717 2907 (hic
2731 2837 2815 2890 di-

1808 2920 1988 2993 visim)
2006 2920 2170 2972 cmv.
2195 2919 2363 2993 (Vide
2382 2922 2479 2981 Ill,
2502 2921 2565 2984 6,
2590 2918 2707 2988 53.)
2730 2919 2818 2969 ab·

1809 2998 2816 3063 hortationibus.Guelf.‚adhon-eantibus.

1876 3078 1926 3145 4.
1948 3077 2172 3131 Flebilis.
2196 3078 2373 3130 Turic.
2393 3077 2535 3130 Flor.
2550 3075 2735 3128 Ambr.
2754 3093 2814 3141 2,

1806 3156 1982 3211 Guelf.
2004 3156 2198 3221 cnr..
2220 3154 2498 3231 flexibilis,
2530 3173 2653 3207 cum
2675 3153 2813 3207 Alm.

1805 3239 1961 3288 Voss.
1986 3235 2050 3301 3,
2088 3247 2142 3286 et
2164 3233 2282 3287 edd.
2314 3248 2435 3287 ante
2465 3233 2581 3285 Ald.
2617 3236 2818 3287 Aucto·

1809 3317 1987 3367 ritates
2005 3327 2289 3384 praegravat
2309 3314 2443 3365 ratio
2463 3315 2576 3385 ipsa
2597 3325 2650 3364 et
2661 3309 2815 3363 loeus

1806 3394 2047 3464 geminus
2077 3407 2192 3461 ¹7⁰·
2217 3390 2583 3444 Deinde-stant
2605 3408 2639 3442 a
2661 3389 2816 3443 nobis

1807 3471 1967 3527 Goth.
1985 3470 2123 3523 Voll.
2149 3484 2202 3523 et
2220 3470 2447 3524 fortasse
2465 3469 2669 3541 aliquot
2682 3488 2817 3542 pre-

1811 3566 1887 3604 ter
1913 3549 2030 3602 hos.
2056 3551 2183 3602 Mox
2204 3550 2404 3603 obscuri
2425 3549 2659 3602 oratione
2675 3565 2818 3622 qm-

1806 3628 2028 3684 sionibus
2049 3632 2162 3680 tusa
2178 3666 2194 3692 ,
2216 3630 2393 3681 Tui-ic.
2416 3627 2554 3681 Flor.
2583 3627 2679 3680 ubi
2699 3626 2817 3679 vul-

1807 3722 1931 3780 gata
1967 3721 2110 3758 trans
2144 3709 2286 3778 ipsas
2329 3707 2589 3760 turbantis
2619 3706 2816 3759 librarii

1809 3784 1991 3842 sordes
2017 3784 2268 3855 pellucet.
2295 3784 2475 3837 Ambr.
2503 3803 2561 3849 2,
2586 3803 2635 3837 ο.
2660 3805 2712 3837 a.
2738 3785 2816 3835 in·

1804 3864 2150 3941 gressionibus
2177 3865 2232 3937 f.
2251 3904 2269 3931 ,
2312 3883 2432 3916 cum
2470 3867 2614 3917 Jens.
2660 3866 2815 3916 Tau-v.

1809 3943 1965 3999 Basil.
1992 3945 2053 3995 Ο.
2074 3963 2126 3995 α.
2143 3944 2177 3995 ι’.
2190 3945 2525 4018 gressionibus
2532 3943 2584 4014 f
2600 3983 2617 4009 ,
2640 3942 2815 3996 Guelf-

1815 4028 1878 4079 0.
1914 4028 1962 4078 1.
1990 4043 2166 4101 eyn-ess.
2182 4024 2269 4096 f.,
2297 4023 2459 4077 Cum
2495 4025 2631 4076 Fusa
2661 4023 2822 4073 omit·

1814 4118 1935 4157 tunt
1955 4110 2112 4159 Voss.
2146 4120 2165 4154 1
2185 4141 2202 4168 ‚
2225 4103 2277 4155 3.

1883 4185 1933 4236 5.
1956 4184 2074 4236 Rei.
2090 4180 2271 4233 Ambr.
2296 4198 2355 4247 2,
2371 4178 2547 4233 Guelf.
2571 4179 2822 4231 omittunt
