3200 5159
615 519 1271 587 INSTITUTIONIS
1309 518 1566 584 ORAT.
1609 520 1772 583 LIB.
1811 519 1970 599 xli,
2022 544 2043 584 1
2066 544 2118 584 1.

2297 521 2414 609 591

311 627 418 714 res
484 669 629 715 non
681 642 1064 739 deerunt?)
1116 664 1359 715 tamen
1403 656 1571 731 est¹‚
1619 663 1698 715 ut
1737 643 2037 715 Cicero²
2085 644 2213 732 ait,
2259 644 2422 743 pul-

311 757 561 833 chrum
620 766 691 831 in
734 762 1041 832 secundis
1082 765 1428 859 tertiisque
1456 765 1839 832 consistere.
1889 763 2136 861 Neque
2174 758 2418 832 ³enim
2455 787 2519 840 ²7

308 873 365 945 si
387 874 541 972 quis
555 875 848 947 Achillis
876 875 1169 973 gloriam
1194 875 1269 946 in
1299 870 1567 946 bellicis
1590 875 1924 974 consequi
1949 900 2094 947 non
2120 874 2419 975 4potest,

308 988 545 1089 Ajacis
581 1011 704 1062 aut
739 990 1102 1063 Diomedis
1136 989 1419 1062 laudem
1463 989 1976 1089 aspernabitur3
2025 1016 2253 1089 neque
2298 990 2421 1089 qui

308 1107 601 1178 Homeri
629 1134 769 1179 non
788 1164 807 1195 ‚
831 1107 1117 1205 Tyrtaei.
1153 1107 1351 1198 Quin
1383 1107 1608 1179 immo
1628 1106 1684 1179 si
1707 1107 1890 1179 hanc
1917 1106 2415 1205 cogitationem

308 1221 632 1295 homines
656 1222 1099 1312 habuissent,
1128 1244 1207 1295 ut
1243 1250 1455 1295 nemo
1479 1249 1552 1295 se
1576 1223 1944 1295 meliorem
1972 1224 2120 1295 fore
2150 1249 2265 1312 eo,
2292 1221 2415 1321 qui

310 1339 619 1435 optimus
646 1340 913 1430 fuisset,
946 1340 1419 1427 arbitraretur,
1453 1338 1528 1411 hi
1561 1339 1693 1439 ipsi
1712 1338 1765 1429 ⁵,
1791 1339 1916 1438 qui
1945 1359 2110 1412 sunt
2141 1338 2417 1437 optimi,

308 1480 453 1526 non
516 1456 813 1528 fuissent
851 1487 869 1545 3
926 1478 1158 1556 neque
1184 1454 1217 1501 ⁶
1273 1477 1429 1556 post
1483 1455 1891 1530 Lucretium
1952 1482 2031 1527 ac
2090 1456 2416 1526 Macrum

307 1568 682 1669 Virgilius,
707 1596 838 1643 nec
857 1592 1011 1671 post
1033 1573 1365 1644 Crassum
1391 1590 1457 1642 et
1479 1570 1946 1644 Hortensium
1972 1570 2242 1659 Cicero,
2265 1570 2420 1642 7sed

386 1789 430 1824 ι.
456 1774 563 1825 Est.
599 1774 809 1828 Omittit
830 1775 994 1827 Cam.
1023 1774 1317 1828 Pulchrum

307 1850 364 1903 id
391 1852 650 1916 secundis,
678 1852 856 1904 Tui-ic.
897 1852 960 1904 P.
986 1864 1059 1907 est
1088 1853 1315 1919 soeculis,

307 1932 476 1984 Ceno.
501 1932 784 2004 certisque,
807 1934 986 1986 Turic.
1006 1933 1145 1987 Flor.

382 2029 430 2063 2.
470 2012 539 2064 Ut
574 2012 744 2065 Cicero
776 2013 869 2064 ait.
909 2015 1057 2066 Orat.
1089 2015 1142 2080 1,
1173 2012 1220 2084 §.
1246 2013 1316 2080 4:

317 2114 340 2137 ι
352 2092 528 2143 Prima
547 2093 688 2144 enim
708 2106 1019 2163 sequentem
1038 2092 1323 2146 honestum
1342 2113 1352 2119 ·

312 2185 431 2225 «est
471 2174 525 2224 in
561 2170 810 2225 secundis
846 2174 1118 2245 tertiisque
1147 2175 1325 2225 consi·

317 2274 340 2297 ⁸
354 2263 509 2303 ltere.
529 2275 551 2299 n

378 2331 429 2384 3.
460 2331 621 2383 Enim
648 2332 843 2384 omittit
870 2331 1009 2383 Flor.
1037 2334 1212 2403 spatio
1240 2350 1322 2384 re-

307 2407 452 2461 licto.
484 2407 779 2477 Inbecilla,
813 2410 955 2463 Flor.
981 2424 1035 2462 et
1065 2410 1200 2482 (per
1228 2411 1316 2477 m)

306 2488 481 2541 Guelf.
521 2491 683 2541 Ceut.
725 2507 847 2541 eum
869 2491 1027 2543 Voss.
1066 2507 1130 2557 2,
1170 2491 1316 2543 Jens.

308 2567 568 2633 Imbellis,
592 2570 746 2620 Tarv.
761 2572 897 2621 Ven.
922 2568 1042 2621 Ald.

382 2646 432 2713 4.
463 2644 589 2699 Non
609 2656 793 2717 potest.
810 2647 935 2699 Non
954 2647 1134 2718 possit,
1152 2648 1315 2700 Cnn’.

307 2727 596 2799 Nequequi
607 2724 808 2779 homeri
818 2728 1157 2799 nonfuerunt
1166 2729 1318 2800 quin,

309 2806 486 2857 Turic.
502 2805 640 2857 Flor.
658 2804 833 2858 Guelf.
854 2804 1016 2858 Goth.
1037 2823 1159 2857 cum
1178 2804 1315 2857 Alm.

308 2889 462 2937 Voss».
493 2903 553 2949 2,
584 2883 729 2936 unde
759 2903 856 2956 per
879 2903 1107 2951 meram,
1134 2897 1196 2936 ιιι
1224 2902 1322 2955 ap-

307 2977 494 3037 paret,
531 2966 891 3031 conjecturam
929 2964 1093 3016 Cin.
1138 2964 1323 3035 Neque

310 3041 528 3095 Hesiodi
540 3051 593 3092 et
604 3041 863 3093 Theocriti
877 3042 970 3112 qui
985 3041 1202 3093 Homeri
1214 3060 1321 3093 non

297 3121 524 3195 fuerint.
554 3120 723 3192 Quin,
752 3138 873 3171 cum
897 3118 1017 3171 Ald.
1046 3132 1097 3170 et
1117 3118 1323 3189 aliquot

309 3198 455 3272 apud
478 3200 762 3250 Burmann.
789 3201 980 3249 Veram
1002 3199 1320 3268 scripturam

309 3280 455 3330 Jens.
500 3279 703 3349 primus
746 3275 992 3342 exhibet,
1031 3277 1133 3328 nisi
1175 3274 1321 3348 quod

313 3356 502 3427 Tyrrei
510 3379 529 3417 ,-
543 3374 721 3408 veram
737 3369 915 3407 autem
930 3354 1322 3407 distinctionem

311 3434 473 3486 Bae:
509 3447 569 3485 ut
601 3434 804 3486 mireris
832 3436 1189 3486 Bur-mannum
1218 3433 1321 3485 alia

312 3525 618 3565 tentantem.
650 3511 759 3582 Qui
778 3512 974 3579 nimio,
999 3512 1172 3564 Guelf.
1204 3513 1324 3565 Ho-

311 3593 507 3644 minem
520 3632 537 3659 ‚
551 3589 693 3643 Flor.
714 3592 915 3663 quue,
926 3593 1103 3644 Turic.
1118 3591 1317 3656 stine,

312 3673 492 3724 Tui-ic.
518 3672 658 3723 Flor.
679 3670 855 3723 Guelf.

384 3749 435 3803 5.
470 3750 548 3801 Hi
579 3749 704 3821 ipsi3
740 3751 817 3801 sic
837 3749 1108 3800 'run-icens.
1141 3747 1319 3802 Guelf.

312 3830 474 3883 Cam».
501 3828 555 3879 Ii
582 3828 711 3900 ipsi,
740 3826 929 3900 reliqui
956 3842 1144 3899 praeter
1173 3829 1315 3880 Jens.

314 3921 368 3961 et
386 3922 605 3980 poster-r.
630 3922 753 3961 ante
771 3907 891 3961 Ald.
911 3910 1001 3978 qui
1020 3907 1148 3961 dent
1169 3907 1209 3959 ii
1225 3909 1321 3982 qui

316 3988 415 4059 ipsi
435 3997 572 4040 sunt.
596 3986 701 4039 Sed
723 4005 825 4059 que
841 3996 992 4053 sunt,
1014 3985 1155 4039 Flor.
1181 3988 1323 4041 Sunt

314 4069 511 4120 omittit
539 4067 715 4120 Guelf.
742 4067 1006 4134 Lucretio,
1035 4066 1174 4120 Flor.
1208 4067 1324 4120 Aut

314 4146 593 4213 Macrum,
629 4146 898 4201 Guelferb.
932 4147 1012 4202 Ac
1042 4148 1283 4202 Marcum
1298 4188 1319 4217 ,

315 4226 481 4279 Cur.
510 4228 800 4280 cumVoss.
826 4245 874 4280 2.

1469 1776 1523 1828 6.
1549 1776 1734 1847 Neque
1745 1785 1878 1847 post.
1889 1774 2068 1827 Turic.
2085 1773 2227 1825 Flor.
2238 1773 2416 1826 Guelf.

1398 1854 1561 1906 cin».
1578 1852 1741 1906 Goth.
1758 1856 1788 1905 J
1793 1870 1927 1918 ens.,
1942 1870 2037 1904 nec
2051 1862 2172 1923 post
2183 1852 2417 1923 (tacente

1394 1932 1588 2003 Gesn.)
1611 1945 1666 1983 et
1687 1944 1915 2003 posterr.
1939 1943 2068 1982 aute
2088 1929 2290 2003 Gryph.
2310 1930 2418 1982 Ne-

1399 2029 1501 2083 que
1532 2020 1686 2083 post,
1730 2010 1936 2084 reliqui.
1971 2009 2267 2063 Ciceronem
2296 2010 2417 2078 sed,

1402 2090 1582 2143 Turic.
1610 2091 1749 2144 Flor.

1475 2186 1526 2238 7.
1541 2170 1702 2223 884..
1720 2169 1953 2221 vicerint.
1969 2169 2073 2221 Sed
2090 2188 2186 2221 nec
2204 2167 2289 2222 illi
2303 2181 2425 2240 post

1402 2267 1486 2302 eos
1505 2251 1768 2315 vicerunt,
1784 2249 1962 2301 Turic.
1985 2248 2218 2301 Florent.
2240 2248 2418 2301 Guelf.

1403 2346 1526 2379 cum
1549 2327 1739 2379 Almel.
1766 2325 1900 2398 (nisi
1932 2325 2078 2398 quod
2102 2346 2166 2379 ex
2189 2326 2295 2380 hoc
2319 2346 2419 2399 pro

1397 2417 1518 2478 post
1536 2407 1758 2458 affertur
1771 2423 1811 2478 p
1835 2424 1959 2457 cnm
1976 2405 2173 2458 lineola
2198 2407 2419 2459 inferius

1401 2499 1700 2539 transversa
1718 2525 1734 2552 ‚
1770 2486 1915 2559 quod
1940 2485 2069 2539 alias
2095 2500 2176 2538 est
2195 2486 2329 2559 per).
2365 2489 2417 2540 S.

1401 2585 1454 2617 n.
1471 2564 1572 2617 alii
1584 2572 1704 2636 p'ost
1714 2582 1798 2616 eos
1813 2566 2069 2631 vicerunt,
2087 2564 2236 2617 Bodl.
2252 2567 2419 2619 Can.

1398 2646 1563 2698 Andr.
1585 2644 1710 2697 Ald.
1730 2646 1785 2698 S.
1811 2664 1866 2696 n.
1887 2666 1938 2697 a.
1960 2657 2138 2719 postea
2164 2648 2417 2713 vicerunt,

1398 2725 1559 2779 Goth.
1578 2726 1737 2777 Voss.
1772 2743 1831 2791 α,
1863 2725 2026 2778 Cani».
2055 2737 2106 2777 et
2136 2724 2258 2777 edd.
2296 2739 2420 2779 ante

1400 2805 1520 2857 ΔΜ.
1540 2834 1610 2845 -—
1627 2806 1811 2859 Nostri
1839 2804 2041 2871 Codd.,
2076 2806 2166 2857 sed
2189 2822 2296 2857 nec
2321 2804 2422 2858 alic·

1394 2894 1573 2956 postca
1596 2887 1861 2950 vicerunt,
1891 2887 1993 2936 nisi
2019 2883 2165 2955 quod
2192 2904 2293 2957 pro
2320 2885 2421 2938 alii

1400 2966 1506 3018 Ru.
1535 2982 1597 3035 7,
1625 2982 1719 3030 ιο,
1754 2983 1806 3017 ιι
1840 2964 1939 3017 illi.
1966 2967 2060 3016 En.
2092 2994 2161 3005 —
2187 2965 2293 3019 Sed
2319 2983 2417 3019 nee

1400 3043 1498 3095 alii
1530 3053 1708 3115 postea
1747 3042 1980 3093 vicerint.
2006 3044 2130 3094 Haec
2165 3056 2418 3115 corrupta

1401 3140 1516 3173 esse
1553 3123 1746 3172 mirum
1785 3132 1866 3172 tot
1901 3122 2042 3172 viros
2080 3119 2273 3175 doctos
2301 3140 2416 3175 non

1400 3200 1591 3253 vidisse
1608 3239 1626 3267 ,
1651 3214 1793 3252 certe
1821 3219 1932 3252 non
1955 3199 2164 3253 dixisse.
2203 3203 2340 3254 Nam
2370 3204 2416 3254 ei

1400 3278 1620 3330 verbum
1642 3279 1858 3331 vicerint
1880 3297 2163 3332 commune
2188 3294 2268 3332 est
2284 3300 2418 3353 prae·

1400 3357 1715 3411 cedentibus
1731 3360 1915 3421 etiarm
1942 3358 2107 3429 quid?
2123 3361 2413 3413 vicerintne

1399 3455 1577 3490 revera
1595 3476 1613 3504 ,
1636 3437 1818 3508 judice
1852 3438 2218 3506 Quintiliano,
2248 3439 2414 3512 aliqui

1399 3515 1676 3586 Virgilium
1718 3529 1769 3568 et
1805 3518 2116 3570 Ciceronem
2133 3518 2157 3567 ἰ’
2197 3518 2303 3572 Sed
2343 3538 2413 3571 ne

1401 3609 1544 3648 recte
1569 3595 1785 3669 quidem
1809 3595 1920 3648 haec
1934 3598 2233 3667 junguntur
2258 3621 2280 3645 α
2299 3617 2409 3651 non

1406 3697 1429 3721 «ι
1446 3677 1689 3740 fuissent,
1699 3693 1932 3746 neque...
1944 3677 2181 3728 vicerint.
2192 3701 2214 3725 n
2229 3677 2411 3745 Quare

1398 3754 1536 3821 hoc,
1570 3758 1782 3828 opinor,
1817 3769 2018 3807 certum
2053 3768 2165 3821 est,
2199 3770 2412 3809 senten-

1397 3837 1525 3888 tiam
1548 3834 1848 3888 absolutam
1873 3853 1988 3887 esse
2012 3837 2066 3887 in
2088 3838 2304 3890 nomine
2328 3837 2411 3891 Ci-

1399 3933 1512 3967 cero
1528 3955 1545 3983 ‚
1583 3925 1869 3985 menteque
1897 3913 2244 3986 repetendum
2272 3915 2413 3988 opti·-

1399 4010 1512 4044 ωας
1548 4011 1656 4044 non
1684 3991 1892 4064 fuisset.
1931 3994 2011 4044 lta
2043 3992 2202 4045 verba
2240 3995 2340 4047 sed.
2362 4034 2376 4047 .
2395 4032 2409 4045 .

1401 4072 1620 4124 vicerint
1648 4071 1887 4122 futurum
1913 4083 2124 4144 tempus
2149 4085 2411 4145 spectent.

1400 4153 1473 4203 At
1494 4150 1581 4203 hic
1607 4169 1793 4204 sensus
1819 4151 2182 4224 superioribus
2210 4172 2309 4224 per
2323 4152 2416 4207 sed

1399 4229 1552 4284 nuno
1566 4230 1732 4283 modo
1748 4234 1960 4285 annecti
1981 4244 2207 4306 poterat.
2227 4232 2413 4286 Solum
