3200 5159
774 472 1431 547 INSTITUTIONIS
1467 474 1724 540 ORAT.
1769 474 1932 539 LIB.
1972 475 2131 554 XII,
2173 475 2236 540 8.
2435 477 2561 565 493

450 624 603 693 test,
622 601 960 704 quicquid
987 600 1226 700 recipit
1248 600 1321 670 in
1343 598 1694 700 ejusmodi
1724 598 2254 697 disceptatione¹
2283 620 2564 690 natura;

453 718 982 818 interrogandus
1007 743 1223 816 quam
1249 713 1697 786 infestissime
1717 771 1736 804 ,
1773 741 1854 786 ac
1881 715 2338 814 premendus3
2367 743 2560 807 nam,
2606 748 2661 782 ιι

374 914 384 930 .
452 834 625 906 dum
660 833 903 906 omnia
932 831 1348 932 quaerimuS,
1381 828 1762 928 aliquando
1797 829 1885 901 ad
1918 857 2161 922 verum
2184 845 2241 921 ²,
2272 831 2397 903 ubi
2428 831 2566 903 mi-

449 950 646 1021 nime
673 947 1252 1048 exspectavimuS,
1280 945 1768 1046 pervenimus:
1806 945 1879 1016 in
1903 972 2217 1034 summa,
2253 947 2562 1045 optimus

451 1086 552 1137 est
604 1066 678 1137 in
737 1064 1067 1137 discendo
1109 1083 1443 1162 patronus
1489 1061 1937 1152 incredulus3
1987 1061 2325 1161 promittit
2369 1062 2562 1134 enim

449 1180 752 1280 litigator
792 1180 1071 1267 omnia,
1116 1198 1360 1250 testem
1395 1176 1777 1277 populum,
1825 1176 2284 1276 paratissimas
2328 1179 2560 1250 consi-

450 1297 810 1394 gnationes
833 1294 886 1385 ³,
924 1296 1158 1396 ipsum
1198 1294 1505 1394 denique
1543 1292 2019 1365 adversarium
2058 1293 2381 1392 quaedam
2415 1320 2559 1366 non

452 1434 916 1511 negaturum;
964 1411 1266 1511 ideoque
1309 1439 1485 1511 opus
1523 1431 1627 1484 est
1670 1410 1929 1482 intueri
1972 1409 2230 1483 omne‘*
2261 1411 2403 1484 litis
2441 1412 2558 1483 in-
2600 1444 2659 1480 ια

449 1547 920 1602 strumentum
952 1554 967 1598 :
1013 1526 1205 1627 quod
1238 1527 1472 1599 videre
1508 1552 1653 1599 non
1689 1547 1790 1597 est
1817 1526 2013 1614 satiS‚
2051 1526 2556 1626 perlegendum

444 1643 623 1732 erit3
660 1669 827 1714 nam
870 1643 1435 1741 frequentissime
1474 1663 1595 1714 aut
1637 1669 1781 1714 non
1814 1664 1980 1715 sunt
2025 1643 2355 1733 omnine,
2399 1670 2556 1742 quae

449 1759 1067 1858 promittebantur,
1099 1779 1218 1832 aut
1242 1759 1481 1832 minus
1506 1759 1910 1848 continent,
1936 1778 2057 1830 aut
2077 1785 2243 1830 cum
2273 1759 2412 1831 alio
2437 1759 2559 1830 ali-

451 1901 591 1974 quo
624 1874 944 1947 nocituro
983 1874 1324 1975 permixta
1358 1895 1553 1962 sunt,
1586 1893 1714 1945 aut
1754 1872 1980 1945 nimia
2019 1893 2188 1945 sunt
2228 1894 2294 1944 et
2340 1872 2557 1945 fidem

447 1989 579 2063 hoc
615 1992 762 2091 ipso
795 1992 1215 2084 detractura,
1242 1992 1431 2091 quod
1463 2017 1608 2064 non
1641 1991 1903 2063 habent
1936 1990 2252 2062 modum.
2287 1988 2555 2061 ⁵Deni-
2596 2007 2659 2061 13

447 2206 811 2278 Dis-putationi
821 2243 838 2270 ,
853 2207 1031 2261 Tur-ic.
1047 2207 1188 2261 Flor.
1204 2209 1459 2282 Disputa-

446 2285 615 2351 tione,
642 2285 777 2337 Alm.
801 2287 1208 2358 Discrepatione,
1225 2291 1380 2340 Voss.
1407 2305 1456 2339 2.

526 2383 569 2417 1.
594 2366 820 2418 Natura.
845 2368 1054 2433 Turic.,
1083 2372 1255 2420 notri.
1286 2368 1457 2434 Flon,

447 2454 710 2497 naturum.
737 2446 932 2512 Cama,
958 2465 1101 2498 nam.

522 2540 573 2575 2.
614 2523 701 2575 Ad
728 2542 926 2576 verum.
964 2524 1142 2591 Flor.,
1176 2525 1248 2576 ad
1283 2525 1458 2579 verbo-

448 2619 593 2669 rum,
620 2620 743 2656 cum
766 2603 1021 2657 Almelov.
1058 2604 1456 2673 Pervenimus,

445 2686 599 2735 Voss.
630 2702 675 2750 r,
698 2683 827 2737 Obr.
852 2685 1144 2753 Permittit,
1168 2687 1313 2739 Jens.
1329 2686 1453 2740 Non

441 2773 736 2836 egetur-am,
766 2766 944 2817 Turio.

515 2841 566 2893 3.
584 2842 1020 2916 Consiqnationes.
1040 2841 1200 2896 -Vide
1213 2844 1450 2897 Tur-neb.

450 2921 569 2985 εΗ,
602 2918 734 2971 Adv.
770 2936 854 2990 ²7·
893 2922 1317 2993 Consiqnationes
1352 2922 1452 2975 inae

448 3021 473 3046 ιι
493 3012 617 3053 suut
647 2997 841 3052 tabuloe
865 2999 1277 3066 testimoniales,
1311 3001 1455 3055 obsi-

448 3100 473 3125 «
492 3093 692 3148 gnatae,
725 3076 793 3131 de
829 3078 1021 3149 quibus
1047 3076 1221 3144 lib.V,
1249 3097 1368 3150 cap.
1402 3099 1451 3150 7.

448 3180 473 3205 ιι
490 3160 824 3212 Testationes
851 3159 1060 3210 vocavit
1083 3175 1203 3229 cap.
1230 3158 1262 3209 3
1294 3157 1455 3228 hujus

448 3258 472 3283 α
486 3234 640 3288 libri·
650 3235 824 3308 (§.5.).
836 3238 1457 3308 Capperonueriusffuu-

442 3313 613 3369 nebus
646 3316 685 3369 l.
710 3315 746 3368 1.
788 3335 913 3368 cum
946 3329 1131 3368 nostro
1171 3316 1292 3368 loco
1331 3331 1454 3389 apte

442 3397 717 3467 componit
743 3395 889 3448 hunc
912 3396 1022 3448 Cic.
1050 3413 1149 3467 pro
1173 3396 1359 3463 Quint.
1380 3397 1416 3450 6
1438 3419 1450 3448 :

447 3499 472 3522 α
491 3477 849 3529 Necessarios.
868 3516 880 3528 .
904 3515 915 3526 .
936 3489 1198 3552 ⁸corrogat
1214 3497 1229 3538 ;
1247 3513 1260 3527 .
1281 3515 1293 3527 .
1315 3514 1327 3526 .
1358 3495 1453 3529 ve-

449 3578 473 3602 ·
492 3558 647 3608 niunt
668 3555 974 3627 frequentes
991 3576 1007 3618 ς
1037 3554 1340 3628 testificatur
1355 3558 1454 3608 iste

449 3637 548 3687 ·P.
582 3635 859 3703 Quintium
896 3653 1006 3688 non
1044 3637 1269 3701 stitisse,
1307 3649 1361 3687 et
1396 3656 1453 3689 se

449 3735 472 3760 a
492 3716 713 3776 stitisse3
731 3712 919 3766 tabuloe
934 3713 1181 3765 maximoe
1192 3713 1352 3788 siquis
1368 3712 1456 3765 12⁰-

446 3814 471 3839 ·
492 3793 699 3846 minum
726 3789 984 3844 nobilium
1011 3793 1402 3866 consignantur.
1424 3815 1446 3839 n

513 3874 564 3941 4.
594 3874 780 3926 Omne.
806 3871 964 3938 Ome,
984 3873 1163 3923 Turic.
1190 3872 1347 3924 Latus
1369 3873 1453 3923 in-

439 3961 755 4018 strumenta,
779 3950 957 4002 Turic.
978 3949 1212 4002 Florem.
1244 3950 1297 4004 V
1294 3950 1424 4002 ideri
1431 3990 1450 4018 ,

439 4030 605 4082 Cam».
625 4027 909 4095 Nocitura,
934 4031 1113 4081 Turic.
1134 4028 1274 4081 Flor.
1303 4032 1450 4082 Jens.

441 4126 567 4160 cum
601 4106 721 4162 edd.
755 4123 879 4162 ante
905 4109 1023 4162 Ald.
1052 4109 1170 4161 Hoc
1193 4124 1317 4163 ante
1340 4112 1452 4184 ipso

444 4188 640 4240 omittit
663 4187 838 4240 Guelf.
866 4207 976 4241 non
992 4186 1155 4264 male.

1612 2208 1664 2262 5.
1692 2207 1991 2281 Denique...
2014 2224 2148 2260 cera.
2171 2207 2348 2259 Turic.
2378 2204 2550 2272 Flor.,

1539 2288 1765 2360 denique
1780 2287 1949 2340 linum
1967 2299 2078 2339 tum
2095 2305 2228 2359 rupa
2241 2297 2337 2337 aut
2350 2286 2552 2338 turbata

1539 2377 1703 2433 certe,
1737 2369 1837 2419 nisi
1875 2366 2022 2439 quod
2056 2365 2145 2418 hic
2185 2384 2313 2418 cere.
2353 2366 2513 2418 Cun’.
2532 2401 2551 2430 ,

1539 2443 1659 2495 den.
1676 2443 1771 2495 lin.
1786 2455 1925 2516 rupt.
1941 2456 2093 2517 rupta
2107 2456 2199 2496 aut
2214 2445 2418 2496 turbata
2434 2461 2551 2496 cera

1539 2522 1645 2594 (sic
1677 2522 1856 2595 Spald.
1895 2524 2112 2595 quidem
2148 2525 2414 2588 enotavit,
2449 2525 2551 2576 nisi

1538 2604 1687 2676 quod
1714 2607 1770 2656 in
1792 2623 1925 2656 voce
1945 2617 2081 2676 rupt.
2107 2606 2162 2657 in
2186 2606 2446 2676 superiori
2467 2603 2551 2656 lit-

1538 2695 1661 2735 terae
1686 2693 1709 2733 t
1727 2697 1880 2755 parte
1902 2682 2148 2736 lineolam
2180 2683 2550 2755 imperfectam

1536 2760 1775 2828 addidit,
1796 2781 1956 2834 quam
1980 2781 2090 2814 non
2113 2760 2390 2834 intelligo).
2418 2763 2484 2814 D.
2509 2761 2546 2814 Ι.

1534 2850 1748 2912 ruptum
1785 2852 1881 2892 aut
1916 2841 2121 2892 turbata
2156 2852 2366 2905 cetera,
2391 2845 2546 2894 Voss.

1544 2936 1589 2984 ι,
1611 2920 1673 2981 3,
1700 2921 1855 2971 Bern.
1890 2921 2057 2988 Mar-g.
2089 2919 2259 2972 Stoer.
2291 2923 2544 2973 Nostram

1534 2997 1669 3068 (nisi
1701 2997 1848 3068 quod
1880 2996 2206 3070 Guelferbst.
2251 3010 2304 3052 et
2339 2996 2546 3069 aliquot

1537 3076 1658 3129 edd.
1683 3078 1837 3148 coera)
1860 3076 1989 3129 dant
2010 3078 2185 3130 Guelf.
2211 3078 2373 3134 Goth.
2397 3083 2544 3133 Jens.
2583 3103 2586 3108 ·

1537 3168 1590 3209 et
1619 3154 1741 3207 edd.
1769 3175 1954 3208 omnes
1988 3170 2112 3209 ante
2140 3159 2315 3209 Burm.
2351 3159 2546 3231 quibus

1536 3233 1685 3287 libris
1723 3234 2038 3287 accensendi
2073 3237 2215 3290 MSS.
2259 3240 2416 3290 etiam
2455 3240 2547 3310 qui

1536 3314 1778 3379 silentur,
1801 3327 1862 3366 ut
1885 3315 2022 3367 Alm.
2038 3317 2194 3368 Voss.
2223 3334 2270 3369 2.
2296 3318 2549 3371 Burman-

1534 3412 1637 3446 nus
1661 3408 1838 3447 autem
1861 3396 2063 3466 primus
2095 3399 2298 3468 recepit
2329 3401 2545 3471 conjec-

1534 3488 1707 3526 turam
1721 3473 1961 3527 Salmasii
1973 3473 2117 3545 (vide
2136 3488 2247 3528 not.
2265 3496 2378 3548 seq.
2392 3477 2546 3549 extr.)

1537 3554 1794 3606 turbatam
1819 3572 2006 3606 ceram.
2026 3556 2125 3607 Cui
2141 3574 2303 3628 quum
2321 3556 2442 3609 libri
2457 3577 2544 3610 ve-

1535 3636 1664 3687 tusti
1688 3647 1830 3686 certe
1853 3652 1964 3686 non
1991 3636 2364 3706 suffragentur,
2394 3640 2544 3690 resti·

1533 3712 1733 3767 tuenda
1766 3717 1950 3786 utique
1987 3729 2101 3767 erat
2130 3718 2352 3787 pristina
2375 3721 2547 3791 scrip-

1533 3805 1651 3846 tura
1667 3832 1683 3860 ,
1712 3806 1771 3845 ut
1793 3792 2019 3846 liberum
2043 3793 2110 3847 de
2138 3793 2261 3847 loco
2287 3796 2540 3850 aliorsum

1534 3874 1692 3924 etiam
1716 3870 1830 3924 utili
1848 3870 2109 3943 judicium
2133 3872 2539 3945 relinqueretur.

1534 3951 1805 4022 Scriptura
1840 3970 2002 4023 porro
2037 3951 2168 4006 Obr.
2198 3954 2542 4009 intervenient

1532 4030 1655 4084 loco
1686 4030 1827 4084 illins
1853 4031 1999 4102 quod
2030 4051 2156 4084 mox
2183 4029 2375 4104 legitur
2396 4034 2538 4089 inve-

1532 4112 1672 4176 nies,
1703 4111 1982 4164 manifesta
2021 4125 2101 4165 est
2128 4116 2386 4166 correctio
2422 4119 2537 4187 ejus

1533 4192 1626 4262 qui
1643 4187 1776 4242 illud
1795 4190 1993 4242 turbata
2016 4208 2132 4242 cera
2156 4193 2539 4247 nominativum
