3200 5159
625 534 1283 603 INSTITUTIONIS
1320 533 1578 599 ORAT.
1620 534 1783 597 LIB.
1822 533 1981 613 XII,
2033 558 2054 598 1
2077 558 2129 598 1.

2308 535 2426 623 591

322 644 429 730 res
493 686 642 732 non
692 657 1076 755 deerunt?)
1128 679 1369 730 tamen
1414 670 1582 746 est¹,
1630 677 1710 729 ut
1749 658 2047 731 Cicero²
2096 658 2225 745 ait,
2270 657 2433 757 pul-

322 774 572 849 chrum
632 782 703 848 in
746 777 1052 848 secundis
1094 779 1440 874 tertiisque
1468 780 1851 847 consistere.
1901 777 2148 873 Neque
2185 772 2214 819 ³
2237 775 2430 846 enim
2466 800 2531 853 27

320 889 377 962 si
398 891 554 988 quis
567 891 860 963 Achillis
888 890 1181 989 gloriam
1208 890 1281 961 in
1311 884 1579 961 bellicis
1601 889 1937 988 consequi
1961 912 2108 961 non
2131 888 2161 945 4
2174 910 2431 988 potest,

320 1005 557 1106 Ajacis
593 1027 715 1079 aut
751 1006 1114 1079 Diomedis
1148 1004 1431 1077 laudem
1474 1004 1988 1104 aspernabitur3
2036 1030 2266 1103 neque
2310 1003 2434 1103 qui

320 1123 614 1195 Homeri
641 1150 783 1195 non
800 1180 819 1211 ,
843 1122 1129 1221 Tyrtaei.
1165 1122 1364 1213 Quin
1395 1122 1620 1194 immo
1639 1121 1696 1194 si
1719 1121 1902 1193 hanc
1930 1120 2428 1219 cogitationem

321 1238 644 1310 homines
668 1239 1110 1328 habuissent,
1140 1260 1219 1310 ut
1256 1265 1467 1311 nemo
1492 1265 1563 1310 se
1590 1237 1955 1309 meliorem
1984 1238 2132 1308 fore
2162 1264 2277 1326 eo,
2304 1235 2427 1335 qui

323 1355 631 1452 optimus
659 1356 925 1446 fuisset,
958 1343 1431 1443 arbitraretur,
1466 1353 1541 1426 hi
1572 1353 1777 1453 ipsi5,
1803 1353 1926 1453 qui
1957 1373 2122 1425 sunt
2154 1352 2428 1451 optimi,

320 1497 466 1542 non
526 1472 823 1544 fuissent
864 1502 881 1561 3
939 1496 1171 1572 neque
1197 1469 1229 1515 ⁶
1286 1491 1443 1571 post
1496 1469 1903 1544 Lucretium
1964 1496 2043 1541 ac
2103 1470 2429 1540 Macrum

320 1584 694 1685 Virgilius,
719 1613 850 1659 nec
870 1607 1024 1686 post
1046 1588 1379 1659 Crassum
1404 1605 1470 1657 et
1492 1584 1959 1658 Hortensium
1984 1584 2255 1673 Cicero,
2278 1583 2433 1656 ⁷sed

399 1805 443 1840 t.
470 1789 577 1841 Est.
612 1791 822 1842 Omittit
843 1790 1007 1844 CAttr.
1035 1789 1330 1843 Pulchrum

319 1864 377 1918 id
404 1868 662 1932 secundis,
690 1868 869 1920 Tur-ic.
910 1869 973 1920 P.
999 1879 1073 1922 est
1102 1868 1328 1935 soeculis,

319 1947 490 2001 Cam».
514 1948 796 2020 certisque,
820 1950 999 2001 Turio.
1019 1948 1159 2001 Flor.

396 2045 443 2079 2.
483 2028 553 2079 Ut
587 2028 757 2081 Cicero
789 2029 883 2080 ait.
922 2030 1070 2083 Orat.
1100 2030 1156 2095 l,
1187 2027 1234 2099 §.
1259 2027 1330 2096 4:

330 2130 353 2153 ι
366 2108 540 2159 Prima
561 2109 702 2159 enim
721 2122 1032 2179 sequentem
1050 2107 1337 2161 honestum
1356 2128 1365 2135 ·

325 2201 444 2241 «est
483 2190 539 2240 in
575 2186 824 2241 secundis
860 2190 1132 2262 tertiisque
1161 2190 1339 2241 consi·

330 2290 353 2314 ⁸
368 2279 523 2320 Utere.
541 2291 565 2315 ιο

392 2348 442 2401 3.
474 2346 637 2399 Enim
663 2348 857 2400 omittit
884 2347 1023 2399 Ποῖ.
1051 2350 1224 2419 spatio
1254 2365 1336 2400 re-

321 2424 466 2478 licto.
499 2424 794 2494 Inbecillis,
827 2426 968 2478 Flor.
995 2441 1047 2479 et
1079 2426 1214 2499 (per
1242 2427 1330 2493 m)

320 2506 496 2558 Guelf.
535 2508 697 2558 Cum
739 2524 863 2557 cum
883 2507 1042 2559 vose.
1080 2523 1144 2572 α,
1184 2507 1329 2559 June.

322 2584 583 2651 Imbellis,
605 2586 760 2636 Tarv.
775 2588 912 2637 Ven.
937 2583 1057 2636 Ald.

397 2662 447 2729 4.
477 2662 602 2716 Non
624 2673 807 2734 potest.
825 2662 951 2715 Non
968 2663 1148 2734 possit,
1166 2664 1329 2716 Cun’.

322 2744 611 2816 Nequequi
621 2741 822 2796 homeri
833 2743 1332 2816 nonfueruntquin‚

323 2824 501 2874 Turio.
517 2822 655 2873 Flor.
673 2820 848 2874 Guelf.
868 2820 1030 2874 Goth.
1051 2838 1174 2873 cum
1192 2819 1330 2872 Alm.

322 2906 477 2955 Voss.
508 2920 567 2966 2,
598 2898 744 2952 unde
773 2919 872 2971 per
894 2920 1122 2966 meram,
1151 2913 1209 2951 ut
1238 2918 1336 2970 ap-

322 2994 508 3054 paret,
545 2982 906 3047 conjecturam
943 2980 1108 3031 Cnn».
1153 2980 1338 3050 Neque

325 3059 541 3112 Hesiodi
555 3066 607 3108 et
619 3057 878 3109 Theocriti
892 3058 984 3128 qui
1000 3056 1216 3108 Homeri
1228 3075 1335 3108 non

312 3138 538 3212 fuerint.
569 3137 738 3208 Quin,
767 3155 890 3187 cum
913 3134 1032 3187 Ald.
1061 3147 1113 3185 et
1132 3133 1337 3205 aliquot

324 3214 470 3288 apud
492 3215 777 3266 Burmann.
804 3217 995 3265 Veram
1018 3213 1336 3283 scripturam

324 3297 470 3347 lena.
514 3295 718 3365 primus
761 3291 1007 3357 exhibet,
1047 3292 1148 3343 nisi
1190 3289 1337 3363 quod

328 3372 516 3443 Tyn-ei
525 3395 545 3433 ,-
558 3390 737 3424 veram
752 3384 929 3423 autem
945 3370 1337 3421 distinctionem

326 3450 453 3501 Bad.
474 3472 488 3500 ε
524 3463 585 3501 ut
616 3451 819 3502 mireris
847 3452 1206 3501 Burmannum
1233 3448 1336 3500 alia

328 3541 633 3580 tentantem.
665 3527 774 3598 Qui
794 3528 989 3594 nimio,
1013 3527 1188 3579 Guelf.
1219 3528 1339 3580 Ho-

326 3609 522 3660 minem
535 3648 552 3675 ,
566 3605 708 3659 Flor.
729 3608 1118 3678 quue5'1'uric.
1134 3607 1332 3671 Fuisse,

329 3689 507 3741 'rm-ic.
535 3688 674 3739 Flor.
695 3686 870 3739 Guelf.

400 3765 452 3819 5.
486 3766 563 3817 Hi
595 3765 720 3836 ipsi3
755 3767 833 3817 sic
853 3765 1123 3815 Turicens.
1156 3763 1334 3817 Guelf.

328 3847 490 3899 Cam.
517 3845 570 3896 Ii
596 3844 726 3916 ipsi,
756 3842 945 3916 reliqui
971 3856 1159 3914 praeter
1188 3844 1331 3895 Jena.

330 3938 384 3978 et
402 3939 621 3997 posterr.
646 3938 769 3977 ante
787 3923 906 3977 Ald.
927 3925 1017 3993 qui
1036 3922 1163 3974 dant
1185 3922 1225 3973 ii
1241 3923 1337 3996 qui

333 4005 431 4077 ipsi
451 4014 588 4057 sunt.
612 4003 716 4056 Sed
739 4021 841 4076 que
857 4011 1007 4067 sunt,
1029 4000 1172 4053 Flor.
1197 4002 1339 4055 Sunt

331 4086 527 4136 omittit
556 4083 731 4136 Guelf.
758 4083 1022 4151 Lucretio,
1049 4083 1092 4135 F
1093 4081 1190 4135 lor.
1224 4081 1339 4134 Aut

331 4162 609 4228 Macrum,
645 4163 913 4217 Guelferb.
947 4164 1028 4218 Ac
1058 4163 1335 4232 Marciani,

333 4241 498 4295 Cur.
526 4244 815 4296 eumVou.
842 4261 891 4296 2.

1482 1791 1537 1843 6.
1562 1790 1747 1861 Neque
1758 1799 1892 1861 post.
1902 1789 2081 1841 Turio.
2098 1787 2429 1840 Flor.Guelf.

1412 1869 1575 1921 CAur.
1591 1867 1754 1920 Goth.
1771 1869 1940 1932 Jens.,
1956 1884 2051 1918 nec
2065 1876 2184 1937 post
2196 1866 2430 1937 (tacente

1408 1947 1601 2018 Gesn.)
1625 1960 1679 1998 et
1701 1960 1927 2017 posterr.
1953 1957 2080 1996 ante
2101 1943 2303 2016 Gryph.
2323 1944 2432 1996 Ne-
2493 1936 2502 1945 ⁴

1412 2045 1514 2099 que
1545 2035 1699 2098 post,
1743 2024 1950 2098 reliqui.
1986 2024 2280 2077 Ciceronem
2309 2024 2398 2075 sed
2409 2063 2430 2092 ,

1416 2106 1596 2158 Turio.
1623 2106 1763 2158 Flor.

1489 2201 1540 2254 7.
1555 2185 1716 2238 884...
1734 2183 1924 2235 vicen-in
1933 2193 1967 2234 t.
1983 2183 2087 2235 884
2104 2202 2200 2235 nec
2218 2181 2303 2235 illi
2316 2194 2439 2254 post

1415 2282 1500 2317 eos
1519 2266 1783 2329 vicerunt,
1798 2263 1976 2315 Turio.
1999 2262 2231 2315 Florent.
2254 2262 2432 2314 Guelf.

1416 2361 1540 2395 oum
1563 2342 1753 2394 Almel.
1780 2339 1914 2412 (nisi
1946 2339 2092 2412 quod
2116 2359 2180 2392 ex
2203 2339 2309 2392 hoe
2333 2359 2433 2412 pro

1410 2432 1530 2493 post
1550 2422 1772 2473 affertur
1785 2437 1825 2492 p
1849 2438 1973 2472 cum
1991 2419 2188 2472 lineola
2213 2421 2433 2471 inferius

1415 2514 1713 2554 &ansversa
1732 2539 1749 2566 ,
1784 2500 1929 2573 quod
1954 2499 2082 2553 alias
2109 2513 2189 2553 est
2209 2499 2342 2572 per).
2379 2502 2432 2553 S.

1414 2600 1467 2632 n.
1485 2579 1585 2632 alii
1598 2588 1718 2651 p'ost
1728 2597 1813 2631 eos
1828 2581 2082 2645 vicerunt,
2101 2578 2250 2631 Bodl.
2266 2581 2433 2632 Can.

1412 2660 1577 2713 Andr.
1601 2659 1724 2712 Ald.
1745 2661 1798 2712 8.
1825 2678 1880 2710 n.
1901 2680 1952 2711 α.
1974 2671 2152 2732 postea
2178 2662 2430 2726 vicerunt,

1412 2739 1573 2793 Goth.
1592 2740 1753 2791 vose.
1786 2758 1845 2805 2,
1878 2740 2040 2791 Cnu».
2069 2751 2120 2791 et
2150 2737 2273 2791 edd.
2310 2752 2434 2792 ante

1414 2819 1534 2872 Ald.
1555 2820 1826 2874 —Noatri
1852 2818 2055 2884 codd.,
2090 2820 2180 2871 sed
2203 2836 2311 2870 nec
2335 2818 2436 2872 alii

1408 2909 1587 2971 postca
1613 2901 1876 2965 vicerunt,
1906 2900 2008 2950 nisi
2034 2897 2180 2969 quod
2206 2917 2307 2970 pro
2334 2899 2435 2952 alii

1415 2981 1521 3033 Ru.
1550 2996 1613 3050 7,
1639 2996 1733 3043 to,
1768 2997 1821 3031 tt
1855 2978 1953 3031 itti.
1982 2980 2074 3029 En.
2107 3006 2176 3019 —-
2201 2979 2308 3032 Sed
2334 2997 2431 3033 nec

1414 3056 1513 3110 alii
1545 3068 1724 3129 postea
1762 3056 1994 3108 vicerint.
2021 3058 2145 3107 Haee
2180 3070 2432 3129 corrupta

1416 3154 1531 3188 esse
1568 3138 1760 3187 mirum
1799 3147 1882 3186 tot
1917 3136 2057 3186 viros
2095 3133 2287 3188 doctos
2316 3154 2430 3189 non

1417 3215 1641 3281 vidisse,
1666 3228 1808 3267 certe
1837 3232 1946 3266 non
1971 3213 2178 3267 dixisse.
2219 3217 2356 3267 Nam
2385 3217 2431 3268 si

1415 3293 1635 3345 verbum
1658 3293 1874 3345 vicerint
1895 3311 2178 3345 commune
2203 3307 2284 3346 est
2299 3313 2432 3367 Ρη·

1416 3372 1729 3425 cedentibus
1745 3374 1930 3435 etiam3
1957 3371 2122 3443 quid?
2138 3374 2428 3426 vicerintne

1414 3469 1594 3505 revera
1612 3490 1628 3518 ,
1652 3451 1834 3521 judice
1867 3451 2233 3520 Quintiliane»,
2263 3452 2429 3526 aliqui

1413 3530 1692 3601 Virgilium
1734 3543 1785 3582 et
1820 3531 2132 3583 Ciceronem
2148 3531 2173 3579 ἐ’
2212 3532 2318 3586 Sed
2358 3550 2428 3585 ne

1416 3624 1559 3663 recte
1585 3610 1799 3682 quidem
1823 3608 1936 3661 haec
1949 3611 2247 3680 junguntur
2273 3635 2296 3658 α
2315 3630 2426 3664 non

1422 3712 1445 3735 α
1462 3691 1705 3754 fuissent,
1715 3707 1947 3759 neque...
1960 3691 2229 3741 vicerint.»
2245 3691 2427 3758 Quare

1414 3769 1551 3836 hoc,
1585 3772 1797 3842 opinor,
1832 3782 2034 3821 certum
2069 3781 2181 3835 est,
2215 3784 2428 3822 senten-

1412 3852 1540 3902 tiam
1564 3847 1864 3902 absolutam
1888 3866 2004 3901 8888
2027 3851 2080 3902 in
2103 3851 2321 3902 nomine
2344 3850 2427 3903 cn·-

1415 3947 1528 3981 cero
1544 3969 1561 3997 ‚
1599 3940 1886 3999 menteque
1913 3927 2260 3999 repetendum
2288 3928 2428 4001 opti·

1415 4024 1528 4059 mus
1565 4024 1672 4058 non
1700 4005 1909 4078 fuisset.
1949 4007 2026 4057 lta
2060 4006 2220 4058 verba
2256 4007 2355 4060 sed.
2380 4047 2392 4059 .
2412 4044 2426 4059 .

1417 4085 1635 4138 vicerint
1664 4085 1903 4136 futurum
1929 4097 2140 4157 tempus
2165 4098 2427 4158 spectent.

1417 4167 1487 4218 At
1510 4165 1599 4218 bic
1624 4183 1809 4218 sensus
1835 4164 2199 4238 superioribus
2226 4185 2325 4238 per
2340 4165 2432 4220 sed

1415 4244 1568 4299 nuno
1582 4244 1748 4298 modo
1764 4247 1976 4299 annecti
1997 4258 2223 4320 poterat.
2244 4245 2430 4299 Solum
