3200 5159
785 491 915 572 420
1354 488 1448 552 M.
1488 488 1714 553 mnu
1754 487 2312 571 QUINTILIANI

781 609 1157 684 familiaris
1185 609 1592 709 diligentia,
1619 631 1690 684 et
1715 610 2016 683 venandi
2040 609 2359 710 voluptas
2376 667 2396 701 ,
2432 634 2501 684 et
2529 612 2668 685 dati
2697 638 2892 713 spec·

782 726 1028 800 taculis
1062 725 1244 816 dies,
1290 725 1597 798 multum
1638 725 1884 799 studiis
1925 726 2255 799 auferunt
2295 726 2507 825 (huic
2545 727 2739 799 enim
2788 728 2893 801 rei

777 841 958 942 perit
980 862 1289 941 tempuS,
1320 840 1795 941 quodcunque
1818 839 2019 913 alteri
2045 840 2318 938 datur);
2353 840 2526 941 quid
2554 861 2891 940 putamus

773 958 1074 1030 facturas
1120 954 1652 1053 cupiditatem¹,
1700 953 2101 1046 avaritiam,
2150 953 2537 1026 invidiam?
2580 982 2891 1054 quarum

778 1068 1375 1170 impotentissimae
1408 1067 1864 1167 cogitationes
1898 1094 2183 1142 somnos
2220 1070 2479 1143 etiam²
2507 1091 2575 1141 et
2607 1069 2728 1142 illa
2759 1096 2888 1170 pet·

774 1186 1087 1288 quietem
1116 1185 1264 1258 visa
1300 1184 1731 1285 perturbant.
1768 1184 1969 1259 Nihil
2002 1183 2147 1258 est3
2183 1185 2374 1258 enim
2409 1207 2553 1258 tam
2586 1212 2888 1287 occupa-

769 1325 922 1375 tum
942 1360 961 1392 ,
996 1323 1140 1374 tam
1177 1300 1613 1373 multiforme
1631 1358 1652 1392 ,
1686 1321 1787 1374 tot
1818 1325 1897 1372 ac
1924 1320 2071 1372 tam
2094 1300 2302 1376 variis
2326 1301 2694 1375 affectibus
2720 1329 2885 1375 con-

771 1417 1047 1490 cisum4
1095 1438 1302 1514 atque
1346 1417 1761 1506 laceratum,
1810 1441 2026 1515 quam
2074 1415 2265 1488 mala
2306 1443 2548 1489 mens:
2602 1444 2772 1489 nam
2816 1439 2886 1490 et

767 1558 994 1631 quum
1043 1530 1459 1623 insidiatur,
1506 1557 1672 1631 spe,
1727 1529 1962 1621 curis',
2010 1529 2248 1603 labore
2294 1531 2764 1630 distringitur3
2816 1554 2885 1606 et

758 1645 944 1748 jam,
985 1672 1211 1745 quum
1247 1645 1524 1719 sceleris
1557 1643 1892 1745 compos⁵
1938 1644 2079 1717 fuit
2097 1644 2153 1737 ⁶,
2184 1646 2693 1738 sollicitudine,
2729 1675 2882 1748 poe-

764 1761 1100 1852 nitentia,
1154 1788 1520 1862 poenarum
1567 1762 1897 1834 omniurn
1947 1763 2452 1862 exspectatione
2498 1785 2879 1863 torquetur.

766 1878 950 1968 Quis
984 1878 1167 1950 inter
1199 1877 1345 1952 haec
1374 1878 1661 1972 litteris,
1697 1897 1820 1951 aut
1857 1876 1988 1952 ulli
2022 1879 2266 1952 bonae7
2299 1879 2432 1953 arti
2465 1878 2702 1952 locus?
2729 1907 2877 1953 non

840 2075 883 2109 ι.
915 2057 1280 2130 Cupiditatem.
1297 2057 1432 2112 Vide
1446 2060 1513 2126 V,
1538 2076 1597 2111 ι2
1615 2097 1632 2127 ,
1647 2058 1711 2125 6,
1729 2069 1782 2110 et

764 2156 887 2189 mox
924 2139 971 2205 S.
1016 2137 1114 2203 24,
1155 2133 1418 2210 cupiditas
1450 2141 1779 2209 'corrumpat

766 2218 894 2269 Mox
929 2215 1028 2286 1·th
1057 2234 1156 2288 per
1177 2216 1403 2288 quietem
1433 2217 1567 2280 visa,
1593 2215 1649 2269 id
1671 2229 1781 2281 est,

708 2351 719 2376 Ι
764 2298 971 2349 somnia
994 2313 1152 2347 nemo
1180 2314 1287 2347 non
1308 2299 1669 2348 accusativum
1692 2314 1785 2347 ac-

762 2376 989 2445 ceperit,
1023 2391 1123 2424 uec
1154 2371 1443 2445 quidquam
1468 2372 1593 2425 hinc
1622 2372 1783 2425 alieni

760 2452 953 2518 habet,
998 2455 1054 2504 in
1092 2470 1200 2522 quo
1239 2466 1416 2505 tamen
1454 2451 1618 2505 heret
1652 2455 1782 2505 Bur-

684 2573 687 2580 .
762 2550 986 2584 mannus
1003 2568 1021 2597 ,
1069 2529 1215 2600 quod
1261 2530 1570 2601 impotentes
1603 2530 1780 2603 affec·

764 2622 913 2662 tuum
946 2607 1284 2681 coqitationes
1302 2608 1612 2680 perturbant
1641 2625 1781 2662 sont-

764 2689 885 2754 nia,
920 2686 976 2740 id
1003 2699 1110 2752 est,
1148 2698 1348 2737 terrore
1386 2703 1447 2737 ea
1486 2685 1776 2757 complent.

767 2769 891 2821 Visa
910 2765 1295 2818 nominativum
1314 2765 1612 2816 existimare
1627 2766 1781 2817 susti-

764 2851 880 2902 nuit
905 2848 1132 2917 Capper.

838 2947 885 2981 2.
917 2927 1099 2979 Etiam
1123 2933 1203 2985 εἰς
1236 2925 1311 2975 sic
1335 2925 1609 2976 Tui-icens.
1633 2922 1773 2976 Flor.

762 3010 926 3062 Canto.
942 3024 1066 3058 cum
1087 3002 1226 3055 Alm.
1249 3004 1491 3055 luserunt
1514 3003 1648 3074 ipsos
1666 3003 1780 3055 reli-

765 3088 874 3159 qui.
887 3082 1193 3137 Per-turbent
1200 3119 1219 3148 ,
1232 3079 1410 3132 Ambr.
1433 3096 1461 3131 2
1474 3118 1491 3145 ,
1503 3078 1774 3133 Guelferb.

763 3183 889 3218 cum
919 3164 1064 3214 Jens.
1088 3162 1240 3212 Tar-v.
1271 3187 1345 3198 —
1367 3158 1552 3211 Nostri
1574 3156 1777 3226 codd„

760 3243 1080 3320 perturbent.
1108 3241 1204 3291 En.

836 3324 887 3378 3.
926 3318 1084 3374 Nihil
1114 3330 1188 3372 est
1211 3315 1375 3369 enim.
1412 3317 1607 3383 Cana,
1640 3314 1780 3368 nihil

763 3404 905 3456 enim
924 3412 1013 3454 est.
1032 3399 1241 3453 Omittit
1266 3409 1376 3449 tam
1389 3395 1550 3449 Goth.
1576 3394 1779 3450 Celem-

767 3497 908 3548 tum,
938 3482 1213 3533 Turicens.
1247 3477 1385 3529 Flor.
1422 3477 1574 3529 Mens
1598 3476 1776 3544 mala,

763 3562 942 3618 Floril.
967 3561 1113 3614 Sam.
1151 3577 1262 3610 non
1285 3556 1544 3629 displicet.
1580 3558 1778 3628 Specu-

764 3644 880 3709 riis,
902 3640 1079 3692 Tui-ic.
1115 3638 1236 3689 Proe
1260 3635 1421 3699 curis,
1452 3635 1629 3688 Guelf.
1652 3653 1778 3687 cum

764 3721 928 3778 Goth.
956 3719 1110 3769 Voss.
1138 3733 1166 3768 2
1185 3753 1203 3782 ,
1223 3717 1369 3767 Jens.
1393 3716 1548 3767 Tar-v·
1580 3714 1779 3767 Labore

766 3802 963 3856 omittit
983 3800 1257 3851 Tur-icens.
1281 3794 1423 3848 Flor.
1441 3814 1565 3847 cum
1583 3795 1776 3849 Almel.

764 3882 943 3935 Etiam
959 3896 1079 3930 eum
1096 3915 1114 3944 ‚
1132 3875 1314 3927 Ambr.
1336 3893 1362 3926 2
1376 3912 1393 3942 ,
1410 3873 1588 3927 Guelf.
1610 3874 1772 3928 Goth.

764 3965 911 4018 Jens.
937 3958 1071 4029 (tac.
1091 3954 1285 4027 Gesn.)
1307 3955 1468 4008 Cant».
1495 3973 1617 4007 cum
1639 3953 1772 4007 Van.

760 4057 818 4097 et
838 4040 985 4094 editt.
1017 4050 1138 4090 ante
1158 4035 1280 4087 Ald.
1319 4036 1392 4088 Et
1422 4034 1581 4087 etiam
1619 4053 1770 4102 cum,

766 4124 920 4174 Voss.
936 4118 987 4171 3.
1003 4117 1201 4169 Etcum
1214 4153 1232 4181 ,
1244 4112 1361 4167 Ald.
1380 4111 1448 4165 de
1464 4113 1614 4185 Regii
1627 4116 1770 4186 conj.

765 4197 861 4254 aed
885 4199 957 4249 tic
981 4208 1035 4247 et
1054 4191 1232 4247 Flora.
1256 4192 1401 4246 Sant.

1932 2058 1985 2126 4.
2008 2060 2282 2116 concisum
2297 2072 2455 2133 atque
2471 2059 2776 2114 laceratum.
2794 2061 2878 2111 An

1861 2136 2129 2204 dicemus,
2174 2139 2514 2192 obversatum
2551 2157 2666 2193 ease
2697 2137 2880 2191 locum

1861 2215 2222 2284 Platonicum,
2269 2236 2376 2290 quo
2412 2220 2630 2291 respicit
2659 2219 2878 2270 Tacitus

1862 2295 2054 2347 Annal.
2065 2298 2134 2348 v!
2146 2334 2163 2362 ,
2177 2296 2232 2349 6.
2244 2298 2269 2348 ἲ
2281 2296 2413 2349 Vide
2424 2295 2615 2349 Heind.
2634 2295 2702 2349 ad
2715 2296 2877 2368 Gorg.

1861 2373 1991 2427 Plat-
2013 2373 2057 2445 ς.
2083 2393 2180 2446 ¹7⁰
2193 2412 2211 2441 ,
2226 2395 2281 2448 p.
2308 2376 2428 2446 269.
2451 2375 2544 2428 Est
2559 2378 2700 2428 enim
2720 2375 2881 2446 longe

1862 2456 2265 2508 convenientior
2292 2456 2464 2508 Taciti
2494 2454 2667 2508 verbis
2699 2455 2790 2509 ille
2816 2474 2883 2508 ex

1855 2531 2060 2603 Gorgia
2067 2533 2308 2606 prolatus
2322 2551 2506 2587 sensus
2517 2572 2535 2600 ,
2546 2553 2705 2606 quam
2717 2553 2878 2606 quem

1861 2609 2064 2664 indicat
2084 2612 2294 2684 Lipsius
2313 2611 2635 2684 Reipublicae
2655 2613 2792 2665 Plat.

1933 2687 1983 2741 5.
2000 2691 2219 2762 Compos
2222 2689 2357 2760 suit.
2370 2690 2580 2743 Dictum
2591 2710 2690 2763 pro
2702 2690 2875 2745 hisce:

1858 2783 2070 2839 compos
2086 2767 2268 2838 factus
2298 2779 2388 2821 est.
2423 2767 2578 2842 [Nisi
2601 2772 2738 2823 forte
2765 2789 2882 2824 me·

1858 2845 1961 2899 lius
1974 2849 2047 2897 ita
2060 2846 2434 2918 explicandum
2447 2869 2463 2901 ι
2483 2851 2716 2922 patmvit
2735 2850 2883 2925 quod

1860 2924 2044 2979 voluit.
2071 2925 2309 3000 Βοττι]

1930 3005 1981 3057 6.
2013 3006 2390 3078 Compoafui23
2416 3009 2491 3059 sic
2515 3006 2678 3060 Cur.
2717 3011 2877 3062 Com-

1854 3086 2329 3157 posuit‚Turicens.
2346 3085 2487 3138 Flor.
2499 3086 2876 3160 Componoerit,

1858 3163 1996 3216 Alm.
2018 3165 2237 3237 Compos
2247 3163 2438 3235 fuerit,
2455 3165 2660 3238 reliqui.
2677 3169 2873 3223 Poenit.

1856 3253 1909 3295 et
1917 3262 2058 3313 poen.
2069 3283 2089 3312 ‚
2100 3244 2277 3297 Floril.
2295 3245 2438 3297 Sant.
2449 3246 2876 3303 Sollicitudinem

1857 3322 2126 3390 omnium,
2145 3322 2342 3388 Turia,
2361 3327 2544 3396 poenit.
2555 3344 2699 3397 poen.
2717 3331 2877 3382 omis-

1858 3402 1946 3452 sis.
1967 3400 2246 3456 Articulos.
2270 3404 2400 3457 Non
2414 3441 2433 3469 ,
2454 3403 2593 3456 Flor.
2613 3406 2796 3460 Ambr.
2823 3424 2873 3460 2.

1856 3478 1977 3530 Arci
2012 3478 2198 3533 culm.
2239 3480 2308 3532 N.
2322 3521 2341 3550 ,
2378 3484 2523 3534 Jens.
2561 3502 2686 3535 cum
2720 3485 2871 3539 editt.

1856 3571 1999 3630 post.
2026 3574 2148 3612 ante
2171 3560 2291 3614 Ald.
2320 3581 2433 3614 acc.
2463 3562 2586 3615 Bad.
2612 3563 2870 3632 Hercule,

1856 3637 2030 3691 Guelf.
2065 3637 2212 3693 solus
2239 3640 2328 3694 hic
2352 3642 2597 3714 quidem;
2626 3644 2745 3698 vide
2769 3647 2876 3716 xl,

1858 3717 1920 3784 3,
1944 3734 1995 3788 9.
2023 3720 2258 3786 Interea,
2279 3723 2425 3775 Jens.
2446 3741 2688 3777 meorum
2703 3725 2871 3780 aolus.

1932 3813 1979 3867 7.
2004 3798 2119 3849 Aut
2142 3799 2246 3851 ulli
2274 3801 2420 3853 bonoe
2446 3802 2566 3853 arti.
2594 3806 2873 3875 Apparere

1855 3888 2019 3947 puto,
2055 3888 2221 3930 artem
2246 3877 2335 3932 hic
2356 3883 2647 3951 generatim
2673 3882 2782 3936 dici
2802 3884 2874 3938 de

1859 3955 2006 4006 omni
2052 3960 2443 4029 occupatione,
2493 3958 2870 4027 inme-apua,

1856 4033 2122 4102 moribus,
2159 4054 2266 4088 non
2292 4039 2506 4110 proprie
2529 4036 2596 4090 de
2619 4039 2874 4093 eruditio-

1853 4131 1923 4166 ne
1934 4152 1952 4180 ,
1966 4117 2202 4186 quaejam
2219 4131 2329 4168 erat
2349 4119 2404 4169 in
2423 4116 2620 4171 litteris.
2641 4119 2888 4174 Plerumm

1854 4210 1959 4272 que
1995 4195 2137 4246 enim
2175 4194 2322 4249 bona
2355 4204 2491 4250 artes
2532 4211 2654 4250 sunt
2689 4196 2871 4253 homi-

2325 4424 2360 4448 N
