3200 5159
658 482 1302 550 INSTITUTIONIS
1338 483 1590 550 ORAT.
1632 483 1790 551 LIB.
1830 486 1954 563 XI,
1996 489 2056 552 3.
2270 481 2394 568 345

324 600 628 697 nudant,
682 627 748 679 et
792 607 864 679 in
899 607 1079 679 latus
1113 634 1191 678 ac
1224 633 1420 705 paene
1456 608 1547 679 ad
1589 635 1832 681 aurem
1868 611 2237 682 trahuntur
2262 667 2280 699 ,
2328 629 2398 681 et

320 720 508 794 velut
546 721 853 820 quodam
886 720 1157 793 fastidio
1190 722 1645 820 replicantur,
1698 744 1762 795 et
1803 724 2137 822 pendent,
2174 743 2242 796 et
2273 748 2397 793 vo-

322 860 475 906 cem
498 848 515 879 ¹
562 854 837 906 tantum
869 833 1076 907 altera
1109 854 1296 933 parte
1332 835 1737 909 dimittunt:
1779 837 2085 910 lambere
2119 862 2400 936 quoque

321 974 403 1019 ea
446 968 514 1020 et
555 947 902 1037 mordere,
936 948 1245 1021 deforme
1296 970 1430 1039 est,
1477 977 1699 1049 quum
1748 952 1954 1024 etiam
1989 952 2060 1022 in
2089 950 2398 1023 efficien-

200 1068 228 1078 “
322 1063 426 1136 dis
480 1064 704 1137 verbis
755 1064 1069 1137 modicus
1135 1091 1379 1137 eorum
1447 1091 1586 1138 esse
1638 1066 1887 1140 debeat
1936 1088 2223 1139 motus:
2283 1092 2397 1138 ore

324 1177 513 1249 enirn
543 1178 798 1277 magiS,
838 1205 1052 1277 quam
1086 1177 1328 1268 labris,
1365 1179 1800 1278 loquendum
1834 1201 1952 1254 est.
1992 1195 2017 1225 ²
2043 1180 2396 1253 Cervieem
2431 1195 2497 1245 82

324 1314 578 1367 rectam
613 1314 875 1393 oportet
910 1320 1086 1383 esse,
1129 1320 1272 1366 non
1316 1293 1611 1394 rigidam
1634 1352 1652 1385 ,
1699 1317 1822 1369 aut
1853 1298 2178 1397 supinam
2204 1312 2232 1367 :'
2261 1294 2403 1368 col-

326 1407 479 1482 lum
504 1408 765 1481 diversa
793 1408 1078 1507 quidem
1101 1407 1155 1496 3,
1185 1407 1306 1481 sed
1336 1410 1483 1509 pari
1519 1411 1948 1484 deformitate
1979 1432 2045 1484 et
2072 1409 2404 1482 contrahi·
2453 1497 2462 1507 .

325 1545 440 1596 tur
471 1542 536 1596 et
563 1522 899 1612 tenditur;
935 1523 1053 1596 sed
1086 1544 1278 1596 tenso
1310 1524 1543 1597 subest
1574 1546 1643 1597 et
1672 1525 1903 1616 labor,
1938 1544 2398 1622 tenuaturque

318 1665 448 1711 vox
477 1665 555 1711 ac
582 1638 908 1738 fatigatur
941 1666 955 1709 :
992 1639 1281 1711 affixum
1302 1637 1337 1701 4
1365 1641 1620 1740 pectori
1654 1662 1975 1714 mentum
2004 1640 2239 1712 minus
2267 1639 2401 1710 cla-

322 1777 509 1844 ram,
557 1774 626 1824 et
658 1752 857 1852 quasi
888 1751 1202 1826 latiorem
1234 1781 1465 1853 presso
1508 1775 1786 1855 gutture
1817 1755 2006 1828 facit.
2050 1757 2399 1826 Humero-
2431 1770 2497 1823 83

325 1894 482 1940 rum
525 1894 675 1941 raro
716 1868 1015 1941 decens-⁵
1055 1868 1373 1943 allevatio
1407 1893 1614 1972 atque
1658 1872 2033 1945 contractio
2062 1892 2207 1943 est:
2244 1870 2402 1942 bre-

322 2048 420 2098 tari
455 2059 676 2099 conatur
711 2047 931 2100 Badius:
985 2069 1007 2093 ι
1035 2046 1322 2117 (fortasse)

329 2126 437 2177 «de
478 2124 812 2179 inferioribus
843 2138 1049 2178 tantum
1085 2125 1321 2198 loquitur

329 2227 352 2250 ι
370 2202 617 2276 (labris):
643 2222 792 2270 nam,
830 2206 873 2257 si
909 2216 1128 2274 utraque
1155 2202 1321 2257 dedu·

329 2306 352 2329 a
371 2296 580 2347 cantur,
600 2300 707 2334 uon
726 2282 990 2335 nudentur
1004 2280 1215 2335 dentes:
1234 2301 1323 2335 ve-

329 2385 353 2410 «
371 2380 486 2413 rum
506 2379 604 2433 pro
627 2361 841 2415 divertis
859 2359 1219 2432 intelligatur,
1260 2375 1321 2413 ut

329 2462 353 2487 a
373 2452 522 2511 turpe
545 2440 612 2491 sit
642 2452 694 2491 et
720 2438 963 2490 deducere
983 2450 1032 2490 et
1067 2437 1239 2507 facere
1262 2450 1321 2491 ut

329 2547 353 2572 a
370 2524 695 2577 denudentur
721 2523 907 2576 dentes.
927 2548 951 2571 ι
971 2553 1043 2564 -
1062 2526 1142 2577 De
1172 2522 1320 2577 hisce

327 2603 566 2656 omnibus
581 2602 697 2655 vide
710 2603 932 2676 Buffon,
953 2603 1024 2654 H.
1037 2604 1108 2655 N.
1130 2604 1183 2655 in
1200 2622 1316 2675 cap.

323 2683 434 2756 Aye
452 2681 587 2735 viril.
604 2683 854 2754 Descript.
870 2682 933 2733 de
948 2679 1209 2732 Phemme.
1223 2682 1315 2733 En.

401 2778 420 2813 1
433 2800 445 2812 .
462 2762 707 2814 Vocem...
715 2771 864 2833 parte
876 2759 1164 2812 dimittunt.
1176 2762 1321 2812 «lmi-

332 2864 355 2887 ·
375 2855 568 2909 tantur,
591 2839 696 2894 hoe
718 2854 870 2911 gestu
894 2858 1014 2904 eos,
1038 2841 1129 2912 qui
1151 2839 1317 2892 altero

332 2941 356 2965 ι
373 2919 631 2972 labiorum
652 2918 847 2989 angulo
869 2917 1113 2969 tubulum
1138 2928 1321 2970 tenent

332 3021 355 3045 ι
373 2998 692 3064 Nicetiana,
729 2996 894 3050 altero
932 2998 1194 3069 apertiore
1230 2996 1318 3048 fu-

333 3097 356 3121 ·
379 3093 521 3127 mum
550 3072 746 3126 efflant.
766 3098 790 3121 ι
822 3073 1103 3127 Gesnerus.

400 3171 449 3205 α.
476 3154 746 3208 Cer-vicem.
769 3153 943 3206 Turio.
976 3152 1114 3205 Flor.
1135 3154 1317 3218 cina,

327 3250 443 3284 marn
473 3251 518 3284 c.
553 3234 848 3284 Postremus
881 3234 1037 3284 etiam
1069 3240 1313 3302 oporteat.

327 3310 426 3363 Pro
462 3309 657 3362 collum
682 3310 857 3362 Turio.
897 3308 1032 3362 Flor.
1072 3306 1281 3381 longum
1298 3346 1317 3374 ,

329 3407 450 3441 cum
470 3387 725 3440 Almelov.
750 3390 933 3440 Inserit
962 3388 1015 3439 in
1047 3399 1168 3439 ante
1195 3386 1312 3438 coll.

329 3467 488 3518 Cur.
505 3465 767 3528 Trahitur,
779 3467 902 3517 Tur.
919 3465 1057 3518 Flor.
1074 3465 1123 3516 Ε
1125 3460 1316 3532 Remo,

328 3544 480 3596 iidem
496 3565 511 3607 ;
537 3546 662 3597 item
683 3543 867 3598 labore.
883 3546 1133 3611 Florent.,
1148 3546 1321 3599 minus

328 3624 549 3677 clarum.

401 3703 452 3756 3.
494 3702 706 3756 Diversa
745 3703 970 3775 quidem.
1010 3704 1149 3756 Cave
1182 3702 1319 3756 banc

329 3781 671 3834 diversitatem
695 3783 877 3834 referri
897 3794 1050 3853 putes
1075 3781 1142 3834 ad
1164 3783 1321 3834 cervi·

328 3875 438 3909 cem
464 3876 576 3929 quse
597 3859 859 3930 praebedit.
882 3860 1111 3912 Pertinet
1132 3858 1235 3911 hoc
1254 3858 1322 3911 ad

331 3935 550 3991 alterum
576 3939 736 4009 ipsius
759 3935 886 3991 colli
905 3940 1102 3991 vitium.

402 4014 451 4081 4.
477 4012 717 4087 Affixum
739 4017 935 4087 pectori
957 4026 1210 4066 mentum.
1234 4016 1324 4067 Ni-

330 4091 406 4143 hil
442 4091 528 4144 hic
564 4095 774 4165 proprie
798 4093 864 4146 de
888 4104 1061 4146 mento
1087 4095 1325 4166 proecipi-

1399 2048 1527 2103 colli
1553 2052 1737 2103 vitium
1779 2050 2086 2123 exponitur,
2122 2045 2266 2119 quod
2305 2045 2396 2112 fit,

1400 2148 1564 2201 qutun
1595 2131 1651 2182 iu
1676 2143 1863 2203 pectus
1890 2126 2190 2201 procumbit
2216 2139 2394 2197 caput.

1401 2207 1528 2260 Inde
1565 2221 1645 2260 est
1681 2206 1824 2278 quod
1866 2206 2026 2259 latior
2058 2222 2171 2275 quae
2201 2206 2312 2274 jam
2339 2203 2398 2256 fit

1398 2304 1498 2339 vox
1535 2286 1820 2358 respondet
1857 2288 1905 2337 ei
1939 2303 2052 2357 quoe
2090 2281 2248 2336 modo
2285 2295 2398 2334 erat

1401 2375 1627 2416 tenuata.
1658 2365 1833 2433 Quare
1863 2362 2165 2415 hebetiorem
2189 2379 2289 2433 pro
2315 2359 2397 2410 la-

1401 2442 1611 2508 tiorem,
1633 2443 1731 2494 noli
1750 2440 2034 2506 Obrecbti‚
2057 2453 2116 2490 ut
2138 2440 2398 2510 suspicor,

1398 2522 1610 2592 ingenio
1629 2521 1857 2575 debitam
1878 2523 2215 2593 scripturam,
2239 2517 2395 2590 plane

1400 2618 1507 2651 non
1544 2599 1738 2672 probo.
1775 2593 2290 2651 Pseudo-Turnebus
2320 2604 2395 2645 te-

1401 2690 1620 2731 nuatam
1637 2697 1819 2731 vocem
1850 2678 2039 2748 repetit
2067 2674 2218 2739 inde,
2251 2673 2397 2744 quod

1398 2756 1628 2811 distento
1652 2756 1792 2809 collo
1821 2756 2065 2809 tendatur
2097 2755 2287 2806 arteria
2315 2766 2397 2805 at-

1400 2854 1501 2908 que
1534 2850 1812 2900 tenuetur-3
1847 2839 2024 2907 itaque
2057 2853 2155 2886 vox
2186 2835 2251 2885 sit
2283 2835 2397 2885 exi-

1397 2913 1525 2976 lion
1557 2928 1770 2981 contra,
1799 2932 1961 2985 quum
1995 2910 2300 2964 detrabatur
2325 2910 2393 2962 de

1398 2994 1725 3064 longitudine
1762 2994 1958 3045 arteriae
1978 3030 1995 3057 ,
2032 2989 2267 3042 eamdem
2311 3002 2393 3040 ta-

1397 3089 1517 3123 men
1544 3071 1657 3124 fleri
1678 3071 1916 3123 latiorem
1940 3082 1990 3121 et
2010 3071 2083 3122 aie
2102 3069 2393 3137 graviorem

1397 3166 1580 3201 vocem
1595 3166 1885 3219 erumpere.
1901 3147 2061 3200 Recte
2075 3145 2190 3212 iue,
2206 3149 2248 3197 si
2265 3145 2394 3218 quid

1398 3226 1568 3280 video.

1469 3305 1516 3359 5.
1538 3304 1673 3358 Raro
1691 3304 1884 3358 decem.
1901 3304 2076 3355 Turio.
2097 3303 2235 3354 Flor.
2257 3304 2393 3354 inse·
2413 3360 2426 3369 ,

1397 3396 1522 3437 runt
1538 3394 1605 3436 et.
1625 3384 1806 3447 Cum,
1827 3398 1943 3433 rara
1962 3391 2011 3433 et
2029 3379 2078 3432 d.
2099 3382 2392 3445 Turicem„

1397 3461 1561 3515 adlev.
1598 3460 1774 3525 Flor.,
1815 3461 2168 3512 contractatio.
2202 3456 2392 3523 Goth„

1398 3539 1765 3602 contradictio,
1806 3539 1899 3608 qui
1931 3551 1983 3588 et
2018 3556 2080 3588 ac
2113 3554 2211 3607 pro
2238 3547 2395 3606 atque

1397 3617 1520 3689 (tac.
1542 3617 1927 3688 Gesn.).Turiq.
1947 3615 2106 3679 Flor.,
2124 3614 2390 3666 breviatus.

1399 3698 1594 3761 ciue„
1632 3695 1871 3747 breviata.
1899 3697 2052 3745 Voss.
2095 3708 2113 3743 ι
2132 3730 2148 3757 ,
2185 3694 2390 3763 conjux.

1399 3773 1961 3846 Gueff-,fmudentum.
1973 3774 2175 3836 Locat.,
2192 3760 2392 3831 habitu,

1401 3872 1523 3906 cum
1540 3856 1672 3904 Ven.
1702 3853 1893 3913 Rusc.;
1932 3867 2030 3901 nee
2068 3847 2297 3913 habitus,
2335 3859 2394 3897 ut

1404 3944 1553 4004 putat
1573 3932 1784 3994 Burm.,
1811 3927 1903 3981 sed
1928 3926 2209 3979 ablativum
2240 3938 2291 3977 et
2319 3924 2394 3976 le·

1401 4015 1477 4084 git
1504 4025 1557 4064 et
1578 4009 1891 4082 improbavit
1919 4007 2126 4059 Badius.
2149 4005 2395 4057 Admira-

1407 4092 1557 4144 tiom's
1601 4092 1848 4142 omittunt
1888 4085 2064 4138 Ambr.
2112 4103 2139 4137 a
2157 4124 2174 4152 ,
2220 4082 2394 4138 Guelf-

333 4184 445 4238 tur,
492 4171 583 4224 sed
623 4174 771 4246 prius
817 4171 942 4225 illud
989 4170 1327 4226 contrahendi
1405 4166 1816 4233 cumvou.n,3.
1835 4167 2023 4232 Natus,
2040 4163 2396 4229 Bad.exAld.,
