3200 5159
748 485 878 563 564

1318 482 1414 545 Μ.
1455 479 1684 544 FABII
1719 478 2281 562 QUINTILIANI

744 606 1152 704 regionum¹
1196 630 1275 676 ac
1320 602 1709 674 fluminum
1775 602 2112 703 ²proprii,
2156 601 2852 702 ³deprehenduntnr.

634 739 704 791 68
744 722 1156 820 Eademque
1210 719 1498 792 musicis
1545 718 1717 790 ratio
1752 736 1874 790 ‘est
1905 776 1924 809 ‚
1974 719 2094 818 qui
2140 747 2369 820 quum
2418 720 2494 791 in
2541 718 2853 793 “cithara

740 837 1058 936 quinque
1097 833 1643 909 constituerunt⁵
1676 860 1881 906 sonos
1898 833 1956 927 ⁶,
1992 834 2296 934 plurima
2333 835 2591 909 deinde
2621 837 2849 908 varie-

743 1042 760 1075 ι
773 1043 823 1091 2,
844 1025 901 1077 3:
930 1026 1098 1095 Quam
1113 1024 1248 1076 mihi
1249 1023 1567 1096 facultatem
1584 1040 1747 1096 quum

736 1106 878 1159 hic...
916 1123 1058 1158 casus
1101 1103 1328 1175 eripuit,
1375 1116 1610 1156 tamen...
1653 1121 1749 1173 pe-

733 1198 813 1250 to,
836 1198 930 1238 etc.
955 1183 1098 1252 Quid
1123 1186 1283 1254 igitur
1302 1185 1522 1249 mirum,
1548 1181 1658 1234 fieri
1683 1180 1749 1231 il-

729 1264 825 1315 lud
854 1278 1038 1317 nostro
1064 1265 1223 1315 etiam
1251 1262 1403 1328 loco,
1428 1261 1519 1313 uhi
1536 1261 1748 1332 adjecto

732 1344 945 1394 interim
970 1344 1198 1393 formam
1225 1339 1569 1412 temporalem
1585 1339 1747 1412 plane

733 1422 907 1476 induit
933 1424 1126 1474 oratio.

809 1521 852 1556 1.
888 1504 1109 1554 Medii...
1135 1501 1443 1574 Regionum.
1464 1500 1740 1552 Turicens.

727 1582 865 1634 Flor.
888 1581 1063 1634 Guelf.
1080 1581 1206 1632 Exc.
1222 1578 1366 1631 Sant.
1381 1581 1565 1646 Caua,
1581 1579 1745 1632 medii

726 1671 775 1711 et
815 1679 993 1714 eonem
1035 1659 1180 1729 varia
1220 1658 1379 1709 etiam
1420 1676 1524 1730 περ.
1552 1697 1571 1723 ,
1617 1676 1743 1709 cum

726 1738 889 1790 Goth.
906 1740 1062 1789 Voss.
1091 1755 1120 1788 2
1149 1735 1286 1807 (nisi
1306 1735 1453 1807 quod
1467 1736 1555 1788 hic
1575 1748 1631 1788 et
1642 1755 1740 1809 pro

724 1817 882 1867 etiam
898 1817 938 1888 ).
984 1817 1062 1866 M.
1088 1824 1140 1866 et
1167 1830 1348 1865 eorum
1382 1814 1631 1865 varietate
1659 1833 1699 1864 r.
1720 1851 1740 1879 ,

723 1899 870 1949 Jens.
885 1914 1007 1947 cum
1021 1908 1160 1967 post.
1189 1907 1311 1945 ante
1329 1891 1448 1944 Ald.
1476 1894 1647 1946 Medii
1663 1913 1744 1945 eo-

726 1996 870 2043 rum,
897 1978 1145 2029 varietate
1178 1992 1249 2043 r.‚
1283 1974 1473 2046 reliqui
1498 1977 1745 2046 impressi

725 2074 927 2107 omnes.
971 2053 1077 2107 Sed
1112 2071 1281 2125 quum
1310 2070 1420 2105 non
1455 2067 1742 2125 appareat,

725 2132 855 2207 quid
876 2137 943 2188 sit
985 2158 1007 2180 ι
1036 2135 1244 2206 proprii
1285 2135 1535 2186 varietate
1567 2136 1742 2204 regio-

730 2238 752 2260 «
774 2232 902 2266 num
921 2236 945 2259 υ
972 2226 1026 2265 et
1045 2211 1200 2265 valde
1224 2231 1437 2279 verear,
1463 2231 1529 2264 ne
1547 2213 1743 2265 Jenso-

722 2296 945 2346 nianum
960 2292 1092 2344 illud
1114 2292 1359 2345 varietate
1372 2290 1519 2344 nullo
1538 2294 1739 2365 scripto

726 2377 944 2438 nitatur,
967 2371 1225 2425 Codicum
1259 2374 1574 2444 scripturam
1618 2390 1739 2423 cum

726 2452 974 2506 facillima
986 2452 1568 2517 Gesnericorrectione,
1585 2452 1742 2504 omis-

728 2552 896 2604 soque
920 2543 971 2585 et
988 2572 1006 2598 ‚
1037 2534 1189 2600 cujus
1219 2530 1364 2582 nulla
1397 2532 1581 2602 utique
1605 2535 1740 2582 ratio

729 2628 837 2679 est,
862 2614 1097 2684 reposui.
1120 2611 1348 2683 flevum,
1363 2612 1540 2661 Turio.
1561 2609 1739 2662 Guelf.

726 2695 851 2747 Exc.
878 2692 1021 2743 Sant.
1044 2693 1197 2759 cujus
1214 2687 1391 2740 mendi
1410 2689 1532 2739 fons
1553 2686 1745 2758 depre-

728 2770 978 2825 henditur
1002 2771 1054 2820 in
1073 2767 1211 2819 Flor.
1239 2765 1333 2819 ubi
1355 2768 1573 2840 regiam.
1599 2766 1741 2821 Alm.

730 2855 785 2904 in
809 2850 891 2903 his
911 2847 1159 2901 omnibus
1198 2869 1220 2893 ιι
1241 2845 1456 2897 turbare
1472 2869 1495 2894 ι
1534 2859 1743 2898 tantum

727 2942 985 2981 narratur.
1027 2928 1150 2977 Mox
1185 2925 1420 2996 proprie,
1447 2926 1592 2976 Jens.
1620 2944 1743 2977 cum

730 3010 879 3062 editt.
902 3020 1044 3080 post.
1083 3019 1207 3058 ante
1246 3006 1426 3056 Bnrm.
1468 3022 1580 3056 exc.
1619 3004 1742 3057 Ald.

729 3090 989 3141 Nimirum
1011 3086 1259 3158 opposita
1279 3082 1393 3137 haec
1410 3103 1513 3135 vox
1524 3083 1744 3137 videba-

732 3184 819 3221 tur
839 3167 917 3220 illi
930 3162 1269 3243 generalium
1308 3164 1404 3217 sed
1428 3182 1601 3236 neque
1619 3164 1743 3217 loco

733 3266 833 3299 sno
856 3248 1028 3318 posita
1043 3283 1061 3311 ,
1081 3263 1255 3317 neque
1276 3246 1354 3297 sic
1384 3246 1542 3296 etiam
1566 3243 1747 3296 admo-

732 3326 861 3379 dum
885 3326 1073 3389 latina,
1104 3337 1156 3376 et
1178 3321 1327 3374 nullo
1345 3324 1543 3393 scripto
1569 3325 1743 3376 nitens

731 3408 751 3475 (
766 3425 888 3458 nam
903 3424 965 3457 ex
979 3403 1117 3456 Alm.
1139 3405 1298 3455 etiam
1312 3416 1365 3455 et
1379 3401 1532 3455 Voss.
1550 3401 1746 3455 diserte

728 3485 987 3617 propiis*
948 3481 1198 3551 affertur)
1218 3483 1405 3610 merviffi
1427 3484 1626 3612 rejetcto
1647 3495 1746 3534 est.

800 3581 828 3616 2
905 3581 1050 3614 ane..
1265 3579 1282 3610 ι
1407 3579 1517 3611 eno
1565 3579 1626 3612 su
1667 3580 1741 3612 er.

733 3644 893 3695 Venti
908 3578 1376 3716 ιιιιιειιῦἱῒῖιῗηυηι
1385 3638 1589 3709 proprii
1557 3580 1748 3690 ‘arilei-

735 3721 930 3793 ligendi
954 3733 1104 3784 sunt,
1130 3720 1221 3790 qui
1242 3718 1625 3789 proprietatem
1650 3715 1746 3767 ha-

731 3803 861 3857 bere
884 3815 1140 3874 putantur
1161 3819 1194 3853 a
1212 3798 1427 3851 flumine
1452 3798 1630 3869 aliquo
1662 3816 1746 3849 re-

730 3884 902 3955 gionis
922 3883 1063 3951 ejus,
1088 3879 1230 3932 unde
1255 3877 1410 3943 flant,
1434 3876 1743 3928 derivatam.

801 3963 854 4015 3.
865 3956 1740 4032 Deprehenduntur5·sic'1'u1·icens.

729 4041 960 4093 Florent.
989 4036 1164 4091 Guelf.
1198 4035 1360 4089 Goth.
1393 4034 1521 4105 (err.
1548 4036 1708 4088 Gesn.
1720 4033 1741 4104 )

728 4123 883 4172 Voss.
903 4138 963 4185 2,
977 4133 1029 4171 et
1048 4117 1170 4170 edd.
1192 4129 1314 4169 ante
1327 4114 1531 4187 Gryph.
1553 4116 1742 4186 Depre·

733 4198 1058 4264 findantur,
1085 4195 1289 4268 reliqui.

1904 1020 1953 1088 4.
1976 1020 2044 1075 In
2060 1022 2288 1076 cithara..
2299 1023 2533 1077 Florent.
2562 1025 2616 1076 in
2633 1025 2842 1076 omittit.

1901 1101 1952 1154 5.
1998 1105 2406 1157 Constitue-runt.
2436 1104 2635 1171 (λιιι,
2657 1106 2848 1157 consti-

1831 1182 2039 1233 tuerint.
2065 1182 2338 1235 Guelferb.
2361 1184 2556 1249 Cium,
2583 1195 2742 1256 atque
2765 1183 2842 1235 iis.

1828 1259 2009 1311 Turio.
2031 1259 2207 1326 Flor.‚
2230 1271 2385 1334 atque
2406 1262 2468 1314 iis
2490 1273 2648 1334 atque
2677 1260 2792 1313 Inue.

1900 1337 1952 1390 6.
2002 1339 2300 1413 Quinque...
2337 1358 2505 1393 sonos.
2544 1342 2714 1394 Sonos
2738 1339 2848 1391 hoc

1829 1435 2050 1468 numero
2081 1420 2359 1489 primarios
2390 1438 2555 1492 quum
2581 1438 2842 1490 nusquam

1828 1494 1973 1567 apud
2009 1499 2256 1568 antiquos
2289 1511 2611 1550 memoratos
2639 1501 2844 1550 inveni-

1825 1595 1933 1627 rem
1948 1613 1966 1642 ,
1987 1578 2257 1630 Vitruvius
2282 1592 2462 1631 autem
2486 1592 2540 1630 et
2563 1577 2843 1645 Boethius,

1824 1655 1893 1706 sd
1911 1673 2049 1726 quos
2073 1657 2266 1710 Badius
2290 1676 2391 1710 nos
2421 1660 2667 1724 remittit,
2691 1659 2844 1730 quin·

1825 1753 1929 1806 que
1945 1735 2279 1789 tetrachorda
2294 1739 2591 1803 nominent,
2613 1756 2840 1811 quorum

1823 1811 1910 1863 hic
1949 1811 2093 1865 nulla
2131 1817 2295 1879 ratio;
2343 1814 2667 1868 Boeckhium
2703 1816 2841 1880 adii,

1823 1894 1913 1963 qui
1947 1895 2003 1944 in
2041 1911 2197 1945 usum
2239 1893 2498 1947 lectorum
2528 1894 2840 1963 Quintiliani

1820 1969 1934 2023 haec
1978 1990 2188 2024 mecum
2235 1977 2662 2027 communicavit.
2717 1998 2740 2020 α
2773 1977 2841 2025 Ut

1828 2072 1851 2096 «ι
1868 2051 2230 2119 Quintilianus
2242 2071 2404 2105 sonos
2417 2056 2646 2106 musicos
2656 2041 2843 2122 (φθίγ

1830 2150 1852 2173 ·
1870 2129 2016 2200 We)
2039 2128 2359 2183 illustrandis
2391 2130 2605 2184 dicendi
2629 2135 2839 2203 generi-

1829 2230 1851 2252 «
1871 2205 1974 2259 bus
2015 2207 2261 2275 adhibet,
2301 2213 2376 2263 ita
2413 2213 2631 2284 Dionys.
2667 2214 2835 2265 Hanc.

1828 2308 1851 2332 a
1874 2284 1978 2351 anfi
1995 2308 2044 2338 cr.
2066 2289 2283 2353 Διμοοθ.
2313 2286 2435 2345 ὄψ’
2387 2309 2480 2342 wr-
2507 2309 2554 2342 c.
2585 2308 2643 2358 2,
2671 2310 2839 2364 genus

1829 2387 1851 2410 σι
1870 2383 2028 2434 grave
2052 2380 2105 2418 et
2118 2366 2313 2420 subtile
2333 2387 2455 2421 cum
2474 2365 2635 2421 arim
2657 2384 2709 2423 et
2729 2391 2838 2442 πη

1828 2468 1850 2492 u
1872 2459 2112 2497 octavam
2169 2432 2294 2515 (lui.
2336 2449 2548 2520 mesu)
2599 2450 2840 2525 comple·

1825 2546 1851 2569 ιι
1871 2524 2136 2579 etentibus
2159 2540 2449 2599 comparat.
2468 2516 2641 2581 verb'a
2661 2542 2837 2582 autem

1828 2626 1851 2650 α
1874 2603 2189 2671 Quintiliani
2204 2606 2271 2661 ad
2290 2608 2592 2660 Sectionem
2606 2609 2838 2661 Cononis

1830 2706 1852 2729 ιι
1874 2683 2168 2737 secundum
2200 2700 2427 2758 systema
2454 2690 2750 2760 perfectum
2777 2708 2841 2742 ex

1831 2786 1853 2809 ιι
1875 2761 2013 2815 binis
2034 2766 2235 2817 octavis
2250 2769 2573 2833 consistens,
2599 2768 2744 2840 quod
2761 2771 2840 2822 in·

1830 2864 1852 2887 ι
1873 2840 1942 2891 de
1966 2840 2033 2892 ab
2057 2845 2414 2897 Aristoxeneis
2439 2849 2837 2900 usitatissimum

1831 2942 1853 2965 ιι
1874 2934 2015 2986 erat,
2052 2923 2329 2975 referenda
2366 2936 2506 2976 sunt.
2536 2926 2598 2976 In
2622 2944 2688 2977 eo
2711 2941 2840 2978 octo

1830 3023 1852 3046 σι
1874 3000 2089 3073 quidem
2115 3016 2240 3055 sunt
2261 3005 2377 3055 soni
2408 3005 2718 3073 immobiles,
2748 3009 2842 3078 qui

1831 3100 1853 3124 ιι
1871 3091 1996 3131 ante
2010 3093 2226 3133 caeteros
2241 3080 2613 3153 designantur,
2638 3088 2839 3157 quippe

1830 3180 1852 3203 ι
1874 3160 2109 3229 quinque
2127 3159 2583 3213 tetrachordorum
2602 3165 2842 3229 termini,

1829 3258 1853 3283 α
1873 3239 2042 3309 iisque
2069 3241 2375 3293 inseruntur
2410 3241 2659 3309 mobiles,
2701 3262 2844 3314 quo-

1830 3340 1852 3363 σι
1871 3336 1987 3370 rum
2004 3318 2289 3393 descriptio
2305 3321 2465 3394 vulgo
2479 3320 2841 3381 mutinum:

1830 3418 1854 3441 α
1874 3397 2138 3468 appellata
2163 3412 2281 3451 est:
2306 3403 2460 3471 cujus
2481 3400 2606 3453 loco
2625 3403 2842 3471 Quinti-

1831 3499 1853 3523 u·
1872 3476 2044 3530 lianus
2069 3478 2232 3531 verbo
2247 3481 2414 3532 utitur
2426 3479 2752 3553 complendi,
2781 3498 2841 3535 ut

1832 3580 1855 3604 ι
1874 3557 2022 3610 Plato
2047 3557 2216 3629 (Tim.
2245 3579 2298 3632 p.
2324 3558 2437 3614 36.
2440 3560 2523 3644 a.)
2550 3562 2682 3616 dixit
2708 3564 2842 3630 ξυνι-

1834 3658 1857 3682 ·
1877 3635 2106 3701 πληροῦται
2140 3634 2210 3689 «τί
2249 3656 2302 3689 τι
2342 3626 2584 3690 maiam
2622 3660 2704 3690 m
2736 3661 2844 3707 ηι-

1833 3738 1856 3762 α
1874 3713 2026 3769 πλείω
2012 3737 2069 3766 ιιι.
2086 3714 2414 3782 eamima.
2440 3718 2544 3771 Sed
2568 3738 2631 3772 ex
2647 3722 2843 3773 immo-

1833 3794 2075 3847 «bilibus
2109 3795 2212 3849 illis
2249 3799 2478 3870 quinque
2511 3798 2629 3850 soni
2666 3812 2841 3852 totum

1832 3889 2102 3948 «systema
2132 3878 2186 3928 in
2205 3880 2430 3929 maxima
2458 3878 2733 3931 intervalla
2755 3879 2840 3932 di-

1829 3972 1852 4000 ·
1872 3967 2160 4025 spescunt,
2198 3951 2302 4007 ηὸτι
2336 3955 2682 4021 ὑπερβολαίων,
2711 3954 2837 4022 μία

1828 4047 1925 4085 -et
1948 4050 2057 4099 reo.
2043 4021 2438 4100 -λαμβιινομινος,
2465 4035 2658 4108 quibus
2681 4036 2837 4088 chon

1827 4113 1952 4166 «dis
1967 4114 2515 4168 binaeconstitnuntur
2527 4131 2752 4181 oetam,
2773 4130 2836 4169 ut

1830 4194 2018 4266 «apud
2059 4213 2159 4248 nos
2194 4196 2412 4262 sonisc,
2448 4215 2508 4262 c,
2555 4196 2615 4250 C.
2651 4210 2704 4248 et
2726 4193 2835 4249 nir·
