3200 5159
1260 464 1354 527 M.
1394 466 1621 530 mnu
1659 464 2213 546 QUINTILIAM

694 609 933 660 tamen
969 588 1090 686 qui
1129 588 1375 658 rudem
1416 586 1605 659 illam
1629 644 1649 676 ,
1689 608 1759 659 et
1794 584 2076 685 qualem
2115 587 2418 689 impetus
2457 588 2798 689 cujusque

693 702 911 774 animi
939 701 1128 791 tulit,
1158 701 1503 775 actionem
1528 701 1853 803 judicent
1874 702 2224 775 fortiorem
2243 760 2265 793 ,
2295 725 2363 777 et
2389 703 2608 776 solam
2634 705 2803 777 viris

699 818 1026 918 dignam:
1063 819 1181 890 sed
1216 845 1357 891 non
1389 818 1504 891 alii
1541 820 1716 909 fere,
1751 845 1964 918 quam
2000 819 2124 917 qui
2156 819 2365 891 etiam
2394 819 2467 891 in
2499 817 2805 892 dicendo

701 962 939 1007 curam
966 956 1033 1007 et
1059 956 1273 1006 artem
1307 956 1372 1006 et
1404 936 1733 1025 nitorem,
1763 955 1829 1006 et
1858 934 2206 1032 quidquid
2234 934 2461 1007 studio
2490 956 2806 1035 paratur,

702 1072 779 1122 ut
823 1050 1141 1123 affectata
1187 1072 1252 1123 et
1285 1077 1535 1150 parum
1574 1049 1916 1122 naturalia
1956 1049 2179 1122 solent
2219 1050 2650 1150 improbare3
2697 1048 2808 1121 vel

705 1166 823 1263 qui
875 1166 1246 1237 verborum
1299 1186 1501 1264 atque
1552 1163 1764 1264 ipsius
1810 1164 2018 1237 etiam
2066 1165 2217 1238 soni
2266 1165 2681 1255 rusticitate,
2731 1184 2818 1236 ut

705 1284 787 1369 L.
810 1284 1111 1354 Cottam¹
1135 1282 1301 1355 dicit
1321 1283 1565 1356 Cicero
1594 1282 1865 1372 fecisse,
1896 1281 2356 1355 imitationem
2381 1280 2816 1379 antiquitatis

611 1439 667 1475 ιι
709 1399 1056 1471 affectant.
1103 1404 1370 1471 Verum
1403 1399 1501 1470 illi
1530 1398 1974 1499 persuasione
2008 1426 2133 1471 sua
2163 1399 2520 1489 fruantur,
2550 1397 2673 1496 qui
2700 1397 2818 1470 ho·

717 1514 1068 1605 minibus,
1123 1536 1202 1587 ut
1246 1514 1381 1589 sint
1425 1536 1762 1606 oratore5‚
1812 1515 1972 1587 satis
2017 1536 2269 1614 putant
2310 1515 2534 1587 nasci:
2583 1535 2818 1584 nostro
2861 1603 2868 1613 ἡ

713 1628 935 1701 labori
966 1628 1133 1701 dent
1159 1631 1470 1719 veniam,
1497 1630 1619 1729 qui
1649 1629 1826 1702 nihil
1854 1630 2204 1703 credimus
2228 1657 2373 1702 esse
2399 1631 2780 1728 perfectum
2795 1684 2818 1717 ,

723 1743 859 1816 nisi
898 1744 1020 1815 ubi
1065 1766 1317 1817 natura
1345 1773 1511 1817 cura
1536 1746 1887 1847 juvetur².
1921 1748 2001 1816 ln
2028 1744 2160 1819 boc
2186 1746 2439 1845 igitur-³
2473 1771 2617 1818 non
2654 1771 2826 1816 con-

626 1899 687 1934 12
722 1856 1143 1932 tumaciter4
1172 1860 1564 1948 consentio,
1603 1859 1863 1958 primas
1890 1881 2113 1959 partes
2142 1887 2284 1932 esse
2316 1880 2613 1932 naturae:
2657 1886 2824 1931 nam

730 1994 908 2044 certe
964 1974 1145 2045 bene
1191 1974 1654 2073 pronunciare
1703 2001 1846 2047 non
1897 1974 2182 2072 poterit,
2232 1974 2348 2048 cui
2392 1997 2519 2048 aut
2562 1974 2828 2073 scriptis

734 2089 1097 2177 memoria,
1122 2109 1242 2161 aut
1270 2088 1342 2160 in
1370 2090 1478 2179 iis,
1509 2116 1663 2189 quae
1689 2090 1919 2161 subito
1950 2089 2247 2161 dicenda
2277 2111 2511 2179 erunt,
2537 2090 2832 2163 facilitas

734 2226 1060 2303 prompta
1104 2204 1445 2294 defuerit;
1494 2190 1648 2278 nec·
1676 2206 1731 2276 si
1779 2205 2327 2278 inemendabilia
2371 2207 2507 2278 oris
2555 2207 2835 2278 incom-

738 2318 948 2391 moda
968 2321 1383 2393 obstabunt:
1406 2322 1708 2421 corporis
1739 2321 1946 2394 etiam
1979 2342 2199 2419 potest
2223 2349 2363 2395 esse
2388 2323 2621 2423 aliqua
2648 2343 2840 2394 tanta

645 2453 705 2504 13
744 2435 1177 2525 deformitas,
1215 2457 1290 2509 ut
1318 2438 1511 2510 nulla
1541 2460 1683 2510 arte
1715 2438 2055 2513 vincatur.
2092 2437 2226 2510 Sed
2261 2466 2349 2510 ne
2383 2467 2511 2512 vox
2541 2440 2838 2537 quidem

742 2551 982 2627 exilis⁵
1026 2554 1371 2626 actionem
1416 2553 1672 2629 habere
1716 2556 2056 2655 optimam
2107 2575 2369 2653 potest:
2414 2556 2598 2626 bona
2644 2554 2838 2625 enim

748 2667 1090 2767 firmaque
1128 2690 1207 2741 ut
1234 2668 1562 2743 volumus
1598 2672 1701 2744 uti
1733 2672 1926 2762 licet;
1959 2671 2190 2761 mala,
2229 2672 2336 2743 vel
2381 2669 2736 2744 imbecilla
2774 2691 2844 2745 et

696 466 817 556 :³96

735 2825 893 2901 ficet,
907 2831 1058 2883 Voss.
1086 2848 1127 2883 1.
1146 2834 1240 2885 Est
1256 2848 1377 2905 post
1398 2853 1593 2888 necesse
1611 2838 1759 2887 omit·
1835 2833 2206 2906 cacophoniae‚
2231 2834 2375 2907 qnod
2400 2853 2524 2887 cum
2546 2836 2598 2885 in
2618 2833 2843 2906 penulti-

748 2910 811 2959 tit
826 2909 999 2960 Guelf.
1024 2911 1146 2962 Mox
1151 2913 1292 2983 juris
1304 2913 1478 2966 Guelf.
1501 2934 1599 2987 pro
1617 2917 1753 2967 viris.
1834 2936 1920 2968 ma
1943 2915 2106 2967 babet
2129 2929 2377 2981 acutum,
2406 2927 2592 2967 natura
2616 2916 2843 2965 circum-

748 2987 1057 3042 —Avicula
1079 2992 1185 3042 RR.
1213 2992 1278 3060 3,
1305 3009 1365 3063 7,
1398 3011 1415 3046 ι
1434 3013 1477 3060 ι,
1505 2996 1753 3048 coierunt.
1837 2992 2050 3047 flexum.

752 3065 886 3118 Vall.
915 3066 1003 3118 lib.
1029 3069 1136 3122 RB.
1162 3071 1194 3124 8
1211 3110 1228 3135 ,
1251 3089 1319 3141 9,
1342 3072 1521 3125 coiere.
1550 3075 1658 3126 RB.
1691 3073 1721 3127 5
1739 3112 1757 3140 ,
1909 3075 1959 3129 3.
1983 3076 2169 3149 [fitur.
2189 3076 2382 3140 Caum,
2406 3074 2695 3141 consentio,
2723 3092 2844 3124 mox

761 3165 854 3212 ιο,
891 3147 1043 3198 coire.
1087 3150 1252 3201 Modo
1271 3151 1405 3204 Vall.
1436 3151 1526 3204 lib.
1556 3154 1664 3206 BR.
1692 3154 1724 3208 8
1740 3191 1759 3221 ,
1829 3154 2026 3208 'iterum
2051 3155 2200 3208 dans.
2228 3156 2293 3208 In
2318 3168 2439 3208 ante
2463 3156 2671 3226 scriptis
2692 3155 2844 3205 omit-

754 3245 815 3296 9,
843 3223 1151 3298 significent.
1182 3229 1277 3280 En.
1840 3250 1958 3288 tunt
1972 3238 2147 3289 Turic.
2169 3233 2309 3287 Ποῖ.
2331 3232 2641 3307 Defuerint‚
2665 3232 2844 3284 Ambr.

833 3324 852 3357 t
867 3345 877 3355 .
899 3308 1100 3359 Cottam
1119 3307 1251 3361 dicit
1267 3310 1455 3361 cicero.
1472 3309 1614 3362 Loca
1636 3323 1762 3361 sunt
1845 3333 1872 3367 2
1890 3354 1905 3379 ‚
1930 3334 2051 3367 cum
2064 3317 2219 3366 Voss.
2251 3332 2268 3365 ι
2283 3353 2294 3364 .
2311 3315 2540 3366 -Ανίο,
2563 3314 2670 3364 RR.
2698 3312 2761 3376 3,
2787 3311 2848 3378 5,

756 3384 823 3437 de
845 3386 992 3437 Orat.
1014 3387 1107 3453 ΙΙῙ,
1140 3404 1219 3451 tt,
1249 3405 1337 3450 ηις
1364 3391 1503 3439 Brut.
1525 3388 1609 3458 74.
1629 3388 1762 3440 Vide

757 3480 807 3517 et
830 3484 929 3518 nos
953 3464 1019 3516 atl
1047 3468 1095 3529 1,
1121 3466 1183 3533 4,
1207 3484 1285 3537 17.
1312 3469 1463 3519 Ratio
1489 3468 1764 3520 refellendi

755 3544 855 3596 hos
903 3546 994 3615 qui
1039 3558 1204 3595 artem
1247 3543 1533 3596 excludunt
1576 3544 1764 3596 eadem

762 3642 875 3696 ‘1¹¹ae
900 3625 969 3675 lx
985 3661 1001 3687 ν
1024 3623 1057 3688 4
1074 3662 1092 3689 5
1120 3623 1152 3675 3
1170 3660 1187 3688 v
1213 3623 1265 3689 4·

831 3720 882 3755 a.
910 3704 1113 3754 Natura
1151 3722 1276 3755 cura
1293 3706 1527 3774 juvetur.
1552 3705 1731 3756 Turio.
1749 3742 1766 3770 ‚

762 3785 1096 3855 n.juventus.
1122 3782 1263 3833 Plor.
1294 3781 1359 3851 (a
1382 3804 1460 3855 pr.
1488 3784 1681 3856 manu)
1713 3803 1765 3835 n.

749 3867 1022 3936 juventur.
1060 3862 1141 3913 Ab
1174 3862 1311 3914 Alm.
1346 3864 1497 3916 abest
1532 3882 1674 3916 cura.
1703 3894 1772 3904 —

762 3943 973 3994 Natura
1009 3959 1151 3994 cura.
1191 3941 1445 4013 Displicet
1483 3940 1772 3993 homo‘ote-

765 4020 950 4072 leuton
974 4023 1285 4073 continuum
1302 4060 1320 4087 ,
1351 4020 1507 4092 quale
1535 4036 1587 4073 et
1614 4040 1772 4093 supra

768 4097 814 4170 §.
850 4116 917 4169 9,
946 4099 1181 4172 profecto
1218 4102 1507 4172 perfectum
1572 4103 1772 4154 Nostro

771 4190 942 4232 tamen
966 4179 1086 4232 loco
1118 4181 1351 4234 remedio
1380 4183 1543 4236 fnisse
1567 4181 1774 4235 videtur

1843 3392 2119 3464 defuerint.
2150 3391 2245 3443 En.

1915 3471 1963 3537 4.
2002 3469 2127 3522 Non
2164 3468 2554 3522 contumaciter.
2592 3468 2653 3519 In
2691 3486 2850 3519 unam

1844 3568 2028 3600 vocem
2044 3547 2302 3600 coaluisse
2317 3545 2563 3618 putandae
2577 3559 2702 3598 sunt
2716 3545 2848 3611 duae,

1845 3625 1988 3678 velut
2026 3644 2130 3677 non
2155 3636 2459 3699 arroyanter
2487 3643 2646 3697 supra
2673 3627 2762 3691 IV,
2791 3642 2849 3691 a,

1850 3707 1951 3769 863
1984 3705 2102 3757 vide
2126 3707 2249 3769 ΧΠ,
2282 3719 2328 3771 1,
2360 3723 2443 3758 20.

1922 3786 1970 3840 5.
1990 3785 2157 3838 Exilis
2163 3809 2183 3847 ;
2203 3786 2277 3837 sic
2291 3785 2589 3838 Turicensis
2600 3825 2618 3851 ,
2637 3783 2855 3837 Floren-

1853 3867 2009 3917 tinus.
2050 3865 2125 3916 Ex
2157 3863 2413 3917 Alme-lov.
2444 3861 2608 3916 exilii.
2649 3864 2856 3936 Reliqui

1852 3945 1953 3996 nisi
1989 3943 2233 3997 liberalis.
2273 3944 2398 3995 Mox
2442 3941 2624 3994 habere
2666 3944 2856 3995 omittit

1850 4024 2170 4076 Turicensis.
2215 4024 2344 4073 Item
2374 4032 2432 4073 ut
2456 4034 2579 4074 ante
2619 4020 2859 4073 volumus

1850 4105 2101 4155 omittunt
2112 4103 2436 4167 Turicensis,
2450 4103 2740 4155 Cumanus.
2755 4104 2856 4154 Pro

1854 4181 2043 4235 eodem
2070 4181 2407 4236 Florentinus
2434 4182 2499 4234 sit
