3200 5159
720 474 850 545 320

1290 475 1385 541 M.
1425 472 1652 539 FABtt
1691 472 2255 557 QUINTILIANI

716 625 874 700 quae
925 625 1138 698 graece
1186 613 1463 689 μουοτονία
1505 618 1819 689 vocatur,
1870 624 2012 669 una
2057 599 2382 696 quaedam
2433 597 2713 698 spiritus
2753 622 2837 671 ac
2903 592 2914 607 ’

719 716 875 788 soni
912 715 1251 787 intentio:
1299 740 1444 785 non
1481 712 1713 786 solum
1743 741 1833 785 ne
1864 712 2187 787 dicamus
2216 714 2459 787 omnia
2492 715 2838 807 clamose,

720 832 909 930 quod
979 831 1310 902 insanum
1381 852 1527 921 est;
1579 848 1702 902 aut
1755 829 1978 901 intra¹
2047 829 2386 929 loquendi
2443 832 2838 924 ²modum,

722 946 913 1045 quod
944 967 1139 1018 motu
1173 965 1396 1036 caret;
1436 966 1558 1018 aut
1588 944 1964 1018 summisso
1999 972 2398 1038 murmure,
2448 974 2589 1047 quo
2624 947 2838 1020 etiam

611 1061 1117 1159 &debilitatur
1157 1063 1391 1135 omnis
1428 1063 1762 1134 intentio:
1803 1062 1923 1133 sed
1967 1082 2046 1133 ut
2093 1062 2167 1133 in
2213 1062 2466 1135 iisdem
2523 1063 2840 1163 partibus

718 1179 1109 1278 iisdemque
1151 1179 1513 1250 affectibus
1557 1178 1700 1250 sint
1731 1199 1968 1250 tamen
1999 1178 2322 1278 quaedam
2355 1205 2503 1251 non
2545 1179 2638 1251 ita
2677 1206 2844 1251 ma-

694 1323 870 1396 ‚gnae
925 1296 1115 1369 vocis
1187 1295 1722 1386 declinationes,
1771 1312 1978 1394 prout
2022 1316 2145 1366 aut
2199 1294 2574 1367 verborum
2623 1294 2848 1394 digni-

717 1433 856 1504 tas,
927 1433 1047 1484 aut
1101 1412 1600 1515 sententiarum
1663 1433 1955 1502 natura,
2028 1432 2150 1483 aut
2204 1410 2595 1511 ³depositio
2620 1469 2640 1504 ,
2717 1433 2844 1485 aut

719 1584 835 1636 Nec
847 1581 1185 1656 quisquam...
1198 1595 1374 1656 putet,
1390 1602 1501 1636 non
1517 1596 1577 1635 ut
1590 1602 1735 1636 nunc

719 1675 828 1726 est,
864 1660 960 1712 ubi
995 1682 1059 1714 ac
1084 1660 1239 1733 jubet
1269 1674 1573 1734 exspectare
1600 1680 1738 1735 pen-

721 1740 937 1793 dentem
986 1742 1111 1794 inde
1162 1745 1491 1794 sententiam.
1548 1744 1738 1815 Neque

721 1821 861 1871 enim
884 1820 1046 1873 credo
1072 1822 1222 1892 jungi
1256 1822 1330 1872 sic
1364 1837 1523 1891 posse
1547 1842 1558 1870 :
1602 1842 1627 1867 ιι
1648 1838 1739 1888 ac,

726 1920 751 1945 α
771 1916 894 1950 ne...
926 1912 1173 1971 aspectus
1188 1938 1205 1967 .‚
1227 1918 1312 1952 ars
1336 1918 1498 1971 porro
1518 1938 1536 1966 ‚
1582 1913 1685 1951 etc.
1707 1924 1730 1949 ιι

719 1978 864 2031 Alias
892 1982 1032 2031 enim
1052 1997 1208 2051 porro
1236 1982 1291 2032 in
1310 1979 1462 2031 initio
1487 1997 1740 2032 sensuum

719 2061 853 2132 poni
894 2059 1048 2111 solet.
1099 2059 1183 2112 Sic
1212 2072 1463 2131 apparet,
1510 2060 1738 2132 opinor,

722 2140 822 2191 etsi
844 2157 928 2190 res
948 2150 1000 2191 et
1019 2140 1275 2190 sententia
1300 2139 1427 2190 satis
1456 2140 1742 2209 perspicia-

722 2231 810 2270 tur
822 2221 877 2270 in
891 2217 1037 2270 hisce
1049 2257 1065 2285 ‚
1079 2221 1371 2270 orationem
1389 2230 1565 2270 tamen
1582 2216 1741 2288 longe

722 2315 838 2350 esee
872 2316 900 2349 a
932 2300 1182 2364 sanitate,
1212 2315 1400 2367 quam,
1430 2316 1497 2349 ne
1526 2300 1742 2367 conjec-

722 2376 855 2427 turis
879 2375 1090 2447 quidem
1117 2375 1410 2440 tentandis,
1442 2377 1490 2426 ei
1517 2374 1739 2428 reddere

722 2454 853 2505 mihi
872 2455 1129 2525 contingit
1142 2491 1160 2521 ,
1183 2467 1440 2507 contento
1460 2468 1738 2526 utcunque

720 2531 826 2585 hac
853 2532 1181 2585 difficultatis
1216 2534 1564 2604 expositione.
1611 2533 1740 2584 Gal-

721 2613 876 2665 loeum
889 2652 906 2679 ‚
926 2612 1127 2683 glossae
1151 2626 1493 2665 accusantem
1519 2614 1572 2665 in
1593 2611 1738 2664 hisce

721 2693 928 2765 quasi...
954 2702 1186 2763 aspectus
1212 2704 1265 2744 et
1291 2710 1456 2743 una...
1485 2692 1736 2759 intentio,

721 2788 1140 2823 commemorat-e
1186 2771 1268 2821 vix
1306 2772 1512 2822 attinet.
1567 2769 1740 2822 Verba

723 2848 837 2901 haec
852 2851 963 2920 ipsa
982 2848 1225 2901 laboris...
1251 2848 1343 2900 diu
1358 2866 1631 2919 possumus
1649 2848 1741 2901 ha-

724 2927 816 2980 bet
837 2925 1016 2980 Floril.
1045 2924 1256 2979 Samen.
1300 2927 1448 2980 hisce
1471 2927 1597 2981 solie
1622 2946 1739 2979 mu-

723 3009 847 3059 tatis
879 3028 891 3057 =
935 3006 1191 3073 mutatio,
1233 3006 1401 3073 niltt’l,
1434 3006 1520 3059 vel
1549 3007 1643 3059 nil.
1668 3036 1743 3046 —

726 3087 960 3138 Nimium
994 3086 1315 3137 Buttmauno
1358 3085 1444 3138 hic
1482 3085 1739 3139 sollicitus

723 3164 935 3217 videtur
956 3165 1117 3216 fuisse
1140 3164 1494 3236 Spaldingius.
1534 3166 1739 3237 Nempe

725 3262 910 3297 vocem
941 3229 1202 3310 μονοοιῦἶε,
1250 3262 1364 3314 quae
1402 3262 1432 3294 a
1473 3245 1738 3316 primitivo

727 3314 844 3378 αἶθος
862 3322 1086 3373 fot-mata
1101 3334 1207 3387 est,
1234 3324 1358 3373 satis
1374 3321 1623 3392 explicat-i
1647 3341 1743 3374 no·

727 3407 874 3458 tione
895 3415 1125 3475 aspectus
1145 3404 1428 3455 arbitratur
1449 3402 1587 3455 idem
1615 3405 1741 3456 But-

727 3497 1002 3546 tmannu83
1041 3485 1130 3535 cui
1152 3482 1340 3548 lectio,
1376 3506 1397 3529 σι
1429 3482 1571 3553 quod
1607 3483 1740 3536 dici-

733 3585 758 3610 ιι
777 3578 864 3616 tur
877 3565 1139 3628 μονοοιδος,
1164 3586 1188 3611 ιι
1219 3563 1367 3614 nullo
1395 3562 1606 3633 quidem
1628 3565 1737 3617 MS.

702 3670 711 3675 ·
729 3644 795 3696 da
804 3657 853 3695 ta
865 3681 882 3709 ‚
899 3642 993 3695 sed
1008 3661 1036 3695 a
1051 3642 1357 3714 Spaldingio
1373 3641 1607 3708 timidius
1621 3660 1741 3714 pro-

729 3725 901 3795 posita
915 3761 931 3789 ‚
945 3740 1066 3774 vera
1083 3722 1351 3791 scriptoris
1369 3721 1535 3771 nostri
1551 3738 1738 3774 manue

727 3804 958 3856 videtui-z
980 3820 1103 3854 nam
1120 3803 1247 3871 poni
1261 3798 1349 3852 hic
1364 3798 1548 3851 debuit
1559 3838 1574 3864 ,
1593 3800 1740 3871 quod

728 3881 967 3934 differret
989 3879 1057 3931 ab
1081 3878 1195 3935 illa.
1226 3896 1341 3951 quae
1362 3879 1628 3948 sequitur,
1645 3899 1741 3944 μο-

702 3960 938 4025 ·νοτονίᾳ,
963 3971 1024 4010 ut
1036 3975 1204 4027 genus
1220 3975 1249 4008 a
1270 3957 1464 4028 specie.
1488 3956 1743 4011 Retinen-

733 4037 862 4089 dum
885 4038 1067 4106 utique
1092 4034 1222 4087 illud
1244 4054 1329 4089 ars
1354 4034 1502 4106 quod
1525 4038 1580 4086 in
1605 4054 1742 4102 uno,

716 4116 965 4171 alterove
982 4116 1115 4170 cod.
1136 4130 1341 4168 tantum
1365 4115 1542 4183 deest,
1567 4130 1619 4169 et
1634 4136 1744 4170 non

735 4196 986 4250 mutanda
1006 4196 1094 4250 illa
1120 4216 1185 4250 ne
1206 4197 1380 4269 quis...
1400 4206 1555 4269 putet
1572 4199 1628 4250 in
1651 4216 1745 4251 nec

1815 1585 1989 1656 quis...
2017 1593 2202 1654 putet,
2248 1600 2412 1654 quum
2445 1598 2710 1654 nusquam
2733 1598 2840 1635 vox

1819 1681 1938 1728 nec,
1971 1661 2057 1715 vel
2082 1680 2251 1735 neque
2288 1664 2361 1714 ita
2395 1661 2737 1728 adhibeatur,
2777 1677 2842 1714 ut.

1818 1740 2130 1795 resolvenda
2150 1744 2216 1794 ait
2238 1744 2294 1795 in
2315 1753 2369 1794 et
2388 1762 2453 1794 ne
2464 1781 2485 1809 ,
2515 1762 2637 1796 vet-e
2655 1756 2844 1809 cenqet

1824 1823 1964 1875 idem
1984 1824 2179 1875 Buttm.
2209 1825 2301 1875 Eu.

1898 1919 1942 1953 ι.
1972 1903 2124 1955 Intra
2153 1902 2420 1975 loquendi.
2461 1902 2670 1969 Tui-ic„
2701 1902 2843 1955 {nter

1817 1980 2197 2054 alloquentem,
2218 1986 2340 2033 cum'
2357 1980 2496 2033 Alm.
2515 1999 2841 2052 quamquam

1818 2058 1924 2111 hoc
1947 2078 2045 2132 pet·
2067 2058 2462 2133 compendium.
2486 2057 2658 2124 rior„
2697 2061 2840 2113 intra

1820 2136 2196 2212 alloquentem.
2222 2141 2424 2191 Erroris
2445 2140 2592 2210 origo
2612 2152 2762 2211 patet
2780 2142 2843 2193 in

1819 2218 1997 2270 Tui-ic.
2035 2220 2134 2270 Pro
2158 2217 2460 2270 debilitatur
2482 2218 2659 2270 Turic.
2693 2218 2836 2270 Flor.

1819 2294 1940 2347 dedi
1963 2294 2114 2349 latus.
2145 2298 2306 2349 cim».
2322 2334 2339 2363 ‚
2377 2295 2683 2348 debilitemr.
2709 2297 2842 2348 Mox

1821 2373 2227 2429 declamationes
2245 2375 2351 2428 foed
2358 2394 2445 2427 um
2461 2378 2646 2428 vitium
2656 2374 2836 2429 Guelf-

1820 2472 1941 2505 cum
1983 2457 2129 2508 Jena.
2172 2470 2224 2508 ct
2265 2455 2678 2527 editt.'posterr.
2710 2468 2839 2507 ante

1819 2532 1944 2585 Bad.
1985 2533 2131 2585 Nihil
2168 2534 2273 2588 tale
2310 2537 2366 2588 {n
2402 2534 2564 2588 Cam».
2604 2536 2693 2608 qui
2735 2553 2839 2587 nec

1818 2623 1960 2665 caret
1980 2628 2103 2685 poet
2142 2627 2293 2667 motu
2317 2617 2509 2668 omittit
2543 2634 2666 2667 cum
2687 2617 2836 2668 Jena.

1822 2703 1875 2743 et
1900 2690 2019 2743 edd.
2047 2706 2171 2744 ante
2200 2692 2319 2744 Ald.
2359 2691 2462 2746 Sed
2493 2703 2671 2745 sunt...
2709 2693 2838 2766 qui-

1820 2768 1940 2821 dem
1961 2770 2125 2841 paulo
2153 2784 2276 2822 ante
2292 2772 2472 2822 Tui-ic.
2505 2771 2675 2822 Cane.

1895 2867 1944 2901 a.
1983 2851 2133 2903 Intra
2163 2850 2414 2923 loquendi
2439 2851 2670 2902 modum.
2701 2848 2836 2902 vide

1820 2929 1867 2995 s.
1897 2928 1946 2981 8.
1995 2927 2156 2982 Solita
2188 2942 2363 2981 autem
2398 2927 2652 3000 loquendi
2679 2940 2732 2979 et
2754 2927 2838 2978 di-

1820 3007 1975 3060 cendi
1999 3010 2298 3080 oppositio,
2338 3007 2457 3059 vide
2479 3010 2577 3072 IV,
2613 3022 2673 3071 2,
2710 3007 2837 3073 118,

1823 3105 1926 3158 qua
1942 3105 2069 3139 usus
2086 3100 2164 3139 eat
2177 3085 2396 3158 Eupolis
2407 3125 2423 3152 ‚
2443 3086 2707 3138 referente
2721 3085 2837 3137 Plu·

1819 3165 2004 3218 tat-cho
2048 3170 2103 3219 in
2140 3165 2440 3233 Alcibiade,
2485 3184 2543 3236 p.
2588 3166 2718 3235 196,
2757 3168 2832 3218 E:

1819 3246 1974 3299 λαλεῖν
2004 3245 2214 3312 ἔμω-ος,
2252 3241 2628 3302 &lovanie-mec
2664 3246 2833 3314 alym.

1820 3326 1963 3395 Quid
1985 3347 2108 3379 mox
2137 3329 2203 3380 sit
2236 3328 2423 3392 etiam,
2468 3346 2655 3400 parum
2696 3345 2835 3380 asse·

1824 3424 1975 3476 quor.
1991 3407 2126 3459 Sane
2136 3405 2716 3458 debilitaturmurmure
2729 3425 2836 3458 otn-

1823 3487 1903 3537 nis
1932 3487 2184 3552 intentio,
2222 3499 2279 3536 ut
2303 3505 2411 3538 nou
2431 3484 2674 3536 videatur
2697 3503 2835 3557 opus

1819 3563 1927 3617 hoc
1965 3577 2232 3637 tamquam
2272 3569 2694 3638 inexspectatum
2729 3566 2838 3617 lec·

1822 3647 1923 3696 tori
1944 3648 2179 3715 ingerere
2200 3644 2443 3697 addendo
2462 3647 2640 3699 etiam.
2665 3646 2747 3697 An
2765 3647 2837 3697 ita

1821 3725 2049 3794 accipies
2068 3745 2081 3774 ε
2107 3747 2128 3770 σι
2143 3727 2258 3795 ipsa
2276 3740 2491 3795 quoque
2510 3725 2736 3791 intentio
2748 3723 2836 3775 de·

1826 3825 1849 3849 a
1871 3801 2142 3854 bilitatur?
2160 3827 2181 3852 ι
2211 3804 2292 3855 Ne
2316 3802 2420 3854 hoc
2441 3801 2657 3874 quidem
2678 3802 2846 3855 valde

1859 3882 2011 3934 lacet.

1819 3901 1857 3953 P
1893 3960 2092 4014 &Aac
2126 3960 2410 4033 depositio,
2451 3972 2550 4012 aut
2588 3961 2833 4032 inceptio.

1823 4043 1947 4093 Haec
1988 4044 2310 4113 transposita
2351 4040 2497 4093 malit
2534 4042 2836 4105 Cesum-un

1825 4134 2024 4193 preter.
2051 4123 2420 4174 necessitatem
2437 4158 2454 4187 ‚
2499 4134 2559 4172 ut
2607 4122 2833 4192 opinor,

1826 4201 2076 4273 quoniam
2096 4198 2348 4253 clausuloe
2365 4198 2711 4253 notabiliores
2732 4200 2837 4253 ini-
