3200 5159
664 500 1318 596 msTtTUTtoNts
1354 527 1614 592 ORAT.
1655 528 1814 592 Lus.
1855 528 2013 607 ΧΠ,
2065 550 2162 595 10.

2337 526 2459 593 565

359 668 494 721 tate
542 653 899 752 complent
953 651 1178 752 spatia
1229 648 1353 723 illa
1409 677 1785 723 nervorum
1819 709 1837 741 ‚
1886 671 2093 748 atque
2139 649 2247 721 his
2290 676 2464 748 quos

362 762 961 864 interposuerunt,
1007 766 1321 839 inserunt
1361 766 1575 855 alios,
1631 787 1713 838 ut
1753 764 1955 865 pauci
2003 764 2106 837 illi
2140 764 2465 836 transitus

366 880 621 954 multos
651 882 909 980 gradus
932 881 1255 954 habeant.
1295 880 1537 954 Plures
1572 881 1786 980 igitur
1813 881 2021 953 etiam
2055 879 2464 979 eloquentiae
2498 893 2568 962 69

362 995 601 1084 facies3
627 997 744 1070 sed
773 998 1264 1070 stultissimum
1290 1024 1596 1098 quaerere
1614 1055 1633 1085 ‚
1669 998 1758 1075 ad
1777 1023 1992 1098 quam
2018 1023 2088 1068 se
2122 1012 2139 1041 ¹
2161 1016 2470 1069 recturus

363 1111 452 1181 sit
482 1135 752 1206 orator,
788 1141 1014 1212 quum
1056 1113 1287 1193 omnis
1322 1113 1583 1212 species
1605 1170 1623 1202 ,
1663 1140 1820 1212 quae
1858 1113 2072 1185 modo
2116 1132 2295 1183 recta
2331 1132 2429 1183 est
2451 1168 2469 1200 ,

362 1226 617 1300 habeat
645 1257 852 1301 usum
871 1287 889 1319 ,
921 1251 1133 1328 atque
1163 1229 1233 1300 id
1263 1228 1495 1330 ipsum
1513 1243 1538 1273 ²
1573 1255 1785 1301 omne
1815 1229 1903 1301 sit
1929 1227 2248 1316 oratoriS,
2277 1225 2468 1325 quod

361 1342 570 1443 vulgo
608 1371 821 1443 qenus
858 1341 1173 1417 dicendi³
1207 1364 1495 1415 vocant:
1542 1364 1774 1416 utetur
1814 1342 2039 1433 enim,
2085 1362 2163 1414 ut
2195 1370 2299 1414 res
2334 1341 2475 1412 exi-

363 1477 513 1554 get,
549 1458 916 1545 omnibus,
950 1486 1080 1530 nec
1118 1485 1244 1557 pro
1285 1455 1542 1531 causa4
1590 1458 1842 1549 modo,
1881 1460 2000 1531 sed
2045 1457 2213 1558 pro-'³
2258 1457 2476 1556 parti-

363 1570 496 1642 bus
532 1598 775 1643 causae.
805 1576 986 1644 Nam
1008 1572 1041 1617 ⁶
1077 1593 1154 1644 ut
1192 1600 1337 1644 non
1375 1572 1625 1645 eodem
1662 1573 1874 1645 modo
1902 1601 2029 1673 pro
2059 1599 2175 1645 reo
2208 1571 2471 1672 capitiS,
2510 1595 2577 1649 7⁰

367 1688 532 1759 etin
565 1689 943 1761 certamine
978 1688 1411 1779 hereditatiS‚
1449 1711 1517 1762 et
1553 1690 1639 1762 de
1676 1688 2095 1763 interdictis7
2134 1717 2213 1760 ac
2255 1715 2472 1788 spon-

370 1889 392 1913 ιι
412 1867 736 1937 διιξωγμίνου
778 1883 938 1942 atque
985 1866 1142 1922 ὖπὼη
1184 1868 1338 1936 μίσυ,
1358 1907 1375 1931 ,

371 1968 395 1993 σε
416 1966 529 2017 quae
555 1948 787 2019 singulas
817 1963 1031 2002 octavas
1056 1953 1110 2001 iu
1137 1964 1377 2020 quartam

370 2038 392 2068 τι
413 2039 466 2076 et
491 2027 727 2096 quintam
745 2027 1014 2093 dividunt,
1028 2041 1089 2079 ut
1103 2024 1378 2081 nobisTet

368 2123 390 2146 ιι
412 2102 449 2152 f.
499 2104 609 2155 Hos
648 2106 827 2177 itaque
862 2108 1099 2176 quinque
1132 2126 1293 2159 sonos
1320 2122 1378 2158 ut

371 2203 393 2226 σι
413 2183 678 2254 principes
726 2188 946 2237 secrevit
985 2186 1375 2254 Quintilianus;

372 2284 394 2305 α
416 2261 754 2335 reliquosque
766 2277 891 2331 tres,
907 2267 1159 2337 quoniam
1179 2265 1278 2319 illis
1288 2268 1379 2318 mi-

372 2364 395 2387 «
416 2361 547 2394 nora
565 2345 676 2412 jam
698 2346 854 2398 unius
869 2348 984 2398 toni
998 2345 1270 2399 intervalla
1285 2365 1377 2399 na-

370 2443 393 2468 ·
413 2436 633 2474 scuntur
644 2462 660 2490 ‚
677 2443 799 2475 cum
813 2428 1051 2495 proxima
1065 2422 1376 2478 marmeni-

371 2524 393 2547 ·
416 2521 509 2563 eu,
552 2522 655 2574 qua
679 2518 802 2556 octo
833 2494 1182 2557 immobilium
1213 2509 1379 2558 inter-

370 2604 392 2629 «
413 2580 578 2647 valla,
622 2584 912 2637 secundum
937 2604 1104 2656 genus
1147 2586 1377 2639 diatoni-

370 2684 393 2708 «
414 2681 534 2714 cum
559 2702 576 2729 ‚
619 2667 856 2716 omnium
897 2664 1344 2738 simplicissimum
1359 2704 1377 2733 ‚

371 2763 393 2786 κ
416 2743 553 2793 tonis
582 2755 636 2793 et
667 2741 967 2796 hemitoniis
1007 2744 1376 2817 complentur,

370 2842 392 2865 «ι
412 2819 493 2873 his
508 2821 679 2874 verbis
695 2822 1002 2894 complexus
1019 2837 1098 2875 est
1115 2846 1127 2875 ε
1142 2822 1377 2895 plurima

371 2921 393 2944 ι
413 2900 599 2952 deinde
635 2902 878 2953 varietate
913 2901 1179 2973 complent
1207 2904 1376 2973 spatia

373 3000 395 3023 ιι
415 2975 510 3028 illa
535 2997 823 3031 nervorum.
856 2980 1107 3051 Superest
1136 2979 1376 3052 designa-

370 3079 393 3103 ·
415 3059 489 3109 tio
507 3060 770 3110 minorum
788 3059 1181 3111 intervallorum
1197 3062 1378 3130 generi

373 3159 395 3181 ι
415 3136 744 3189 chromatico
770 3151 821 3188 et
864 3136 1212 3190 enharmonio
1250 3157 1378 3210 pro-

375 3218 684 3286 «priorum‚
731 3235 793 3268 ex
827 3234 934 3287 qua
978 3217 1100 3267 novi
1139 3217 1382 3268 oriuntur

376 3317 398 3339 u
418 3296 536 3346 soni
582 3295 844 3365 prioribus
896 3297 1209 3367 interpositi.
1261 3296 1378 3347 Huc

377 3398 398 3419 α
422 3388 660 3446 spectant
683 3375 841 3427 verba
864 3397 875 3426 z
902 3374 1077 3448 Atque
1092 3375 1171 3428 his
1190 3392 1375 3447 quos...

375 3479 397 3500 κ
417 3454 573 3521 alios,
594 3468 751 3526 atque
776 3457 847 3507 ita
875 3473 1130 3506 sonorum
1152 3456 1378 3507 varietas

379 3560 400 3579 κ
421 3533 604 3586 eadem
621 3536 905 3605 reperitur,
922 3552 1077 3606 quam
1101 3536 1152 3585 in
1171 3532 1380 3586 dicendi

377 3636 398 3658 u
419 3611 702 3682 generibus
716 3614 957 3681 agnoscit
973 3615 1199 3684 scriptor
1220 3611 1265 3683 §.
1282 3613 1379 3679 66,

376 3716 397 3739 κ
417 3696 489 3745 ita
532 3690 779 3743 horum...
813 3706 893 3745 est
934 3711 1137 3744 eorum.
1161 3716 1183 3740 n
1230 3694 1382 3744 Noti-

375 3796 397 3818 «
418 3775 545 3823 tiam
574 3784 750 3822 autem
774 3788 1028 3822 sonorum
1058 3783 1111 3821 et
1139 3768 1380 3822 interval-

378 3851 593 3904 -lorum
623 3852 813 3903 veteris
842 3851 1135 3923 systematis
1166 3863 1381 3901 caetera-

378 3955 400 3977 α
421 3950 523 4002 que
544 3928 652 3981 huc
681 3932 974 4001 spectantia
1000 3942 1120 3999 pete
1147 3928 1203 3979 in
1232 3946 1382 3979 cotn-

379 4033 401 4056 α
422 4010 743 4060 mentatione
768 4026 883 4059 mea
907 4007 974 4060 de
997 4007 1383 4059 conformatio-

379 4112 401 4134 «
422 4108 490 4140 ne
528 4090 707 4139 animae
748 4087 1027 4141 mundanae
1056 4089 1112 4139 iu
1148 4086 1380 4141 Platonis

380 4190 401 4211 u
419 4167 646 4230 Timaeo,
675 4166 866 4218 inserta
891 4154 1086 4218 stutiiis
1110 4185 1142 4217 a
1168 4164 1380 4218 Dauhio

381 4266 403 4289 ι
424 4256 477 4296 et
499 4245 752 4295 Creuzero
774 4243 926 4296 editis
948 4245 1009 4295 T.
1038 4246 1124 4296 m.
1150 4246 1205 4295 Ρ.
1236 4246 1291 4307 13
1330 4257 1383 4297 et

1463 1893 1487 1915 κ
1507 1872 1559 1921 in
1599 1870 1736 1923 libro
1771 1871 1840 1923 de
1880 1872 2064 1923 Metris
2111 1869 2322 1922 Pindari
2362 1869 2434 1921 111
2455 1906 2473 1933 ,

1464 1972 1487 1995 ⁶⁸
1507 1968 1569 2001 ca
1615 1990 1627 2001 .
1656 1969 1702 2020 7.
1724 1976 1746 1998 n

1537 1969 1609 2080 1.P
1614 2030 1683 2085 Se
1705 2040 1932 2082 recturus
1952 2030 2047 2090 εἰη·
2090 2030 2163 2080 sic
2195 2026 2469 2079 Tun-icens.
2505 2096 2508 2099 Ἴ

1456 2107 1595 2159 Flor.
1623 2109 1785 2161 Cntr.
1818 2109 1881 2160 R.
1906 2108 1998 2173 sit,
2023 2105 2199 2158 Guelf.
2222 2106 2375 2159 Sitse
2397 2122 2468 2169 ιι,

1455 2188 1620 2240 Goth.
1635 2187 1772 2259 (tac.
1795 2188 1998 2260 Gesm).
2016 2188 2077 2238 Β.
2093 2205 2144 2239 se
2160 2187 2252 2252 sit,
2265 2186 2470 2258 reliqui.

1458 2297 1527 2308 —-
1546 2266 1745 2319 Eadem
1766 2267 1949 2319 nostri.
1971 2267 2066 2317 En.

1535 2364 1583 2398 2.
1608 2347 1676 2398 Id
1692 2347 1862 2417 ipsum
1882 2363 2038 2396 omne
2059 2344 2141 2397 sit.
2171 2344 2299 2395 Tur.
2330 2342 2473 2394 Flor.

1458 2424 1635 2477 Guelf.
1650 2463 1667 2492 ‚
1692 2424 1933 2496 idipsum
1954 2442 2062 2474 non
2081 2424 2172 2489 sit,
2193 2441 2316 2474 cum
2335 2421 2473 2474 Alm.

1456 2501 1620 2556 Goth.
1645 2504 1799 2554 Voss.
1835 2520 1894 2565 2,
1925 2503 2070 2553 Jens.
2097 2515 2151 2552 et
2188 2498 2311 2551 edd.
2350 2511 2475 2550 ante

1460 2581 1617 2635 Busil.
1644 2601 1756 2634 exc.
1786 2579 1907 2633 Ald.
1944 2583 2022 2632 lta
2053 2578 2316 2633 librorum
2338 2579 2477 2630 anti·

1460 2679 1689 2733 quorum
1730 2678 1871 2713 unus
1917 2661 2079 2713 Ciu».
2124 2657 2287 2711 habet
2325 2675 2476 2709 rece-

1458 2754 1624 2812 ptam.
1652 2741 1839 2813 Neque
1865 2752 2039 2791 tamen
2065 2740 2122 2790 in
2141 2738 2249 2790 hoc
2272 2735 2476 2789 haeren-

1459 2821 1616 2887 dum,
1640 2834 1785 2873 recte
1808 2833 2059 2873 monente
2080 2819 2241 2872 Gesn.
2267 2817 2334 2870 de
2350 2836 2475 2870 con-

1457 2901 1672 2954 fusione
1700 2915 1946 2952 notarum
1969 2902 2001 2950 5
2025 2913 2077 2951 et
2099 2903 2174 2951 δε.
2203 2929 2273 2940 —-
2292 2901 2474 2951 Nostri

1456 2979 1626 3032 codd.
1641 3018 1659 3043 .,
1680 2980 1736 3030 id
1752 2981 1920 3051 ipsum
1944 2997 2052 3030 non
2074 2980 2153 3031 sit.
2179 2981 2281 3031 Pro
2304 2978 2472 3050 ipsum

1457 3059 1609 3112 Poul.
1636 3059 1757 3131 ipse.
1782 3061 1875 3110 En.

1530 3140 1581 3192 3.
1603 3140 1780 3190 Genus
1801 3137 2027 3190 dicendi.
2053 3138 2215 3190 Cur.
2230 3175 2246 3203 ‚
2267 3137 2367 3190 dic.
2385 3155 2470 3209 qe-

1460 3235 1574 3271 nus.
1600 3215 1780 3283 Pion,
1809 3227 2018 3269 tutetur.

1532 3296 1581 3364 4.
1630 3297 1733 3349 Pro
1765 3315 1950 3357 causa,
1990 3295 2045 3347 id
2069 3308 2178 3361 est,
2216 3308 2276 3348 ut
2312 3312 2472 3349 effusa

1460 3376 1648 3445 exiget.

1533 3451 1583 3507 5.
1615 3452 1718 3507 Sed
1737 3470 1834 3524 pro
1850 3474 1872 3514 ‚·
1900 3454 1973 3503 sic
2000 3453 2176 3504 Turic-
2197 3450 2467 3503 Guelferb.

1457 3535 1602 3586 Jens.
1627 3531 1766 3603 (tec.
1783 3530 1979 3601 Gesn.)
1998 3544 2049 3582 et
2062 3530 2184 3584 edd.
2206 3543 2329 3582 ante
2341 3529 2468 3581 nad.

1459 3625 1512 3665 et
1532 3616 1773 3665 inserunt
1801 3611 2007 3682 reliqui.

1532 3692 1586 3744 6.
1611 3691 1756 3743 Nam
1782 3700 1842 3742 ut
1868 3706 1993 3741 non.
2027 3689 2304 3740 Tui-icens.
2331 3686 2472 3740 Flor.

1461 3762 1638 3824 G'uelf.
1685 3771 1880 3836 cin,
1913 3788 2036 3821 nam
2059 3786 2167 3819 uon
2187 3777 2262 3819 ut.
2296 3768 2472 3819 Turio.

1461 3849 1637 3903 Guelf.
1677 3848 1871 3915 Cium,
1908 3858 1960 3899 et
1980 3847 2045 3898 de
2067 3846 2311 3912 internis,
2350 3864 2474 3897 cum

1462 3927 1625 3982 Goth.
1655 3928 1811 3979 Voss.
1839 3944 1887 3978 2.
1921 3927 1994 3977 Et
2014 3924 2079 3976 de
2102 3925 2305 3990 intrita,
2329 3923 2468 3976 Alm.

1462 4007 1537 4059 Et
1552 4006 1783 4069 internis,
1814 4004 2228 4056 mon—Nostri
2254 4002 2477 4054 etdein-

1463 4085 1640 4150 ternis,
1663 4089 1774 4137 exc.
1799 4083 1951 4135 Poul.
1970 4080 2164 4135 etVall.
2186 4081 2277 4133 lib.
2304 4079 2424 4151 (hie
2443 4101 2475 4134 a

1462 4184 1569 4218 sec.
1586 4164 1709 4235 ην),
1727 4164 1818 4235 qui
1837 4161 1965 4215 etde
1988 4162 2040 4212 in
2048 4159 2288 4213 ter-dictis.
2310 4158 2400 4213 En.

1535 4261 1586 4313 7.
1612 4245 1692 4297 De
1707 4240 1991 4295 interdictis
2011 4260 2075 4293 ac
2096 4240 2472 4311 sponsionibus.
