3200 5159
847 484 969 563 124
1406 480 1500 544 M.
1541 476 1774 543 FABII
1803 475 2366 560 QUINTILIANI

755 627 760 633 ·
837 628 1007 675 suus
1031 599 1283 698 cuique
1303 612 1324 646 ¹
1357 599 1606 673 decor²
1632 622 1732 673 est
1754 626 1770 671 ε
1798 626 1969 672 nam
1985 598 2015 648 3
2041 598 2380 671 comoedia
2396 596 2431 653 4
2448 624 2594 671 non
2610 595 2640 644 ⁵
2665 598 2953 670 cothur-

836 718 987 793 nis⁶
1010 717 1333 817 assurgit,
1362 732 1530 791 nec⁷
1564 737 1802 792 contra
1830 717 2155 816 tragoedia
2178 715 2454 790 soeculo
2474 713 2949 813 ⁸ingreditus:
2978 733 2987 746 ·

836 833 1050 908 habet
1084 847 1367 906 tament>
1407 833 1639 926 omnis
1674 832 2077 931 eloquentia
2115 830 2383 932 aliquid
2435 844 2949 919 ¹⁰commune3

729 967 797 1023 23
838 945 1226 1035 imitemur,
1251 947 1444 1047 quod
1476 973 1859 1020 commune
1887 967 2009 1020 est.
2041 945 2273 1018 Etiam
2302 944 2436 1017 hoc
2469 943 2645 1017 solet
2674 944 2951 1016 incom-

838 1063 1091 1137 modi¹¹
1121 1063 1426 1137 accidere
1452 1064 1640 1154 eis¹²,
1668 1064 1887 1161 quise
1920 1061 2113 1135 uni¹3
2148 1062 2360 1136 alicui
2390 1062 2635 1162 generi
2657 1061 2953 1133 dedide-

837 1177 1091 1271 runt¹4‚
1109 1200 1185 1253 ut
1201 1180 1257 1252 si
1278 1180 1609 1280 asperitas
1632 1179 1788 1253 iis-¹⁵
1810 1179 2068 1280 placuit
2085 1178 2408 1281 alicujus,
2439 1177 2621 1250 hanc
2658 1175 2950 1250 “Setiam

843 1342 997 1394 Ber-n.
1010 1380 1028 1407 ‚
1040 1359 1078 1394 s.
1097 1360 1141 1392 e.
1159 1340 1465 1415 propositio,
1480 1359 1602 1393 cum
1619 1344 1773 1394 Voss.
1796 1341 1848 1408 3,

842 1421 936 1491 qui
959 1433 1012 1472 et
1035 1417 1184 1490 addit
1205 1429 1293 1472 est.

916 1515 961 1551 1.
996 1498 1127 1550 Suus
1156 1498 1364 1570 cuique.
1393 1499 1568 1551 Turic.
1609 1498 1748 1552 Flor.
1786 1497 1849 1571 (a

840 1595 922 1650 pr.
949 1595 1114 1629 mann
1139 1577 1386 1647 uterque)
1409 1578 1513 1632 suis
1535 1579 1739 1649 cuique.

1933 1344 2022 1413 qui
2039 1360 2200 1394 socco.
2223 1342 2458 1413 Apparet
2475 1339 2582 1393 boc
2604 1341 2837 1392 maxime
2867 1338 2953 1391 lo·

1930 1438 2026 1486 co,
2051 1423 2187 1473 sicut
2208 1432 2261 1472 et
2282 1418 2330 1490 §-
2358 1432 2524 1485 20,et
2543 1418 2626 1485 Χ,
2657 1436 2702 1482 ι,
2722 1434 2847 1488 107,
2873 1420 2952 1483 X,

1929 1499 1991 1564 3,
2019 1515 2086 1569 9,
2122 1501 2623 1569 Argentoratensem
2658 1496 2953 1550 Orbrechti

1928 1576 2172 1629 codicem
2197 1574 2395 1641 babere
2416 1575 2616 1647 aliquid
2637 1576 2949 1627 anicensis

915 1673 963 1707 a.
986 1657 1170 1708 Decor.
1191 1655 1323 1708 Vide
1342 1658 1418 1723 X,
1439 1672 1486 1723 1,
1504 1673 1563 1726 7¹
1584 1660 1741 1719 ;item
1758 1655 1847 1708 hic
1928 1668 1982 1707 et
2023 1655 2340 1709 Florentium
2386 1657 2715 1708 auctoritatis
2761 1655 2780 1720 (
2814 1653 2947 1707 vide

845 1729 893 1806 ς.
923 1750 1007 1803 η.

1925 1734 2130 1804 praefat.
2156 1733 2336 1806 Spald.
2358 1735 2462 1787 vol.
2485 1735 2670 1806 1‚pag.
2698 1731 2765 1785 25
2791 1745 2847 1784 et
2869 1732 2947 1786 30

911 1812 965 1865 3.
999 1813 1171 1872 Ναπις
1200 1813 1274 1863 sic
1311 1811 1489 1863 Turic-
1528 1811 1688 1863 Cnn’.
1718 1825 1846 1862 'cum
1926 1810 2150 1883 hujusce
2173 1813 2469 1882 editionis).
2495 1814 2590 1864 En.

837 1889 1005 1944 Andr.
1032 1907 1146 1961 quoe
1171 1902 1346 1941 tamen
1369 1889 1516 1941 addit
1538 1907 1721 1961 neque.
1747 1891 1850 1941 Re·

841 1970 973 2041 liqui
993 1988 1101 2021 nec.
1118 1999 1189 2010 —
1202 1969 1286 2022 Sic
1307 1986 1522 2041 quoque
1545 1970 1714 2021 nostri
1738 1987 1853 2021 om·-

846 2064 960 2100 nes.
991 2048 1084 2099 En.

910 2124 962 2191 4.
998 2124 1272 2178 Comoedt‘a.
1303 2126 1478 2177 Turic.
1508 2123 1653 2176 Flor.
1676 2122 1741 2193 (a
1769 2144 1848 2197 pr.

841 2220 1002 2256 mauu
1027 2207 1271 2276 uterque)
1296 2201 1575 2256 comoedt'oe.
1607 2202 1750 2271 Quid
1776 2202 1853 2255 la-

840 2296 950 2336 teat
968 2320 984 2349 ‚
1009 2300 1120 2334 non
1143 2294 1358 2352 exputo·
1381 2280 1647 2333 ——Nostri
1671 2299 1854 2334 omnes

842 2361 1289 2416 comoedia.En.--
1297 2361 1440 2414 Nam
1455 2359 1725 2413 comoedia.
1743 2383 1767 2408 α
1780 2364 1858 2414 Ex

848 2457 871 2486 ι
891 2441 1095 2491 Horatii
1123 2452 1234 2491 arte
1264 2439 1474 2510 poetica
1512 2452 1754 2509 sumptus
1778 2454 1858 2491 est

851 2516 982 2570 «hic
1015 2535 1199 2572 sensus
1232 2516 1545 2570 scribentis·
1580 2521 1662 2584 (v.
1698 2520 1857 2589 89—

845 2611 913 2667 9²
930 2597 967 2666 ).
998 2618 1021 2642 e·
1036 2596 1290 2649 Versibus
1315 2598 1511 2669 exponi
1531 2599 1743 2667 tragicis
1769 2617 1855 2653 res

848 2697 873 2724 ι
892 2677 1096 2727 comica
1117 2694 1226 2728 non
1243 2674 1380 2727 vult:
1399 2676 1707 2747 Indignatur
1729 2678 1855 2730 item

850 2773 874 2800 a
892 2755 1110 2826 privatis
1152 2772 1214 2806 ac
1255 2772 1426 2827 prope
1472 2772 1631 2807 socco
1672 2758 1855 2828 Digni:

852 2859 876 2881 a·
896 2834 1215 2889 carminibus
1247 2837 1446 2887 narrari
1478 2853 1631 2889 coena
1654 2835 1857 2910 Thyes·

852 2938 876 2960 a
897 2927 978 2966 te.
991 2913 1202 2984 Singula
1220 2913 1629 2987 quaequelocum
1643 2929 1857 2968 teneant

850 3014 875 3039 ⁴¹
894 2993 1080 3048 sortita
1117 2991 1409 3044 decentem.
1429 3016 1452 3040 ι
1485 2992 1697 3063 Regius.
1733 2995 1856 3046 Mo·

843 3083 936 3124 net
947 3072 1284 3143 Capperonn.
1297 3068 1607 3123 Ciceronem
1620 3071 1854 3143 aliquam

844 3163 1021 3201 tamen
1051 3173 1074 3196 n
1093 3151 1318 3220 tragicas
1346 3167 1427 3203 res
1460 3168 1611 3221 paine
1651 3153 1853 3203 comice

851 3253 874 3275 ιι
894 3228 1154 3283 tractandi
1169 3254 1192 3276 ι
1216 3232 1474 3282 rationem
1498 3228 1727 3282 tribuere
1745 3231 1855 3284 Cae·

845 3311 974 3374 sari,
992 3326 1148 3380 quem
1164 3309 1292 3360 facit
1311 3310 1366 3360 in
1381 3307 1615 3378 Dialogis
1633 3306 1701 3361 de
1720 3309 1854 3363 Ora·

840 3400 959 3454 tore
978 3386 1411 3440 confabulantem
1427 3425 1446 3454 ,
1467 3388 1564 3452 111,
1586 3386 1637 3439 8.

912 3465 963 3522 5.
998 3465 1144 3519 Non.
1174 3467 1289 3517 Hoc
1314 3465 1555 3517 dedimus
1580 3484 1610 3517 e
1634 3470 1852 3539 conjec-

843 3559 962 3597 tura
985 3563 1083 3620 pro
1107 3543 1364 3598 librorum
1388 3546 1625 3599 omnium
1648 3548 1722 3599 in.

910 3624 963 3676 6.
994 3622 1299 3686 (lotharius,-
1323 3626 1402 3676 sic
1417 3627 1593 3677 Turio.
1619 3626 1850 3680 Floreat.

719 3693 730 3702 ‘
842 3701 963 3772 (hic
988 3720 1019 3755 a
1038 3722 1119 3774 pr.
1147 3703 1331 3774 manu)
1351 3703 1515 3756 (ἔω.
1534 3703 1743 3776 Reliqui
1764 3723 1856 3759 co·

841 3781 1078 3834 thamus.

915 3878 966 3931 7.
1009 3862 1138 3913 Nec.
1178 3861 1356 3912 Tui-ic.
1400 3858 1463 3932 (a
1503 3879 1610 3914 sec.
1660 3861 1852 3933 manu)

841 3937 1005 3990 Ciur.
1039 3939 1312 4012 omittunt.
1367 3983 1370 3988 .

915 4018 963 4070 8.
991 4017 1238 4078 Socculo;
1260 4020 1335 4072 sic
1358 4019 1485 4070 Tur.
1510 4019 1857 4093 (quamquam

845 4094 1344 4168 tragoedias-occulo)
1364 4116 1486 4149 cum
1508 4096 1637 4152 Obr.
1657 4120 1674 4163 ς
1696 4118 1727 4151 a
1751 4118 1855 4152 sec.

845 4192 1005 4228 manu
1027 4173 1247 4229 sacculo.
1282 4176 1474 4244 Cium,
1510 4194 1673 4231 sacco.
1708 4177 1858 4233 Reli-

2002 1908 2055 1959 9.
2076 1891 2292 1943 Tamen.
2316 1889 2950 1958 Ciur.,em‘m.VideIX‚

1930 1965 1999 2034 4,
2023 1969 2125 2030 63;
2153 1971 2280 2021 item
2303 1971 2384 2035 X,
2410 1969 2477 2036 3,
2504 1988 2588 2040 ²7·
2613 1968 2775 2022 Goth.
2804 1968 2948 2039 (tac.

1932 2045 2207 2115 Gesnero)
2249 2048 2389 2102 enim
2433 2066 2532 2121 pro
2573 2057 2747 2099 umen
2762 2086 2781 2112 ,
2822 2065 2950 2099 cun

1932 2124 2086 2177 Voss.
2115 2141 2143 2177 2
2160 2160 2178 2184 ‚
2203 2123 2257 2178 3.

2012 2220 2095 2256 ιο.
2113 2205 2397 2258 Commune
2406 2228 2426 2267 ‚-
2445 2206 2737 2268 imitanum
2757 2207 2949 2260 sic'l'u·

1934 2282 2029 2333 ric.
2067 2281 2207 2333 Flor.
2248 2281 2369 2354 (hic
2407 2302 2438 2336 a
2476 2304 2557 2357 pr.
2597 2286 2794 2357 manu)
2824 2303 2949 2337 cum

1935 2357 2075 2413 Alm.
2124 2360 2332 2431 Reliqui
2371 2363 2611 2416 inserunt
2650 2363 2723 2414 id.
2760 2391 2836 2403 -
2862 2359 2948 2411 Sic

1937 2441 2108 2492 nostri
2131 2458 2334 2493 omnes.
2358 2442 2420 2494 R.
2450 2443 2513 2495 13
2536 2461 2645 2495 non
2670 2440 2847 2494 solum
2864 2439 2946 2505 id,

1926 2518 2034 2588 ,sed
2058 2520 2223 2595 iyitur
2243 2539 2461 2592 quoque
2483 2523 2682 2574 inserit.
2708 2520 2807 2572 En.

2015 2616 2034 2651 1
2051 2616 2095 2650 ι.
2120 2600 2466 2652 Incommodi.
2483 2603 2660 2653 Turic.
2676 2637 2694 2667 ‚
2720 2602 2910 2651 incom-
2923 2618 2945 2658 ,⁰

1936 2696 1968 2730 a
1992 2695 2098 2730 sec.
2124 2695 2285 2730 manu
2310 2677 2366 2730 in
2392 2696 2471 2730 eo.
2500 2680 2668 2731 Gaui».
2697 2689 2945 2748 πεπερο-

1934 2758 2014 2809 nit
2042 2774 2151 2808 acc.
2188 2757 2291 2808 inc.
2325 2756 2493 2809 Modo
2528 2754 2765 2810 Gothan.
2802 2757 2943 2807 Jens.

1933 2833 2068 2906 (tac.
2098 2833 2300 2907 Gesn,)
2324 2834 2455 2890 solet
2481 2835 2615 2902 hoc,
2642 2854 2771 2889 cum
2796 2834 2940 2889 editt.

1938 2924 2166 2983 postem.
2190 2926 2314 2966 ante
2337 2911 2492 2966 Basil.

2012 3009 2092 3046 ia.
2112 2993 2442 3060 Eis.Turic.‚
2463 2996 2599 3066 q'us3
2614 3012 2642 3045 a
2662 3012 2768 3046 sec.
2790 3010 2945 3045 manu

1931 3084 2208 3138 nostrum,
2240 3082 2293 3125 et
2326 3075 2401 3125 sic
2430 3072 2569 3126 Flor.
2600 3073 2734 3137 His,
2769 3071 2943 3124 Guelf.

1931 3149 2087 3202 nasu.
2114 3150 2325 3222 Reliqui
2348 3151 2425 3205 iis.
2447 3150 2580 3203 Vide
2606 3150 2655 3223 ς.
2686 3168 2703 3203 ι
2722 3165 2741 3202 1
2756 3188 2770 3201 .

2013 3245 2029 3278 t
2040 3231 2091 3282 3.
2113 3229 2165 3281 U
2163 3230 2234 3282 ni.
2249 3231 2427 3282 Turio.
2446 3227 2501 3298 (a
2515 3227 2751 3282 secunda
2765 3227 2944 3297 manu)

1932 3306 2072 3359 Flor.
2096 3306 2151 3378 (a
2172 3327 2253 3379 pr.
2278 3307 2461 3380 manu)
2482 3309 2647 3361 Cute.
2676 3311 2941 3360 omittunt.

1931 3383 2107 3437 Turic.
2141 3405 2240 3458 pro
2272 3386 2365 3459 qui
2399 3405 2451 3439 se
2480 3387 2575 3438 uni
2605 3386 2770 3439 alicui
2801 3404 2834 3438 a
2865 3404 2943 3458 pr.

1932 3482 2095 3517 manu
2120 3466 2236 3538 quis
2256 3484 2376 3517 eum
2398 3485 2450 3519 a.
2462 3503 2482 3533 ,
2506 3467 2563 3518 in
2586 3484 2696 3538 quo
2720 3478 2801 3518 est
2822 3482 2942 3517 nos·

1933 3555 2073 3596 trum
2098 3546 2289 3615 ipsum.
2426 3585 2437 3595 .

2014 3621 2092 3688 ¹4·
2113 3622 2454 3675 Dedidemnt.
2471 3624 2589 3674 Pnt.
2608 3622 2751 3674 Prat.
2771 3623 2832 3674 R.
2858 3638 2941 3687 υ,

1938 3698 2205 3754 dederunt.
2232 3703 2325 3754 Eo,

2017 3796 2036 3831 ι
2048 3779 2094 3833 5.
2111 3779 2212 3841 113,-
2229 3781 2305 3831 sic
2322 3781 2595 3834 Tui-icens.
2617 3777 2779 3832 Goth.
2797 3780 2933 3831 Jens.

1932 3859 2164 3932 (tacente
2186 3859 2446 3931 Gesnero)
2472 3876 2597 3911 cum
2619 3855 2933 3914 editionibus

1935 3939 2321 4015 posterioribus
2361 3954 2485 3993 ante
2530 3939 2685 3993 Basu.
2734 3936 2931 4008 Reliqui

1939 4020 2033 4074 ht's.
2057 4017 2189 4071 Vide
2214 4015 2260 4089 §-
2290 4019 2369 4071 16.

2018 4099 2097 4151 16.
2116 4098 2314 4153 Etiam.
2333 4097 2564 4153 Florem.
2585 4095 2642 4168 (a
2662 4116 2745 4170 pr.
2760 4090 2939 4163 manu)

1943 4180 2156 4248 omittit.
