3200 5159
632 599 692 634 21

634 1295 700 1331 22

2083 236 2098 303 l

1300 452 1393 518 Μ.
1435 454 1663 518 FABn
1701 453 2258 535 QumTlLrANJ

731 575 1007 675 organis
1040 575 1322 647 similes,
1364 578 1690 649 Finditur
1712 576 1920 647 etiam
1949 581 2223 675 spiritus
2255 575 2531 675 objectu
2565 573 2834 671 aliquo,

733 693 907 765 sicut
930 691 1167 792 lapillo
1193 712 1436 767 tenues
1461 718 1692 791 aquae,
1720 691 2026 790 quarum
2057 690 2283 764 fluxus
2307 705 2324 735 ¹
2359 691 2629 764 etiamsi
2655 690 2839 762 ultra

732 806 1028 905 paulum
1080 807 1214 879 coit
1250 864 1270 898 ‚
1329 806 1595 906 aliquid
1655 828 1889 880 tamen
1949 807 2097 879 cavi
2161 806 2496 906 relinquit
2551 825 2704 905 post
2761 803 2837 876 id

733 926 1001 1023 ipsum,
1040 925 1230 1023 quod
1270 925 1695 998 ofsenderat:
1745 924 2046 995 humor²
2082 951 2368 1022 quoqne
2398 950 2639 995 vocem
2674 919 2842 993 ³aut

733 1039 996 1111 nimius
1023 1039 1325 1138 impedit
1347 1096 1366 1129 ,
1415 1060 1539 1113 aut
1580 1059 2042 1138 consumptus
2073 1038 2420 1111 destituit:
2467 1064 2640 1111 nam
2674 1036 2840 1109 fati-

735 1155 916 1253 gatio
932 1153 987 1245 4,
1020 1176 1096 1226 ut
1126 1181 1444 1255 corpora,
1476 1182 1620 1228 non
1651 1155 1740 1227 ad
1760 1153 1784 1199 ⁵
1813 1180 2107 1255 praesens
2138 1156 2352 1229 modo
2369 1176 2689 1253 tempus,
2717 1152 2839 1224 sed

734 1272 944 1344 etiam
987 1271 1060 1342 in
1107 1272 1431 1344 futurum
1483 1271 1721 1345 afficit.
1769 1271 1905 1344 Sed
1938 1293 2018 1344 ut
2048 1273 2514 1344 communiter
2552 1291 2619 1342 et
2660 1269 2847 1369 pho-

734 1387 958 1460 nascis
983 1407 1049 1458 et
1076 1386 1465 1460 oratoribus
1494 1387 1875 1461 necessaria
1912 1388 2302 1460 exercitatio
2318 1387 2372 1478 ⁶,
2407 1413 2552 1488 qua
2596 1386 2844 1458 omnia

737 1503 1260 1593 convalescunt,
1284 1504 1378 1576 ita
1403 1531 1583 1577 curae
1612 1530 1757 1576 non
1788 1503 1978 1576 idem
2004 1532 2226 1603 genus
2254 1525 2387 1577 est:
2415 1510 2583 1576 narn
2609 1529 2842 1601 neque

737 1640 917 1692 certa
940 1640 1255 1719 tempora
1277 1620 1365 1691 ad
1395 1618 1845 1721 spatiandum
1866 1633 1892 1680 ⁷
1917 1620 2065 1691 dari
2089 1641 2377 1719 possunt
2404 1640 2503 1692 tot
2526 1617 2846 1691 civilibus

734 453 861 521 302

817 1816 860 1851 1.
886 1794 1092 1851 Fluxus.
1114 1799 1290 1851 Tui-ic.
1317 1798 1456 1851 Flor.
1478 1799 1662 1851 Ambr.
1692 1817 1750 1865 α,
1821 1798 2095 1875 fatigatio.
2119 1830 2192 1840 -
2209 1798 2351 1851 Nam
2375 1798 2688 1871 fatigatio...
2714 1793 2846 1868 affi—

736 1878 914 1930 Guelf.
950 1878 1143 1943 ctum,
1176 1880 1413 1949 spiritus,
1446 1897 1566 1931 cum
1587 1878 1750 1931 Goth.
1830 1881 1922 1930 eit.
1963 1880 2058 1931 Hic
2083 1897 2298 1950 quoque
2336 1896 2458 1929 nam
2494 1880 2846 1949 interpretare

737 1961 893 2009 Voss.
930 1974 975 2022 1,
1007 1974 1067 2022 2,
1098 1957 1160 2021 3,
1199 1959 1348 2009 Bern.
1380 1957 1569 2009 Almel.
1600 1956 1748 2009 Bodl.

740 2037 934 2088 Joann.
961 2048 1013 2087 et
1037 2034 1161 2087 edd.
1188 2049 1310 2087 ante
1326 2036 1452 2087 Bnd.
1469 2036 1592 2101 (nisi
1610 2035 1755 2106 quod

736 2116 879 2168 Jens.
893 2134 989 2187 per
997 2115 1209 2166 solitum
1221 2113 1595 2185 compendium
1606 2111 1754 2185 spic-s).

738 2193 875 2246 Illud
890 2193 1125 2246 notabile
1137 2232 1153 2259 ‚
1178 2193 1323 2264 quod
1338 2196 1463 2245 Ex'c.
1481 2195 1753 2246 Santenia·

740 2290 810 2325 na
833 2292 955 2325 cum
973 2270 1214 2324 Leidensi
1237 2272 1431 2323 collata
1449 2271 1652 2323 nullam
1664 2270 1753 2323 hie

740 2352 1046 2403 varietatem
1066 2350 1371 2401 ostendunt.
1396 2349 1519 2402 Bad.
1539 2350 1754 2421 quidem

739 2442 791 2481 et
808 2428 1202 2503 Basihffluctus,
1218 2447 1247 2479 e
1265 2428 1410 2480 Badii
1424 2430 1750 2499 conjectura.

742 2508 994 2558 Nostrum
1012 2506 1156 2558 nulla
1170 2506 1258 2558 hic
1273 2520 1417 2559 certa
1437 2511 1752 2560 auctoritate

742 2587 951 2651 nititur,
974 2599 1035 2636 ut
1057 2599 1110 2636 et
1124 2587 1295 2656 ipsum
1315 2604 1493 2639 rarum
1511 2599 1591 2639 est
1611 2586 1755 2659 apud

744 2668 1044 2736 scriptores.
1080 2663 1248 2718 Codd.
1270 2668 1271 2673 ’
1290 2667 1551 2738 scriptura
1588 2685 1754 2738 quum

741 2742 1033 2816 repetendo
1076 2742 1393 2797 antecedens
1426 2759 1552 2798 nata
1574 2745 1756 2800 videa-

741 2836 854 2889 tur,
891 2825 1055 2876 tutius
1080 2824 1237 2875 fuerit
1270 2843 1527 2896 reponere
1548 2845 1753 2892 eunus,

742 2903 824 2954 vel
848 2902 1110 2963 decursus,-
1135 2920 1259 2954 nam
1283 2916 1341 2953 nt
1363 2907 1585 2976 propius
1606 2923 1757 2958 ncce-

742 2980 868 3045 das,
890 3000 1001 3032 non
1024 2993 1104 3032 est
1127 2999 1361 3034 necesse.
1388 2983 1555 3036 Modo
1577 2985 1753 3050 Guelf.

743 3062 868 3113 Exc.
885 3058 1753 3137 sautemfinqunturprofinditur,

746 3144 871 3193 item
887 3142 1080 3213 objecto
1098 3140 1370 3197 Guelferb.
1386 3146 1565 3196 -Pro
1568 3146 1757 3223 βαι-ας

744 3218 911 3271 nostri
936 3218 1106 3272 Codd.
1135 3220 1365 3291 spiritus:
1383 3224 1476 3274 En.

820 3316 869 3351 2.
895 3299 1114 3351 Humor.
1136 3301 1314 3351 Turic.
1342 3300 1480 3353 Flor.
1498 3300 1609 3371 (hic
1625 3321 1654 3355 a
1669 3321 1749 3374 pr.

744 3377 938 3446 manu)
962 3386 1102 3443 tum,
1133 3396 1254 3429 cnm
1277 3378 1414 3429 Alm.

814 3457 863 3507 3.
881 3455 1004 3509 Aut.
1016 3494 1046 3508 ..
1064 3469 1177 3531 “²‘.²²‘
1192 3459 1266 3508 sic
1279 3457 1404 3509 Tur.
1430 3457 1571 3509 Flor.
1585 3460 1751 3511 Cau».

744 3534 951 3607 Reliqui
983 3549 1099 3590 ut...
1128 3539 1216 3588 ita.
1255 3567 1327 3577 —-
1362 3541 1543 3591 Nostri
1580 3538 1749 3592 Codd.

742 3632 959 3685 quoque
980 3624 1094 3665 ut...
1112 3615 1187 3667 ita
1199 3654 1217 3682 ,
1234 3630 1437 3688 except.
1463 3619 1524 3670 R.
1549 3635 1569 3669 1
1586 3635 1605 3670 ι
1624 3656 1641 3680 ,
1664 3621 1755 3690 qui

736 3704 851 3745 st...
876 3696 970 3745 ita.
996 3696 1091 3746 En.
1143 3702 1147 3707 ’

814 3774 863 3838 4.
889 3774 1031 3825 Nam
1045 3772 1301 3846 fatigatio
1316 3813 1335 3840 ,
1358 3784 1448 3835 ut,-
1472 3777 1549 3827 sic
1574 3778 1751 3829 Turio.

742 3850 880 3904 Flor.
907 3852 1089 3903 Ambr.
1118 3870 1145 3903 2
1181 3852 1274 3922 (ex
1300 3853 1405 3904 hoc
1438 3867 1616 3906 tamen
1646 3874 1754 3907 non

1833 1958 2164 2030 respiciendo
2210 1956 2280 2009 ad
2319 1959 2632 2009 sententiam
2673 1955 2842 2026 paulo

1834 2050 1958 2088 ante
1981 2052 2344 2108 suppressum
2384 2034 2528 2107 quod
2553 2036 2847 2087 rectissime

1834 2115 2029 2180 tenuit,
2063 2132 2161 2167 suo
2202 2132 2351 2166 more
2382 2113 2850 2184 circumloquens‚

1832 2191 2146 2265 Gedoynns,
2191 2190 2319 2245 dum
2346 2194 2633 2264 interponit
2658 2214 2671 2243 ε
2702 2191 2849 2244 Fati-

1830 2273 2102 2345 qationem
2114 2289 2294 2323 caven
2307 2288 2372 2325 ne
2386 2270 2733 2343 opusquidem
2751 2280 2845 2336 est,

1832 2369 1893 2403 ea
1911 2351 2079 2417 enim,
2105 2365 2205 2404 etc.
2225 2351 2358 2404 Vide
2382 2355 2481 2418 IX,
2506 2352 2558 2419 4,
2580 2353 2676 2419 84ς
2705 2353 2758 2416 1,
2783 2349 2848 2415 5,

1832 2431 2006 2502 6751,
2036 2449 2117 2498 n,
2149 2448 2244 2495 ¹03
2267 2434 2340 2498 11,
2362 2432 2423 2500 4,
2456 2448 2649 2502 ι9,α7.
2677 2432 2854 2483 Aecu-

1833 2513 2053 2564 sativum
2069 2524 2245 2563 autem
2261 2511 2328 2563 ad
2337 2509 2510 2584 afficit
2524 2530 2585 2564 ex
2600 2512 2847 2584 proximo

1832 2606 2013 2665 repete
2029 2608 2202 2643 vocem
2214 2613 2234 2654 ,·
2259 2593 2333 2643 sic
2357 2606 2609 2664 apparet,
2634 2590 2765 2663 quid
2781 2593 2849 2643 sit

1837 2682 1898 2722 ut
1917 2689 2149 2743 corpora.
2175 2672 2371 2723 Pariter
2403 2682 2462 2722 ut
2483 2688 2698 2742 corpora
2723 2671 2851 2721 fati-

1833 2750 2049 2819 gatione
2065 2751 2221 2801 etiam
2244 2751 2299 2800 in
2321 2749 2558 2800 futurum
2580 2746 2851 2801 debilitari

1832 2827 2136 2895 videamus,
2183 2831 2258 2880 ita
2289 2841 2342 2879 et
2376 2846 2548 2880 vocem
2573 2829 2847 2899 cormmpi

1837 2920 2035 2959 monet.

1908 2984 1959 3038 5.
1974 2988 2097 3039 Non
2115 2987 2200 3038 ad.
2221 2988 2495 3039 Tui-icens.
2519 2986 2656 3038 Flor.
2676 2983 2843 3055 (hicn

1834 3084 1915 3139 pr.
1943 3066 2136 3136 manu)
2164 3068 2428 3118 omittunt.
2473 3066 2600 3118 Mox
2621 3065 2711 3117 sed
2728 3082 2848 3116 ora·

1835 3145 2054 3209 toribus,
2073 3144 2248 3195 Turic.
2274 3143 2413 3196 Flor.

1904 3223 1955 3275 6.
1983 3224 2276 3276 Necessaria
2299 3223 2593 3275 exercitatio
2606 3243 2624 3281 ‚-
2650 3222 2725 3271 sic
2743 3222 2849 3272 Tu·

1835 3305 2023 3355 ricens.
2043 3304 2201 3355 Cum
2218 3342 2234 3369 ‚
2260 3322 2379 3356 cum
2407 3301 2543 3354 Alm.
2568 3320 2678 3352 non
2701 3301 2844 3353 Flor.

1833 3380 2003 3452 (Vide
2030 3381 2222 3454 §.17.)
2254 3382 2460 3453 Reliqui
2493 3384 2732 3433 inserunt
2755 3392 2844 3433 est.

1835 3463 1959 3513 Mox
1982 3476 2105 3533 post
2115 3480 2279 3537 qenins
2300 3464 2550 3513 omittunt
2573 3460 2842 3513 estAmbr.

1837 3559 1863 3592 α
1881 3579 1897 3605 ,
1911 3540 2183 3592 Guelferb.
2205 3558 2328 3592 cum
2341 3538 2594 3595 Obreeth.
2621 3542 2721 3590 Pro
2740 3556 2848 3612 qua

1834 3620 2068 3671 Floreat.
2099 3618 2163 3690 (a
2191 3621 2359 3693 prima
2382 3618 2749 3702 manumqm'a.
2773 3644 2849 3657 -—

1835 3700 2014 3750 Nostri
2038 3698 2260 3751 Codices
2285 3700 2521 3751 inserunt
2543 3718 2597 3748 το
2623 3707 2725 3763 est,
2755 3714 2849 3748 ex-

1835 3791 1993 3849 cepto
2023 3779 2081 3829 R.
2118 3794 2196 3829 ιι.
2225 3781 2316 3830 En.

1907 3876 1955 3929 7.
1972 3858 2338 3930 Spatiandum.
2364 3857 2538 3909 Ambr.
2559 3874 2587 3908 2
2603 3893 2620 3921 ‚
2635 3855 2814 3910 Guelf.
2827 3893 2845 3921 ,

743 3931 968 3982 affertur
983 3929 1386 4002 ut)‚Guelferb.
1404 3933 1565 3985 cm».
1587 3934 1750 3987 Goth.
1831 3937 2165 4010 spirandum,
2214 3955 2336 3988 cum
2382 3936 2542 3989 Goth.
2582 3940 2736 3990 Voss.
2780 3953 2806 3987 α
2826 3972 2846 4002 ,

744 4008 887 4060 Jens.
921 4008 1054 4079 (tac.
1080 4010 1274 4080 Gesn.)
1310 4030 1434 4064 cum
1458 4012 1612 4064 Voss.
1644 4030 1660 4064 ι
1681 4052 1697 4080 ,
1721 4014 1754 4067 3
1834 4017 1967 4069 van.
1989 4018 2132 4069 Jens.
2157 4031 2209 4070 et
2234 4018 2558 4070 editionibus
2576 4020 2846 4089 posterio-

744 4085 876 4155 (οἱοὶ
892 4088 1039 4158 quod
1048 4087 1237 4142 horum
1249 4104 1473 4163 uterque
1478 4090 1752 4165 fatigato),

1833 4097 1981 4149 ribus
2002 4111 2124 4149 ante
2143 4098 2355 4150 Aldum.
2371 4126 2442 4137 «-
2455 4096 2651 4149 Eadem
2675 4098 2848 4150 nostri

750 4182 806 4232 2,
834 4181 884 4217 et
910 4166 1026 4219 edd.
1055 4181 1175 4220 ante
1209 4169 1358 4222 Basil.
1392 4170 1597 4243 Reliqui
1622 4190 1675 4224 n.
1707 4182 1762 4223 et
1835 4174 2003 4227 Codd.
2033 4175 2122 4227 En.
