3200 5159
671 487 1329 559 INSTITUTIONIS
1368 491 1626 560 ORAT.
1666 493 1830 566 LIB.
1866 499 1959 577 X,
2009 522 2077 576 1..-

2330 521 2409 587 91

307 609 735 686 circumcisis
787 640 943 713 quoe
989 613 1303 704 dixisset,
1350 615 1456 690 ei¹
1518 617 1925 692 nocuerit²t
1979 620 2102 694 sed
2154 621 2417 695 elatum

303 800 471 852 refert
492 801 672 853 Burm.
709 800 761 854 1ι.
799 802 1083 857 imitatores
1114 822 1208 858 nec
1231 803 1329 855 int·

306 880 519 953 merito)
538 894 593 933 et
608 879 810 953 Gryph.
827 899 948 933 cum
965 881 1169 954 aliquot
1184 881 1328 955 apud

303 960 488 1012 Burm.
525 990 598 1000 —
632 962 820 1014 Nostri
858 961 1061 1016 habent
1101 962 1192 1016 alii
1232 980 1329 1016 nec

305 1037 623 1104 imitatores,
644 1038 736 1093 alii
760 1058 854 1093 nec
876 1041 1154 1095 immerito.
1180 1045 1276 1098 En.

389 1135 437 1169 t.
462 1119 551 1170 Εἰ.
570 1121 749 1173 Turic.
775 1120 915 1173 Flor.
946 1120 1070 1193 (hic
1098 1141 1131 1175 a
1158 1125 1327 1196 prima

305 1199 509 1271 manu)
539 1200 640 1253 vel.
678 1201 754 1254 Ex
784 1200 923 1254 Alm.
957 1203 1181 1255 affertur
1210 1201 1325 1256 tua.

309 1280 373 1330 In
402 1278 509 1332 hoc
538 1293 590 1333 et
617 1283 672 1333 in
701 1280 902 1334 illotttt'
929 1279 1095 1336 latere
1128 1282 1330 1356 aliquid

306 1362 569 1430 suspicor.
596 1390 667 1400 -—
690 1363 869 1415 Nostri
895 1379 1081 1415 omnes
1104 1364 1169 1415 ei.
1197 1365 1290 1416 En.

381 1456 433 1490 a.
466 1439 736 1493 Noeuerit.
769 1440 945 1494 Guelf.
983 1441 1146 1495 Goth.
1185 1444 1326 1514 (tac.

305 1517 497 1590 Geso.)
533 1530 814 1585 nocuerat,
848 1539 973 1574 cum
1004 1525 1155 1574 Voss.
1184 1539 1232 1588 t,
1263 1539 1291 1573 a
1310 1558 1328 1587 ,

303 1599 360 1651 3.
385 1628 461 1638 ——
479 1601 662 1653 Nostri
683 1611 960 1669 nocuerat,
986 1615 1191 1673 except.
1217 1602 1328 1655 BR.

305 1695 359 1748 7,
395 1693 477 1744 tt,
510 1680 606 1749 qui
643 1680 896 1732 uocum-it.
932 1683 1028 1732 En.
1059 1711 1126 1721 --
1155 1681 1331 1733 Habet

299 1768 642 1810 amatorem...
670 1761 919 1810 nocuerit.
954 1759 1149 1811 Mirum
1177 1758 1327 1812 dictu

300 1848 419 1901 est,
453 1853 611 1909 quam
638 1836 853 1889 insolita
881 1839 982 1891 etsi
1009 1837 1213 1891 diversa
1242 1857 1327 1890 ra·

300 1917 453 1966 tione
488 1914 650 1966 verba
686 1925 824 1969 ut...
859 1916 1096 1969 nocuerit
1128 1918 1182 1969 in
1216 1916 1325 1969 hoc

299 1993 430 2046 loco
455 1996 758 2064 acceperint
776 1994 973 2047 Badius
997 2008 1049 2047 et
1073 1996 1324 2049 Burman·

303 2090 440 2132 nus3
468 2086 521 2124 et
551 2073 818 2125 Gesnerus
851 2075 1017 2144 magis
1049 2076 1206 2126 etiam
1238 2076 1323 2128 iu-

302 2162 519 2220 sperata
542 2149 717 2202 affert.
745 2149 940 2205 Badius
965 2152 1187 2205 tetidem
1207 2171 1324 2206 esse

299 2229 378 2279 ait
408 2243 470 2277 ac
495 2238 792 2300 postquam.
826 2230 1193 2297 Burmannus,
1217 2230 1323 2285 hoc

302 2306 648 2377 improbans,
670 2308 985 2379 particulam
1008 2310 1324 2382 interpreta-

300 2395 393 2436 tut·
422 2386 665 2456 quamvis
705 2408 727 2432 ιι
749 2391 987 2460 quamvis
1019 2388 1236 2443 libertas
1275 2389 1325 2443 ei

307 2486 335 2510 ιι
353 2466 622 2516 nocuerit.
646 2488 669 2512 ιι
699 2464 891 2518 Annon
917 2467 1181 2521 sentiebat
1197 2467 1325 2522 huic

305 2545 502 2595 rationi
549 2543 764 2599 obstare
806 2567 829 2592 ι
847 2563 1173 2619 quamquam
1221 2550 1326 2600 cir-

312 2645 336 2668 ·
358 2622 680 2675 cumcisisi'·
722 2624 860 2677 Nam
895 2623 1139 2677 omittere
1177 2643 1234 2679 se
1271 2625 1326 2680 id

303 2701 631 2755 vocabulum
657 2722 919 2776 nusquam
940 2704 1088 2768 dicit.
1109 2705 1178 2757 Et
1198 2724 1328 2778 quo·

305 2781 473 2833 modo
498 2779 758 2836 credibile
779 2797 891 2835 erat
918 2806 941 2830 ιι
961 2802 1083 2836 eum
1099 2822 1116 2850 ,
1146 2786 1234 2837 cui
1261 2785 1327 2837 li-

311 2882 334 2905 ·
354 2859 536 2913 bertas
557 2864 841 2935 poetici-it,
869 2861 1175 2916 habiturum
1205 2865 1326 2916 imi-

309 2962 336 2985 ·
356 2951 555 2992 tatores
571 2942 638 2991 ἲ..
682 2941 949 2995 Gesnerus
990 2943 1064 2996 ita
1114 2942 1327 2996 ordinat

310 3021 600 3073 sententias
623 3040 636 3071 =
669 3043 692 3066 ι
710 3020 947 3092 Scriptor
969 3020 1057 3074 hic
1082 3040 1112 3074 a
1137 3023 1323 3090 Quint.

312 3119 335 3142 ι
356 3096 604 3151 laudatus
640 3098 848 3151 nullum
886 3098 1068 3154 habet·
1089 3101 1327 3155 imitato-

311 3199 334 3223 ·
353 3195 501 3242 rem,
538 3189 599 3229 ut
633 3197 733 3231 nec
765 3181 883 3251 ipsa
916 3178 1132 3233 libertas
1161 3179 1325 3234 habet

309 3257 707 3322 «imitatorem,
739 3274 1064 3328 quamquam
1097 3256 1224 3310 huic
1256 3258 1324 3311 li-

309 3357 333 3380 ·
354 3336 548 3388 bet-tati
590 3335 1020 3389 circumcidendo
1063 3339 1271 3390 nocuit.
1294 3361 1317 3384 ι

303 3414 648 3486 Quamquam
668 3417 810 3468 enim
828 3435 938 3468 non
956 3414 1040 3468 his
1059 3418 1187 3490 ipsis
1207 3436 1326 3470 ver-

305 3494 387 3547 bis
419 3496 914 3567 interpretationem
944 3497 1183 3568 profert,
1208 3516 1324 3570 quae

304 3575 349 3626 si
379 3591 584 3645 ponere
615 3573 902 3641 voluisset,
937 3576 1051 3646 ipse
1089 3594 1204 3628 eam
1239 3595 1323 3629 re-

298 3654 541 3723 jecturus
570 3665 717 3720 erat,
747 3672 815 3707 eo
844 3669 1020 3708 tamen
1050 3673 1134 3708 res
1162 3656 1315 3710 redit.

304 3730 556 3798 Adeone,
581 3732 727 3803 quod
747 3735 805 3785 in
826 3747 1080 3807 promptu
1108 3748 1216 3801 est,
1240 3734 1321 3788 la-

305 3811 414 3862 tine
436 3810 775 3865 doctissimos
797 3815 938 3866 viros
962 3832 1070 3866 non
1095 3814 1316 3868 vidisse!

306 3890 515 3962 Nempe
563 3889 852 3965 Gedoynus
893 3910 1008 3945 non
1062 3891 1319 3964 ignoravit

309 3981 422 4021 at...
464 3969 702 4023 nocuerit
743 3989 860 4023 esse
897 3972 1321 4046 frequentatissi-

305 4062 446 4099 mam
454 4045 600 4099 illam
610 4048 1041 4121 appendiculam,
1050 4054 1107 4104 in
1119 4071 1221 4123 qua
1235 4072 1323 4126 an·

309 4136 362 4175 oe
387 4134 448 4176 ut
475 4124 793 4179 subauditur
821 4128 893 4179 ita
914 4152 930 4180 .-
964 4152 986 4174 ιι
1008 4128 1239 4183 l’amour
1261 4132 1327 4184 de

310 4224 336 4247 ι
358 4198 412 4254 la
429 4204 593 4262 νόν-ἠέ
608 4202 868 4276 luiayant
885 4207 1141 4280 ltlfatal.
1166 4232 1188 4255 ιι
1216 4212 1325 4282 Ego

1410 816 1588 858 tamen
1626 819 1678 859 et
1711 808 1765 859 in
1799 826 1865 860 eo
1898 806 2106 874 hiereo,
2139 807 2283 880 quod
2315 827 2420 862 no-

1408 885 1581 937 cuisse
1605 884 1799 938 dicitur
1819 886 2034 940 libertas
2060 889 2137 954 ei,
2165 890 2252 941 cui
2275 907 2422 940 ama-

1405 977 1549 1018 tores
1584 965 1803 1037 quidem
1843 966 2080 1034 dederit,
2119 968 2214 1021 sed
2248 970 2421 1021 imita-

1402 1057 1550 1098 tores
1591 1046 1906 1112 abstulerit3
1947 1068 2047 1101 nec
2089 1051 2267 1102 omnia
2305 1048 2420 1103 bac

1408 1124 1693 1177 manifesto
1729 1127 1806 1178 sic
1832 1139 2044 1199 praestat
2070 1128 2423 1180 vetustissima

1408 1204 1686 1276 scriptura.
1707 1206 1784 1257 Ex
1799 1224 1861 1257 ea
1877 1205 2090 1278 quidem
2105 1206 2420 1259 imitatorem

1409 1284 1576 1353 magis
1611 1301 1764 1338 eruas
1796 1302 1956 1356 quam
1985 1283 2277 1358 pluralem;
2313 1304 2421 1357 quo

1408 1374 1585 1414 tamen
1634 1363 1753 1434 ipso
1794 1381 1906 1415 non
1942 1363 2167 1416 multum
2207 1363 2423 1435 profici-

1409 1458 1547 1493 mus.
1592 1440 1762 1492 Paulo
1810 1440 2003 1494 clarius
2043 1440 2337 1508 videbatur,
2379 1441 2425 1494 si

1408 1531 1845 1591 transponeretur
1866 1544 1878 1574 z
1921 1521 1972 1572 lt.
2012 1522 2293 1576 imitatores
2327 1540 2424 1574 nec

1407 1613 1693 1650 amatorem
1714 1622 1729 1651 .-
1752 1599 1940 1652 volunt
1959 1599 2112 1652 multi
2134 1598 2329 1651 similes
2344 1601 2427 1651 vi-

1409 1675 1523 1729 deri
1548 1689 1699 1729 tanto
1723 1679 1968 1748 ingenio,
1993 1678 2087 1731 sed
2110 1677 2281 1732 eidem
2305 1677 2424 1729 lau-

1407 1754 1501 1808 des
1513 1753 1723 1809 debitas
1738 1756 1973 1810 invident
1988 1778 2003 1821 ς
2018 1770 2222 1810 tantum
2240 1758 2426 1809 nocuit

1409 1837 1492 1902 ei,
1522 1834 1671 1908 quod
1704 1836 1936 1902 multos,
1968 1836 2134 1890 libere
2166 1839 2291 1889 vitia
2325 1855 2427 1889 no·

1407 1913 1606 1980 tando,
1630 1914 1776 1968 laesit.
1802 1914 1906 1967 Sed
1930 1934 2039 1987 qno
2065 1915 2273 1986 ablegat
2298 1918 2427 1970 Ges·

1403 2013 1563 2047 net-us
1599 1992 1648 2065 ς.
1684 1993 1817 2061 126,
1848 1998 2111 2065 geminam
2145 1997 2300 2048 nimis
2333 2014 2425 2047 os-

1403 2073 1575 2127 tendit
1592 2076 1909 2139 orationem,
1920 2092 2077 2147 quam
2096 2087 2153 2125 ut
2166 2073 2255 2126 hic
2272 2073 2429 2145 quid-

1404 2171 1565 2225 quam
1589 2152 1863 2205 sollicites.
1888 2155 2083 2205 Fateor
2106 2166 2282 2205 tamen
2299 2190 2316 2218 ‚
2341 2171 2424 2205 me

1404 2231 1536 2284 mihi
1560 2250 1672 2286 non
1697 2232 2001 2285 satisfacere
2024 2232 2079 2283 in
2106 2229 2273 2284 hisce.
2298 2231 2428 2284 Rol-

1403 2311 1543 2365 linus
1578 2312 1743 2364 sumit
1769 2312 2019 2370 Tacitum,
2044 2309 2209 2361 multa
2245 2322 2371 2361 tunc
2390 2327 2425 2363 ve

1404 2392 1614 2464 scriptis
1656 2391 1765 2444 suis
1804 2402 1950 2441 metu
1990 2402 2289 2459 temporum
2324 2387 2424 2441 de-

1405 2470 1656 2535 traxisse,
1681 2486 1796 2540 qun
1818 2479 2008 2539 postea
2033 2468 2273 2518 restituta
2299 2467 2422 2518 sint.

1403 2577 1475 2589 —
1490 2549 1614 2601 Non
1636 2561 1836 2600 temere
1853 2543 2137 2616 (referente
2157 2545 2430 2596 Buttman-

1405 2645 1477 2679 no
1494 2627 1548 2678 in
1564 2627 1708 2678 uotis
1720 2663 1738 2691 ,
1754 2642 1886 2696 quas
1906 2623 1972 2675 ad
1989 2621 2188 2675 calcem
2202 2621 2429 2674 volumi·

1405 2707 1488 2758 nis
1522 2703 1893 2777 subjunxerat)
1914 2701 2250 2775 Spaldingius
2280 2703 2423 2771 ejus,

1408 2786 1500 2856 qui
1534 2783 1818 2837 emendare
1846 2780 1992 2834 hunc
2023 2780 2204 2833 locum
2233 2779 2426 2843 vellet,

1408 2866 1643 2917 animun
1671 2862 1900 2916 intendit
1925 2863 1981 2914 in
2007 2859 2141 2913 illud
2168 2859 2427 2912 librorum

1407 2943 1489 2995 uti
1515 2956 1568 2996 et
1594 2943 1649 2995 in
1677 2942 2025 2994 variationem
2050 2938 2135 3004 ei,
2162 2937 2245 2990 vel
2257 2975 2275 3002 ,
2306 2937 2425 2991 illa.

1406 3020 1540 3075 Mihi
1565 3018 1779 3092 quidem
1808 3020 1905 3072 tria
1934 3015 2048 3070 hae‘c
2071 3018 2270 3088 pariter
2295 3017 2426 3069 insi-

1406 3101 1522 3154 titia
1543 3099 1809 3165 videntur,
1834 3111 1890 3150 et
1913 3097 2044 3150 illud
2074 3099 2154 3149 uti
2181 3110 2364 3150 natum
2394 3114 2424 3149 e

1397 3180 1586 3233 dativo
1611 3179 1713 3232 cui.
1746 3201 1769 3226 ιι
1790 3177 1962 3231 Habet
1986 3169 2308 3230 amatores...
2334 3195 2431 3228 no-

1414 3261 1694 3325 ·cuerit‚·
1731 3255 1786 3309 h.
1824 3276 1902 3322 e.‚
1941 3275 2210 3329 nquum...
2246 3257 2294 3307 ei
2328 3272 2423 3305 no·

1409 3362 1431 3386 ιι
1453 3340 1643 3391 cuerit.
1665 3362 1687 3385 ιι
1715 3338 1960 3390 Tacitum
1983 3350 2159 3388 autem
2188 3352 2295 3410 quo
2320 3335 2424 3386 mi-

1403 3436 1506 3470 nus
1524 3416 1613 3469 hic
1630 3433 1914 3487 agnoscam
1925 3453 1943 3481 ,
1958 3429 2071 3467 tum
2087 3413 2176 3466 illa
2192 3415 2425 3481 faciunt,

1406 3517 1521 3570 quae
1535 3495 1835 3569 Spaldingii
1850 3513 2065 3568 quoque
2082 3494 2329 3546 fiduciam
2348 3495 2426 3545 in·

1402 3577 1705 3648 fregerunt,
1729 3588 1841 3627 tum
1861 3574 1992 3640 alia,
2016 3576 2070 3625 in
2096 3573 2291 3645 quibus
2316 3591 2426 3624 non
2534 3617 2541 3622 .

1397 3655 1641 3709 infimum
1667 3653 1846 3706 locum
1872 3665 2104 3725 occupat
2132 3651 2265 3704 illud
2293 3675 2316 3699 ιι
2338 3667 2425 3704 su-

1407 3757 1429 3781 ·
1448 3747 1631 3807 pet-est
1653 3731 1829 3785 adhuc
1840 3754 1856 3797 ς
1874 3756 1896 3780 ιι
1924 3730 2119 3804 quibus
2136 3730 2310 3783 verbis
2327 3728 2426 3782 ho·

1398 3817 1596 3867 minem
1639 3814 1906 3884 juniorem
1927 3850 1944 3878 ,
1994 3830 2152 3864 suum
2198 3811 2421 3862 fortasse

1400 3891 1741 3966 discipulum,
1754 3892 1947 3944 futuris
1957 3889 2286 3963 temporibus
2295 3907 2430 3942 nun-

1405 3975 1545 4025 ciare
1567 3969 1687 4024 'non
1720 3973 1894 4044 potuit
1923 3971 2108 4040 Quint.
2137 3971 2271 4040 Quis
2294 3988 2422 4021 vero

1404 4052 1595 4117 fuerit,
1625 4052 1678 4103 in
1708 4070 1773 4103 eo
1803 4069 1913 4103 non
1940 4050 2166 4102 multum
2195 4049 2423 4101 desuda-

1404 4133 1516 4199 bis,
1540 4135 1584 4185 si
1611 4130 1847 4184 timidam
1871 4131 2053 4183 Nostri
2075 4145 2318 4183 naturam
2343 4150 2423 4183 re-

1401 4214 1703 4285 putaveris;
1729 4214 1821 4285 qui
1848 4213 2086 4284 quamvis
2113 4212 2235 4264 satis
2260 4213 2424 4265 matii·
