3200 5159
731 510 857 577 282

1293 511 1388 576 M.
1428 509 1656 576 FABII
1692 498 2253 595 QUmTlLlAm
2359 515 2367 523 ·

725 637 978 733 situm)
1023 657 1167 708 erat
1197 636 1588 736 optimum,
1620 637 1674 709 si
1710 664 1854 709 non
1878 651 1895 682 ¹
1937 636 2255 709 subirent
2293 636 2482 710 velut
2521 637 2832 710 otiosum

727 752 1052 823 animum
1085 753 1520 850 plerumque
1567 753 1722 825 aliae
1777 751 2260 851 cogitationes,
2313 772 2622 852 propter·
2657 780 2834 850 quas

727 865 1132 938 excitandus
1158 888 1257 939 est
1281 893 1480 955 voce,
1505 887 1582 939 ut
1610 866 1872 966 duplici
1896 887 2089 940 motu
2105 881 2133 912 ²
2145 867 2427 967 juvetur
2446 868 2788 939 memoria
2809 923 2832 957 ,

726 980 1005 1054 dicendi
1041 1004 1108 1054 et
1133 982 1542 1056 audiendi³z
1586 983 1707 1056 sed
1737 984 1883 1055 haec
1918 1010 2046 1056 vox
2077 984 2162 1055 sit
2185 983 2498 1074 modica,
2521 1004 2588 1057 et
2607 984 2830 1083 magis

616 1116 687 1185 34
726 1123 1076 1171 murmur.
1111 1099 1257 1189 Qui
1287 1120 1521 1171 autem
1559 1099 1826 1196 legente
1858 1099 1998 1172 alio
2030 1099 2305 1190 ediscit,
2351 1100 2422 1170 in
2465 1121 2658 1199 parte
2681 1120 2829 1172 tar-

726 1213 964 1303 datur,
1000 1215 1199 1314 quod·
1226 1213 1493 1287 aerior⁴
1526 1235 1627 1287 est
1653 1215 2022 1287 oculorum
2045 1273 2064 1304 ,
2096 1241 2312 1315 quam
2349 1216 2632 1287 aurium
2667 1240 2829 1287 sen-

682 1418 687 1423 ,
725 1354 877 1418 sus;
922 1329 995 1400 in
1049 1350 1238 1427 parte
1275 1328 1503 1430 juvari
1544 1350 1806 1426 potest,
1837 1330 2074 1428 quod,
2104 1328 2379 1429 quum⁵
2413 1329 2668 1419 semel,
2706 1349 2829 1401 aut

720 1442 831 1516 bis
883 1442 1218 1532 audierit,
1265 1444 1602 1516 continuo
1651 1445 1752 1516 illi
1806 1445 2224 1517 memoriam
2271 1438 2481 1518 ⁸suam
2535 1445 2825 1543 experiri

721 1557 955 1650 licetfi,
1001 1580 1066 1632 et
1103 1588 1267 1632 cum
1310 1559 1580 1660 legente
1629 1560 2046 1635 contendere
2081 1589 2096 1632 :
2147 1588 2313 1643 narn
2350 1581 2418 1633 et
2458 1561 2721 1660 alioqui
2754 1560 2823 1632 id

725 1674 1028 1747 maxime
1064 1676 1467 1749 faciendum
1498 1696 1599 1749 est
1618 1735 1635 1768 ‚
1663 1697 1744 1748 ut
1767 1703 1894 1749 nos
1920 1677 2216 1749 subinde
2240 1696 2625 1765 tentemus;
2658 1675 2826 1773 quia

724 1790 1057 1862 continua
1091 1790 1325 1881 lectio,
1357 1811 1424 1862 et
1450 1818 1603 1890 quae
1638 1791 1892 1891 magis,
1920 1812 1989 1864 et
2017 1807 2201 1892 quae⁷
2229 1791 2469 1864 minus
2498 1789 2823 1881 ⁸·haerent,

613 1923 683 1981 3⁵
727 1905 1078 2006 aequaliier
1119 1906 1382 1978 transii.
1412 1909 1495 1993 ln
1540 1907 2029 2007 experiendos,
2079 1927 2444 1995 teneasne,
2487 1925 2557 1976 et
2601 1905 2826 2006 major

722 2019 1013 2091 intentio
1061 2040 1194 2111 est,
1244 2040 1312 2092 et
1367 2019 1540 2091 nihil
1589 2019 1996 2120 supervacui
2047 2018 2379 2121 temporis
2425 2019 2639 2119 perit,
2683 2045 2830 2119 quo

714 2135 966 2226 etiam,
993 2163 1149 2235 quae
1182 2157 1502 2208 tenemus
1523 2191 1541 2224 ,
1569 2136 1784 2236 repeti
1804 2151 1859 2180 ¹⁰
1894 2136 2158 2226 solent;
2199 2137 2292 2207 ita
2317 2136 2462 2208 sola
2481 2191 2501 2224 ,
2527 2136 2827 2235 quae'ex-

721 2332 960 2402 estquod
981 2344 1112 2389 tum.
1145 2333 1259 2382 Nec
1294 2330 1582 2402 premenda
1615 2330 1731 2382 laus

719 2409 901 2461 Gallaei
919 2409 1186 2462 meliorem
1204 2409 1600 2462 distinctionem
1617 2428 1734 2462 sua-

721 2486 924 2551 dentis,
949 2501 1041 2540 aut
1062 2490 1347 2540 Burmanni
1370 2491 1645 2561 quoesiztum
1671 2490 1733 2541 il-

716 2565 814 2618 lud
856 2568 969 2619 sola
1007 2570 1313 2639 conjectura
1353 2571 1598 2622 eruentis.
1638 2568 1731 2623 Ine

721 2644 936 2716 quidem
959 2660 1009 2697 et
1033 2646 1119 2698 hic
1145 2646 1316 2697 cultro
1341 2665 1451 2699 rem
1474 2647 1695 2717 gerebat
1711 2687 1729 2714 ,

716 2743 984 2796 reponens
998 2746 1010 2776 ι
1023 2725 1265 2776 Ediscere
1279 2725 1500 2776 tacitum
1516 2737 1630 2777 erat
1644 2745 1729 2799 op·

719 2803 936 2867 timum,
963 2805 1018 2854 in
1048 2822 1155 2875 quo
1177 2816 1352 2855 tamen
1378 2806 1595 2856 tacitum
1619 2824 1727 2877 prm

712 2881 871 2934 tacite
887 2882 1103 2934 mirifice
1116 2868 1291 2953 piacet
1303 2902 1331 2946 ς·
1346 2884 1446 2934 nisi
1459 2883 1599 2936 forte
1617 2903 1729 2936 ma-

717 2963 794 3013 vis
818 2972 1101 3028 tacentem,
1126 2961 1211 3013 vel
1236 2972 1474 3016 tacentes.

726 3072 733 3079 -
794 3058 813 3092 1
828 3082 838 3094 .
865 3042 922 3094 Si
947 3060 1068 3093 non.
1086 3044 1265 3093 Turio.
1286 3042 1426 3094 Flor.
1448 3042 1722 3096 Guelferb.

718 3121 970 3171 omittunt
999 3120 1043 3177 si
1073 3138 1195 3171 cum
1224 3119 1413 3171 Almei.
1439 3121 1648 3173 Omittit
1672 3121 1727 3173 id

715 3196 880 3248 modo
901 3210 1022 3248 ante
1043 3217 1249 3272 quoque
1260 3197 1436 3251 Gueli'.
1454 3201 1583 3250 item
1601 3216 1726 3252 mox

715 3276 809 3330 dat
829 3279 942 3330 voci
964 3296 1084 3329 cum
1106 3280 1228 3330 Exe.
1252 3279 1463 3329 Samen.
1491 3279 1616 3329 item
1641 3278 1728 3329 de-

714 3365 941 3409 cuer-unc
967 3356 1197 3408 Gothan.
1232 3357 1359 3425 (tac.
1382 3356 1567 3428 Gesn.)
1603 3375 1726 3408 cum

715 3438 873 3488 Voss.
911 3456 957 3488 2.

789 3532 839 3566 α.
864 3513 1082 3585 Duplici
1104 3524 1269 3569 motu.
1295 3515 1393 3565 Hic
1419 3515 1607 3566 iterum
1636 3534 1725 3566 or·

716 3594 936 3647 diuntur
959 3595 1104 3644 Avic.
1131 3595 1237 3646 RR.
1264 3593 1328 3660 3,
1366 3594 1416 3647 5.
1451 3597 1550 3647 Pro
1576 3605 1726 3648 motu

715 3676 780 3727 R.
805 3692 839 3743 9
863 3674 955 3725 dat
982 3672 1155 3725 modo.
1187 3676 1279 3725 En.

789 3755 840 3808 3.
864 3751 1214 3805 exaudiendi.
1231 3754 1505 3806 Turicens'.
1530 3758 1723 3808 omittit

716 3854 841 3893 cum
868 3833 1001 3886 Alm.
1026 3851 1135 3884 non
1160 3833 1297 3885 Flor.
1336 3834 1482 3899 (vide
1510 3836 1721 3903 modo).

715 3913 879 3969 Goth.
918 3912 1005 3965 hic
1042 3914 1195 3964 modo
1225 3932 1324 3985 pro
1359 3924 1536 3979 mom,
1578 3915 1724 3986 quod

716 3994 892 4065 ipsum
917 3992 1137 4063 optabat
1155 3994 1435 4059 Francius,
1458 3993 1612 4045 male.

789 4072 840 4138 4.
869 4072 1050 4123 Acrior
1070 4081 1156 4125 est.
1187 4073 1233 4122 T
1237 4073 1458 4124 uricens.
1495 4074 1720 4140 omittit,

722 4150 886 4204 tolus.
1371 4160 1377 4167 '

789 4230 841 4289 5.
870 4231 1066 4303 Quum.
1099 4232 1363 4287 omittunt
1394 4232 1538 4286 Avic.
1569 4230 1719 4288 Poul.

1811 2345 1866 2383 et
1898 2331 2041 2403 apud
2077 2334 2357 2393 Burmann.
2383 2334 2537 2382 Voss.
2567 2347 2588 2382 1
2605 2368 2622 2395 ,
2647 2331 2699 2383 3.
2723 2331 2822 2382 En.

1881 2410 1934 2463 6.
1961 2411 2117 2463 Licet.
2139 2413 2407 2465 Ominum
2425 2411 2574 2461 Avic.
2595 2409 2748 2462 Poul.
2768 2423 2826 2462 et

1814 2490 1957 2562 apud
1982 2491 2162 2543 Burni?
2174 2494 2328 2543 Voss.
2362 2508 2406 2556 ι,
2432 2488 2482 2541 3.
2509 2490 2600 2541 Eo.

1883 2586 1933 2639 7.
1956 2571 2027 2623 Et
2045 2587 2161 2642 quc
2178 2570 2367 2621 minus.
2398 2567 2583 2621 Ambr.
2611 2586 2640 2620 2
2674 2571 2827 2620 omit-

1811 2649 1891 2700 tit.
1908 2649 2107 2715 Guelf.,
2128 2660 2178 2701 et
2198 2650 2385 2701 minus.
2407 2647 2574 2700 Modo
2594 2648 2651 2698 id
2668 2651 2824 2700 omit-

1813 2730 1874 2779 tit
1896 2728 2038 2780 Flor.
2074 2742 2127 2780 et
2159 2727 2324 2800 paulo
2357 2740 2480 2779 ante
2516 2725 2642 2778 licet
2669 2727 2824 2779 abest

1809 2805 1879 2858 ab
1898 2810 2052 2860 Voss.
2080 2825 2126 2870 1,
2152 2808 2203 2860 3.

1882 2886 1931 2938 8.
1953 2886 2194 2951 Han-ene,
2215 2884 2506 2958 oequaliter.
2528 2882 2674 2935 Flor.
2688 2921 2705 2950 ,
2732 2883 2822 2935 lea-

1809 2973 1928 3016 rent
1947 2982 2007 3016 oe.
2034 2964 2214 3016 Ambr.
2245 2982 2272 3016 α
2290 3001 2306 3029 ,
2328 2962 2552 3014 hoerente
2572 2962 2818 3034 qualiter.

1808 3043 1970 3094 Cur.
1999 3042 2132 3111 (nisi
2166 3042 2312 3115 quod
2334 3062 2433 3114 per
2452 3041 2511 3114 e)
2539 3041 2696 3094 lueret
2721 3060 2813 3107 oe.,

1807 3141 1928 3173 cum
1962 3122 2124 3175 Goth.
2146 3123 2302 3175 Voss.
2339 3139 2403 3187 2,
2440 3135 2493 3173 et
2528 3120 2651 3173 edd.
2694 3133 2818 3174 ante

1809 3200 1934 3253 Bad.

1878 3297 1929 3350 9.
1953 3280 2019 3330 Ῑιι
2043 3279 2367 3351 experiendo.
2389 3279 2543 3333 Solus
2562 3279 2818 3347 Pouiffin

1805 3359 2172 3431 experimento.
2204 3361 2297 3415 En.

1884 3455 1963 3509 ¹⁰:
1981 3439 2176 3510 Repeti.
2191 3438 2330 3491 Flor.
2346 3437 2521 3491 Guelf.
2537 3441 2664 3492 Exc.
2681 3439 2816 3491 San·

1806 3530 1915 3569 ten.
1944 3520 2136 3584 cium,
2171 3519 2405 3590 reperiri,
2434 3537 2557 3571 cum
2579 3517 2811 3570 Gothan.

1804 3601 1957 3652 Voss.
1989 3617 2033 3665 ι,
2055 3601 2115 3663 2‘,
2141 3600 2172 3651 3
2187 3637 2204 3664 ,
2225 3597 2374 3651 Bodl.
2393 3602 2589 3651 Joann.
2616 3612 2668 3651 et
2689 3597 2811 3650 edd.

1805 3691 1928 3730 ante
1947 3678 2064 3729 Ald.
2091 3678 2343 3749 Repen’ti,
2365 3677 2547 3729 Ambr.
2571 3695 2621 3729 α.
2645 3675 2812 3728 Modo

1804 3758 1964 3810 Cum
1980 3795 1996 3823 ,
2041 3756 2438 3829 supervacanei,
2484 3774 2606 3808 cum
2647 3753 2813 3809 Andr.

1805 3838 1925 3889 ΑΜ.
1956 3837 2057 3890 Sed
2084 3835 2316 3888 Gothan.
2352 3836 2487 3908 petit
2518 3855 2622 3908 pro
2656 3836 2811 3908 perit.

1804 3915 1979 3968 Guelf.
1997 3954 2014 3981 ,
2036 3933 2138 3988 quo
2169 3927 2418 3968 tenemus.
2445 3914 2538 3966 lua
2554 3952 2572 3979 ,
2597 3932 2711 3985 qun
2737 3926 2816 3965 ent

1804 3997 1859 4046 in
1880 3995 2036 4048 Voss.
2066 4012 2126 4061 2,
2165 3996 2449 4046 omissione
2472 3993 2664 4057 horum
2689 4015 2702 4043 z
2741 3994 2816 4044 ita

1803 4070 2814 4146 sola...quamquamsolentcaretGoth.

1803 4153 2006 4205 Contra
2030 4152 2272 4206 inGuelf.
2287 4150 2810 4205 desiderantia-hec:

1802 4251 2126 4307 quamquam
2154 4231 2339 4287 solent.
2359 4270 2371 4284 .
2393 4270 2406 4284 .
2440 4231 2584 4305 quod
2609 4230 2816 4284 excide-
