3200 5159
672 445 1328 516 INSTITUTIONIS
1362 447 1622 516 ORAT.
1664 452 1824 516 LIB.
1861 447 2022 531 XII,
2065 472 2126 518 α.
2324 451 2446 533 441

347 566 796 669 degustat-iv,
827 571 1311 648 dubitaturum
1341 596 1542 674 puto.
1571 574 1681 648 Ad
1709 575 1883 649 illud
1901 590 1930 623 ²
1964 602 2260 679 sequens
2287 601 2460 675 prae-

342 706 563 758 vertar
579 685 631 779 ³,
667 714 757 761 ne
783 687 1067 763 dicendi
1096 690 1394 790 quidem
1419 691 1583 766 satis
1609 693 1913 793 peritum
1945 694 2126 784 fore,
2157 694 2283 793 qui
2308 718 2455 766 non

344 821 412 875 et
430 823 690 876 naturae
711 806 858 878 vim
881 833 1170 881 omnem
1194 809 1477 908 penitus
1491 808 1936 910 perspexerit,
1954 830 2023 883 et
2042 836 2269 882 mores
2288 834 2458 909 prae-

345 918 561 1017 ceptis
583 945 664 991 ac
687 920 954 994 ratione
980 922 1317 995 formarit.
1343 926 1591 1024 Neque
1618 924 1810 997 enim
1832 925 2086 998 frustra
2109 926 2185 998 in
2206 923 2453 998 ⁴tertio
2526 932 2559 985 ⁵

344 1030 431 1104 de
456 1033 746 1108 Oratore
767 1035 945 1110 libro
970 1040 1049 1111 L.
1078 1040 1369 1112 Crassus
1393 1062 1678 1132 cuncta,
1702 1067 1860 1139 quae
1884 1042 1968 1114 de
1990 1068 2219 1142 oequ0,
2236 1044 2453 1140 justo,

340 1174 539 1239 vero,
579 1148 794 1242 bono,
841 1153 1066 1253 deque
1102 1155 1222 1248 iis,
1257 1183 1411 1257 quae
1443 1178 1611 1231 sunt
1644 1179 1880 1231 contra
1912 1157 2170 1260 posita,
2206 1157 2453 1231 dican-

338 1266 522 1359 tur⁵‚
570 1270 854 1370 propria
901 1299 1047 1346 esse
1094 1274 1384 1347 oratoris
1436 1275 1781 1367 affirmat3
1835 1304 1914 1349 ac
1958 1273 2448 1376 philosophos,

340 1409 567 1483 quum
600 1413 681 1459 ea
714 1387 995 1462 dicendi
1022 1388 1287 1464 viribus
1319 1411 1645 1484 tuentur,
1680 1392 1786 1466 uti
1818 1391 2174 1464 rhetorum
2200 1390 2447 1479 armis,

339 1525 486 1572 non
522 1501 685 1576 suis.
723 1502 921 1578 Idem
963 1525 1198 1579 tamen
1235 1507 1646 1599 confitetur,
1680 1517 1759 1580 ea
1780 1506 1935 1610 jam
1972 1532 2116 1580 esse
2150 1533 2192 1578 a
2224 1504 2450 1605 philo-

338 1615 587 1715 sophia
617 1620 956 1717 petenda,
989 1620 1311 1697 videlicet
1333 1623 1503 1723 quia
1526 1625 1755 1724 magis
1779 1623 1925 1696 haec
1950 1622 2052 1695 illi
2080 1620 2357 1694 videtur
2374 1618 2447 1691 in

337 1733 769 1829 possessione
805 1762 1051 1810 earum
1091 1764 1327 1811 rerum
1360 1739 1595 1812 fuisse.
1634 1740 1825 1812 Hinc
1859 1737 2069 1812 etiam
2112 1734 2288 1810 illud
2312 1756 2448 1825 est,
2519 1752 2558 1806 6

338 1847 533 1946 quod
551 1849 842 1924 Cicer0⁶
866 1852 1190 1952 pluribus
1223 1875 1291 1927 et
1321 1853 1521 1927 libris
1554 1875 1623 1928 et
1658 1855 1967 1955 epistolis
2000 1874 2313 1943 testatur,
2346 1851 2449 1923 di-

416 2034 461 2069 1.
480 2020 794 2092 Degustarit.
819 2023 1004 2076 Ambr.
1028 2042 1055 2076 2
1073 2063 1091 2093 ‚
1114 2024 1351 2100 degusta·

337 2107 439 2164 ret,
459 2116 581 2151 cum
598 2101 750 2154 Voss.
773 2118 817 2154 1.
835 2104 1219 2177 Degustant-rit,
1241 2104 1349 2157 Go-

336 2173 483 2227 than.
509 2177 633 2246 (tac.
650 2180 856 2251 Genu).
881 2180 969 2233 Ad
984 2181 1161 2248 aliud,
1183 2183 1348 2235 ΟΜ.

413 2274 461 2307 2.
489 2255 578 2308 Ad
603 2255 760 2310 illud.
776 2299 790 2315 .
806 2300 818 2310 .
836 2274 1137 2332 proevertar.
1158 2263 1351 2334 Dupli-

335 2354 452 2387 cem
491 2335 779 2410 disciplinae
816 2339 1029 2393 morulis
1066 2339 1350 2394 utilitatem

335 2413 690 2487 descripserat
709 2419 756 2485 S.
783 2434 826 2470 1.
846 2417 998 2472 Illud
1011 2438 1226 2492 sequens
1240 2420 1353 2492 pla·

335 2512 406 2546 ne
426 2496 501 2545 sic
521 2493 717 2547 dicitur
736 2508 797 2548 ut
814 2498 903 2563 IV,
924 2496 975 2562 5,
999 2497 1060 2550 13
1078 2519 1090 2548 =
1108 2498 1350 2569 proevertt‘

337 2586 419 2626 est
442 2573 621 2646 potius
644 2594 697 2627 se
722 2589 1040 2642 convertere,
1072 2577 1221 2649 quod
1243 2577 1348 2630 Pli-

334 2653 546 2704 niorum
584 2667 809 2726 uterque
849 2653 1005 2724 (vide
1046 2669 1158 2708 not.
1203 2655 1348 2729 seq.)

337 2743 591 2802 usurpat,
620 2744 673 2783 et
694 2731 903 2785 videtur
931 2731 1091 2806 hujus
1121 2736 1344 2788 maxime

334 2811 501 2863 etatis
547 2811 709 2865 fuisse
725 2851 743 2879 ‚
790 2825 849 2865 ut
899 2812 1097 2866 docent
1138 2812 1305 2867 lexica
1326 2853 1344 2881 ,

337 2907 657 2963 quamquam
709 2894 957 2945 Horatius
1001 2895 1113 2965 jam
1162 2896 1346 2966 posuit

334 2969 499 3023 Serm.
526 2970 581 3034 1,
606 2969 672 3036 3,
695 2970 784 3023 38.
862 3001 873 3010 -

407 3049 459 3101 3.
491 3049 806 3109 Proevertar3
840 3050 916 3101 sic
940 3048 1121 3102 Ambr.
1149 3069 1176 3103 :i
1206 3050 1344 3122 (nisi

335 3126 482 3198 quod
501 3127 645 3198 pre),
667 3127 796 3180 Obr.
824 3128 1134 3196 Proevertat,
1163 3130 1340 3183 Gueif.

332 3204 596 3271 Revertar,
635 3205 838 3278 reliqui.
880 3208 979 3257 Pro
1017 3208 1220 3260 sincera
1254 3207 1343 3260 illa

332 3284 612 3354 scriptura,
624 3302 785 3356 quam
801 3298 852 3336 et
869 3286 1148 3338 Burmann.
1165 3298 1344 3338 tuetur

333 3361 403 3413 nd
420 3362 656 3414 Gronov.
679 3376 789 3415 not.
816 3364 871 3415 in
895 3362 1027 3415 Ptin.
1046 3364 1341 3431 XXXVIII,

332 3439 397 3504 8,
420 3438 699 3510 ablegatis,
723 3439 1001 3493 deserendi
1026 3443 1239 3496 fuerunt
1257 3443 1342 3496 vel

333 3518 523 3588 optimi
540 3517 709 3570 Codd.
730 3517 840 3570 Nec
859 3537 956 3590 pro
983 3538 1049 3572 nc
1064 3519 1338 3574 Tui-icens.

329 3597 473 3651 Flor.
500 3599 662 3651 Canu.
687 3599 825 3653 satis
848 3599 1040 3651 omittit
1061 3599 1338 3654 Guelferb.

329 3677 463 3731 Fore
499 3678 748 3729 omittunt
778 3678 954 3730 Turio.
992 3677 1134 3731 Flor.
1173 3679 1339 3732 Ceut.

328 3755 526 3823 Horis,
562 3754 703 3809 Flor.
738 3751 981 3822 Morum,
1014 3759 1177 3811 Cute.
1213 3760 1342 3813 For*-

330 3844 529 3902 maret‚
554 3832 694 3887 Flor.
718 3836 1000 3902 Pinnas-it,
1021 3836 1182 3889 Goth.
1212 3836 1338 3907 (tac.

328 3911 533 3984 Germ).
552 3914 831 3981 Firmwt't,
853 3915 1019 3967 Cum
1038 3914 1170 3968 Vide
1190 3916 1235 3967 X
1250 3955 1267 3983 ,
1293 3934 1339 3982 1,

336 4007 388 4055 ις
412 4004 463 4043 et
481 3990 638 4044 Drak.
665 3993 733 4045 ad
756 3996 865 4047 Liv.
882 3994 1032 4061 vul,
1057 3994 1145 4062 35,
1167 4013 1221 4066 9.
1242 3996 1339 4049 Hic

331 4069 547 4142 quidem
559 4070 827 4142 formare,
862 4076 1007 4127 tenui
1040 4072 1340 4129 discrimine

329 4153 537 4218 tamen,
567 4164 795 4222 prestat.
818 4182 889 4192 —
913 4153 1093 4206 Nostri
1115 4151 1339 4207 Codices

1430 2024 1559 2078 dent
1597 2026 1686 2078 alii
1716 2038 2024 2097 proevertar,
2070 2024 2159 2077 alii
2205 2034 2443 2075 revertar.

1429 2102 1557 2155 Mox
1577 2102 1956 2173 aiiiforman‘t,
1978 2103 2064 2155 alii
2075 2100 2328 2175 firmarit.
2344 2102 2440 2154 Eo.

1502 2182 1553 2248 4.
1582 2183 1757 2236 Tertio
1776 2181 1841 2233 de
1864 2181 2078 2235 Oratore
2099 2182 2246 2234 libro.
2268 2180 2330 2234 C.
2355 2198 2446 2250 19,

1434 2277 1520 2328 27,
1545 2261 1635 2324 31,
1662 2272 1933 2331 postremo
1959 2272 2136 2312 tamen
2163 2260 2407 2312 maxime.

1503 2338 1553 2391 5.
1579 2339 1873 2402 Dicuntur5
1900 2340 1976 2390 sic
1998 2338 2273 2391 Turieens.
2301 2337 2438 2391 Ποῖ.

1426 2416 1611 2469 Ambr.
1637 2435 1701 2486 2,
1738 2416 1914 2471 Guelf.
1949 2419 2112 2471 Cen.
2152 2434 2276 2469 cum
2310 2415 2440 2470 Obr.

1427 2496 1706 2562 Dicuntur,
1726 2495 1934 2569 reliqui.
1957 2483 2249 2569 Adfirmaie
2266 2492 2442 2571 philo—

1425 2574 1640 2645 sophos,
1655 2578 1833 2628 Tun-ic.
1855 2576 1950 2648 qui
1966 2574 2209 2642 volebat,
2229 2575 2441 2646 opinor,

1425 2673 1477 2706 a.
1508 2665 1561 2707 et
1582 2655 1682 2727 ph.
1704 2657 1831 2708 Mox
1856 2674 1974 2708 eum
1999 2657 2074 2709 ad
2099 2655 2233 2721 dic„
2261 2655 2439 2706 Turic.

1423 2732 1563 2786 Flor.
1585 2753 1707 2788 cum
1727 2732 1864 2786 Alm.
1889 2733 1981 2787 Uti
2004 2733 2263 2786 rhetorum
2285 2734 2442 2785 omit-

1426 2812 1489 2862 tit
1507 2811 1739 2865 Fiorent.
1764 2811 1856 2866 sed
1881 2813 2071 2865 lacuna
2089 2811 2286 2865 relicta.
2311 2812 2436 2864 Jam

1420 2888 1792 2962 philosophia,
1817 2893 1995 2944 Turic.
2034 2891 2173 2944 Flor.
2209 2890 2437 2962 (quam-

1426 2987 1587 3039 quam
1617 2969 1685 3021 ab
1708 2969 1814 3021 hoc
1844 2968 2029 3022 abesse
2052 2990 2084 3021 a
2108 2967 2302 3022 diserte
2326 2987 2436 3022 uon

1422 3048 1694 3117 monetur)
1715 3051 1876 3101 Qut.
1905 3067 2027 3101 cum
2049 3045 2238 3101 Almel.
2263 3049 2438 3120 Magis

1426 3125 1477 3177 Ιι.
1507 3126 1542 3177 ἰ.
1570 3126 1775 3179 videtur
1805 3128 1860 3177 in
1888 3129 2137 3179 omittunt
2159 3128 2432 3179 Turiceus.

1421 3205 1565 3258 Flor.
1591 3225 1713 3258 cum
1742 3206 2001 3260 Almelov.

1492 3283 1545 3336 6.
1566 3285 1795 3337 Cicero...
1815 3295 2044 3338 testatur.
2061 3286 2204 3339 Loca
2224 3286 2437 3339 demon·

1424 3379 1589 3418 strare
1615 3366 1830 3439 longum
1855 3379 1953 3419 est.
1980 3365 2082 3418 Sed
2108 3385 2171 3418 ex
2194 3366 2436 3438 epistolis

1424 3443 1578 3496 velim
1600 3444 1756 3517 plura
1782 3444 1911 3497 mihi
1937 3448 1992 3498 in
2015 3457 2267 3518 promptu
2299 3463 2431 3498 esse.

1421 3524 1579 3575 Nunc
1622 3541 1821 3589 unum,
1859 3523 2008 3595 quod
2049 3524 2155 3575 huc
2193 3521 2397 3576 traham
2416 3563 2433 3590 ‚

1421 3605 1631 3675 reperio
1651 3605 1702 3655 in
1719 3604 1943 3676 epistola
1964 3601 2032 3656 ad
2048 3605 2302 3657 Catonem
2317 3602 2435 3673 (Fa-

1422 3681 1529 3736 mil.
1550 3684 1667 3748 XV,
1689 3683 1723 3751 4
1737 3722 1755 3750 ,
1775 3683 1961 3754 extr.),
1987 3681 2082 3736 ubi
2104 3697 2154 3736 et
2176 3682 2245 3735 ab
2269 3682 2360 3736 illo
2380 3698 2442 3736 et·

1421 3779 1452 3813 a
1485 3779 1542 3813 se
1575 3763 1692 3834 ipso
1733 3760 2129 3834 philosophiam
2166 3764 2221 3815 in
2254 3764 2432 3815 forum

1422 3854 1580 3913 utque
1625 3843 1679 3893 in
1726 3841 2106 3913 rempublicam
2148 3841 2432 3896 deductam

1421 3938 1537 3974 esse
1560 3921 1650 3972 ait.
1691 3922 1735 3972 E
1759 3917 1902 3974 libris
1935 3939 2124 3992 magna
2160 3921 2433 3995 exemplo-

1421 4018 1539 4053 rum
1563 4001 1721 4072 copia
1747 3999 2054 4073 suppeditat
2071 4038 2089 4066 ‚
2111 4014 2164 4053 et
2189 4000 2292 4053 hoc
2315 4004 2433 4074 qui·

1421 4075 1541 4129 dem
1561 4076 1630 4129 de
1643 4079 1835 4148 juncto
1851 4077 2359 4151 officiophilosopbi
2379 4092 2434 4131 et

1423 4158 1675 4224 oratoris,
1700 4156 1765 4211 de
1786 4160 1935 4214 Orat.
1961 4159 2058 4227 111,
2081 4158 2170 4228 15,
2195 4158 2289 4215 ubi
2310 4158 2430 4213 vide
