3200 5159
626 481 1281 552 1NST1TUT10N18
1318 484 1576 549 ORAT.
1619 485 1780 550 Lm.
1820 485 1977 568 ΧΠ,
2022 487 2081 552 3.

2278 489 2412 592 465·

313 607 916 707 reprehendenda,
967 608 1156 708 quod
1200 606 1458 680 multos
1505 609 1992 707 cognovimus,
2043 611 2163 709 qui
2210 616 2408 688 taedio

315 725 603 819 laboris»,
629 754 841 826 quem
864 728 1039 799 ferre
1057 724 1505 799 tendentibus
1530 727 1620 800 ad
1641 728 2116 825 eloquentiam
2139 757 2412 810 necesse

320 861 444 930 est,
469 842 908 940 confugerint
923 843 1009 914 ad
1031 840 1178 913 haec
1201 840 1619 915 deverticula
1642 843 1951 916 desidiae:
1977 873 2277 943 quorum
2296 851 2413 922 alii

320 981 391 1028 se
426 958 515 1029 ad
549 958 792 1030 album
818 973 835 1003 ¹
877 986 955 1030 ac
989 958 1295 1030 rubricas
1325 960 1857 1050 transtulerunt,
1890 982 1958 1033 et
1987 962 2413 1059 formularii,

320 1116 657 1187 proecept'mus
678 1114 797 1185 (err.
824 1113 1045 1186 Gesn.),
1071 1131 1244 1184 neque
1273 1114 1328 1164 in

324 1194 437 1246 ullo
480 1213 718 1246 meorum
753 1217 765 1244 ε
807 1193 1004 1246 lectum
1053 1206 1231 1244 tamen
1273 1189 1328 1243 id

325 1273 522 1326 alicubi
556 1274 700 1326 dicas
732 1272 1040 1338 Obrechm,
1078 1274 1170 1344 qui
1204 1270 1329 1323 binc
1366 1273 1371 1278 '

326 1355 565 1406 effecerit
606 1372 760 1405 suum
796 1352 1136 1425 praecepimus
1174 1349 1329 1402 modo

327 1432 448 1504 (err.
473 1431 699 1503 Burm.);
721 1433 806 1482 cui
830 1444 1072 1483 nostrum
1091 1431 1334 1502 profecto

328 1531 484 1564 nemo
496 1524 801 1584 postponet.
815 1512 1007 1564 Nonne
1020 1511 1152 1584 quis,
1161 1509 1334 1562 Guelf.

329 1590 473 1642 Goth
514 1590 637 1642 Exc.
660 1592 803 1644 Sant.
826 1606 948 1642 cum
962 1592 1114 1642 Voss.
1143 1602 1190 1652 ¹,
1213 1606 1262 1650 2,
1282 1588 1335 1652 3,

332 1670 475 1721 Jens.
503 1681 556 1719 et
580 1666 701 1719 edd.
729 1669 1034 1740 posteriorr.
1062 1679 1183 1719 ante
1207 1664 1333 1717 Bad.

331 1748 423 1817 qui
445 1758 530 1814 (ex
548 1745 681 1799 Cod.
700 1744 833 1798 vall.
853 1743 999 1797 haud
1018 1743 1179 1796 dubie
1193 1782 1209 1808 ,
1235 1762 1334 1795 err.

331 1824 534 1895 Burni.)
574 1838 809 1877 nostram
851 1825 1075 1876 restituit
1089 1862 1108 1889 ,
1148 1824 1335 1876 merito

332 1906 531 1974 rejecto
550 1901 669 1956 Ald.
688 1916 988 1955 commento
1012 1923 1121 1956 non
1139 1902 1340 1976 sequius

330 2002 392 2036 eo
416 1985 532 2056 quis
553 1983 685 2035 cred.
712 1983 837 2034 Mox
872 1983 1105 2053 repr-end.
1122 2021 1141 2048 ‚
1173 1982 1338 2033 Cam».

334 2062 499 2132 Quem
525 2063 674 2133 fere,
708 2061 848 2113 Flor.
873 2060 1053 2112 Ambr.
1083 2077 1111 2111 2
1130 2098 1148 2126 ,
1170 2061 1336 2113 Cnn’.

333 2141 654 2195 Diverticula
668 2180 687 2208 ,
715 2140 890 2193 Guelf.
916 2142 1079 2196 Cim».
1105 2138 1337 2192 Gothan.

330 2224 474 2275 Jens.
501 2221 639 2290 (tac.
664 2220 857 2294 Gesn.)
890 2239 1012 2272 cum
1040 2218 1184 2271 editt.
1214 2216 1337 2289 aliq.

330 2315 474 2375 post.
505 2302 633 2352 Mox
653 2301 725 2353 ad
745 2300 939 2352 omittit
958 2300 1134 2351 Turic.
1161 2297 1339 2349 Rubri-

333 2400 394 2432 ca
411 2418 429 2446 ‚
464 2379 642 2431 Ambr.
672 2397 701 2432 2
719 2417 735 2445 ,
761 2377 937 2432 Guelf.
963 2397 1084 2430 cum
1106 2378 1260 2428 Voss.
1287 2374 1337 2427 3.

331 2457 585 2512 For-mula
608 2455 790 2528 velud,
811 2458 988 2509 Tur-ic.
1015 2454 1268 2528 Formula
1290 2475 1336 2505 v.

333 2558 424 2605 ιι,
456 2537 593 2590 Flor.
626 2555 747 2588 cum
783 2536 917 2587 Alm.
953 2534 1131 2607 Leqt't',
1160 2534 1337 2584 Turio.

331 2619 506 2690 Deque,
522 2617 663 2669 Flor.
684 2616 879 2689 Legum
892 2654 910 2682 ,
934 2614 1066 2666 Alm.
1086 2612 1338 2688 Quidem,

332 2698 511 2748 Turic.
547 2697 587 2747 F
589 2694 685 2747 lor.
718 2694 900 2747 Ambr.
931 2710 992 2759 2,
1024 2694 1188 2744 Caua.
1219 2710 1340 2743 cum

334 2773 473 2827 Alm.
491 2774 661 2826 Essem
687 2772 837 2839 mal„
851 2773 1027 2824 Turic.
1046 2768 1339 2844 Eleqentes,

331 2856 377 2907 1²·
379 2853 476 2905 lor.
494 2854 738 2926 quntes,
764 2870 925 2922 marg.
949 2850 1101 2903 Basil.
1125 2849 1338 2914 Solum,

334 2934 516 2986 Turic-
540 2932 679 2985 Flor.
699 2934 862 2984 emt».
879 2933 1069 2983 —RR.
1094 2948 1145 3000 7,
1170 2948 1231 3000 9,
1260 2945 1341 2994 ιο,

329 3012 688 3085 proecepimus.
709 3010 892 3063 Caeteri
908 3008 1256 3081 proecipimus.
1280 3009 1342 3058 li-

337 3090 460 3143 dem
482 3109 657 3142 nonne
674 3091 806 3160 quis,
829 3107 938 3141 exc.
962 3090 1021 3140 R.
1047 3105 1098 3158 7,
1120 3090 1210 3160 qui
1234 3106 1341 3140 non

339 3168 555 3240 oequius.
594 3169 700 3220 RR.
745 3167 776 3218 3
799 3204 817 3232 ,
861 3183 957 3232 ro,
995 3165 1174 3220 credit.
1216 3168 1342 3218 Mox

339 3265 525 3299 omnes
549 3245 777 3318 leguleii.
804 3247 897 3298 En.

420 3340 464 3375 ι.
493 3323 580 3374 Ad
608 3323 802 3375 album.
822 3362 834 3373 .
857 3362 868 3375 .
903 3341 1002 3375 esse
1027 3321 1340 3375 maluerunt.

346 3425 371 3449 ιι
390 3403 489 3454 nic
510 3398 691 3453 album
719 3401 848 3453 dixit
884 3420 979 3472 pro
1000 3401 1128 3452 Jure
1152 3414 1344 3473 praeto—

345 3502 370 3528 ιι
391 3482 470 3533 rio
514 3495 564 3533 et
604 3480 829 3532 rubricas
870 3499 966 3552 pro
1008 3481 1135 3531 Jure
1172 3478 1313 3550 FiVffl
1329 3517 1346 3545 ,

344 3582 370 3606 α
391 3558 538 3630 quod
572 3560 667 3610 ΧΠ
703 3558 896 3611 tabulis
932 3558 1343 3610 continebatur:

347 3662 372 3686 ιι
394 3652 452 3690 ut
471 3651 524 3690 et
530 3637 877 3710 famular-ios
895 3635 963 3688 ad
981 3640 1251 3709 praetorias
1270 3656 1351 3689 re-

349 3743 373 3765 ·-
395 3717 513 3770 tulit
545 3718 835 3783 fonnulas,
874 3714 1123 3790 leguleius
1156 3717 1225 3770 ad
1259 3721 1349 3789 jus

352 3820 376 3844 ιι
396 3796 547 3850 civile
576 3811 629 3850 et
652 3799 746 3850 Xn
772 3797 918 3850 tabb.
945 3797 1102 3867 leges.
1126 3822 1148 3845 ιι
1178 3797 1351 3851 Verba

346 3890 472 3929 sunt
487 3877 722 3930 Turnebi
745 3880 799 3929 in
819 3876 1036 3929 Advers.
1055 3879 1143 3942 IV,
1163 3876 1216 3943 5,
1236 3896 1350 3951 quae

346 3974 448 4008 nos
481 3955 602 4007 ideo
631 3954 722 4008 hic
746 3956 993 4029 ponimus
1009 3993 1026 4021 ,
1052 3956 1197 4028 quod
1220 3958 1355 4010 Ges·-

346 4052 508 4086 nerus
535 4052 750 4104 quoque
772 4036 825 4085 in
848 4032 1179 4085 Thesaurum
1202 4052 1357 4095 suum

351 4132 403 4164 ν.
436 4112 601 4164 Albus
634 4112 827 4165 inferre
864 4131 926 4165 ea
963 4112 1208 4183 dignatus
1245 4126 1357 4180 est,

353 4192 560 4264 omissis
592 4203 769 4242 tamen
791 4190 891 4244 illis
915 4209 1030 4262 quae
1064 4191 1132 4244 ad
1157 4192 1255 4244 ΧΠ
1276 4205 1359 4245 ta-

558 4278 593 4347 4

1409 1110 1657 1168 bularum
1677 1113 1820 1186 leges
1843 1111 2082 1167 rubricas
2094 1118 2230 1187 juris
2254 1118 2420 1172 civilis

1410 1194 1720 1263 restringere
1756 1191 2086 1245 videbantur.
2125 1195 2289 1247 Recte
2330 1195 2418 1249 ille

1411 1270 1654 1344 quidem:
1677 1271 1771 1324 sed
1790 1272 1927 1324 male
1947 1272 2132 1324 eadem
2156 1278 2418 1329 restrictio

1413 1352 1468 1401 in
1495 1348 1932 1422 leguleiis'relicta
1959 1365 2054 1403 est.
2077 1354 2212 1406 Nam
2238 1357 2422 1426 utique

1417 1431 1719 1484 universum
1738 1432 1825 1498 jus
1849 1431 1999 1483 civile
2016 1471 2033 1498 ,
2063 1432 2208 1503 quod
2236 1434 2363 1496 inde
2392 1454 2422 1487 a

1415 1507 1513 1558 xil
1558 1505 1854 1570 tabularum
1903 1521 2143 1581 tempore
2185 1511 2423 1582 legibus,

1418 1585 1894 1638 consuetudinibus
1952 1601 2005 1639 et
2060 1590 2427 1644 consultorum

1415 1667 1686 1736 responsis
1703 1665 1951 1732 obtinuit,
1965 1665 2314 1740 hominesque
2335 1673 2427 1743 qui

1416 1742 1528 1795 baec
1567 1747 1750 1795 omnia
1783 1750 2035 1796 memoria
2077 1748 2362 1815 tenebant,
2396 1768 2429 1802 a

1418 1822 1751 1891 Quintiliano
1777 1824 2224 1879 demonstrantur.
2249 1828 2350 1881 Sed
2375 1830 2430 1882 in

1421 1920 1485 1954 eo
1523 1920 1650 1954 sane
1679 1921 1788 1954 non
1816 1902 1982 1956 falsus
2013 1920 2093 1957 est
2115 1907 2430 1976 Turnebus„

1421 1979 1565 2051 quod
1587 1978 1656 2031 ad
1669 1983 1757 2052 jus
1778 1980 1927 2032 civile
1948 1983 2169 2035 rubricas
2188 1998 2429 2056 spectare

1421 2057 1578 2121 dicit;
1609 2057 1715 2110 hoc
1740 2060 1880 2110 enim
1899 2059 1980 2111 vel
2011 2060 2124 2112 sola
2149 2060 2237 2114 illa
2267 2085 2292 2108 ιι
2310 2064 2430 2115 Ma-

1426 2161 1448 2184 ιι
1471 2140 1576 2190 suri
1602 2137 1812 2190 rubrica
1834 2163 1856 2186 ιι
1889 2139 2033 2211 apud
2065 2143 2300 2194 Persium
2327 2143 2432 2196 do-

1420 2232 1504 2270 cet
1529 2217 1626 2288 (V,
1650 2235 1748 2289 90,
1775 2219 2007 2289 Excepto
2032 2220 2209 2293 siquid
2227 2223 2434 2278 Masuri

1421 2297 1621 2349 rubrica
1653 2298 1903 2369 vetabat),
1934 2318 2039 2370 qua
2069 2298 2188 2353 libri
2213 2302 2430 2358 Masurii

1419 2376 1600 2429 Sabini
1632 2376 1699 2428 de
1723 2379 1849 2429 Jure
1883 2378 2021 2429 civili
2047 2380 2425 2451 intelliguntur.

1419 2456 1574 2510 Tales
1600 2460 1738 2509 enim
1767 2458 1917 2524 libri,
1946 2460 2221 2532 inquibus
2258 2475 2430 2515 totum

1413 2537 1503 2606 jus
1541 2536 1691 2587 civile
1730 2549 1996 2608 tamquam
2035 2539 2090 2589 in
2124 2558 2319 2611 corpus
2345 2561 2430 2594 re-

1421 2614 1637 2668 dactum
1663 2630 1807 2682 erat,
1842 2616 2085 2670 manibus
2119 2615 2327 2671 illorum
2362 2620 2431 2674 de

1420 2692 2086 2764 vulgojuriscousultorum
2106 2696 2427 2762 terebantur3

1422 2786 1476 2824 et
1504 2773 1672 2823 minio
1702 2775 1756 2823 in
1780 2772 1882 2824 illis
1908 2786 1999 2825 aut
2022 2772 2180 2824 verba
2209 2776 2323 2844 ipsa
2347 2775 2428 2828 le-

1419 2867 1574 2919 gum,
1595 2864 1687 2902 aut
1709 2851 1751 2900 si
1767 2852 1929 2900 mavis
1947 2853 2121 2921 capita
2135 2853 2266 2921 juris
2283 2855 2428 2922 picta

1422 2941 1589 2979 erant.
1615 2931 1693 2980 De
1720 2929 2029 2998 praetoribus
2053 2943 2229 2980 autem
2256 2931 2428 2983 edicta

1422 3027 1516 3061 sua
1562 3011 1617 3059 in
1657 3006 1832 3059 album
1881 3010 2228 3062 referentibus
2277 3025 2328 3063 et
2373 3014 2430 3066 in

1422 3086 1639 3159 publico
1675 3086 2097 3158 proponentibus
2124 3087 2246 3140 vide
2277 3090 2431 3162 plura

1424 3165 1565 3237 apud
1590 3164 1833 3216 eumdem
1854 3164 2175 3232 Gesnerum;
2203 3185 2427 3238 quorum

1422 3244 1530 3297 huc
1569 3245 1792 3295 maxime
1830 3244 2030 3299 faciunt
2061 3245 2328 3300 «sedentes
2361 3250 2432 3300 ad

1430 3348 1453 3372 ιι
1472 3324 1679 3394 album,
1702 3348 1724 3371 ιι
1754 3323 1804 3375 id
1828 3338 1937 3387 est,
1964 3324 2173 3394 leguleii
2197 3327 2429 3381 edictum

1422 3405 1660 3475 pra-toris
1684 3402 1976 3455 ediscentes
2009 3416 2061 3455 et
2085 3405 2291 3473 singula
2316 3407 2430 3461 aliis

1424 3494 1929 3547 commonstrantes,
1975 3501 2004 3533 e
2042 3483 2224 3535 Senec.
2265 3486 2429 3556 Epist.

1424 3560 1650 3611 vanl.
1674 3560 1860 3631 Neque
1883 3571 2055 3612 tamen
2077 3574 2190 3612 erat
2203 3564 2436 3635 cursor—

1427 3637 1676 3694 mulan'os
1707 3641 1863 3690 etiam
1897 3638 1962 3690 ad
1996 3639 2166 3691 solum
2185 3645 2274 3714 jus
2298 3663 2434 3713 ραι·-

1430 3721 1624 3771 tot-ium
1649 3733 1885 3790 spectare
1905 3730 2117 3788 putaret
2134 3721 2433 3775 Turnebus.

1430 3799 1683 3866 Quamvis
1725 3800 1862 3848 enim
1904 3798 2144 3850 formulae
2182 3801 2371 3870 agendi
2407 3822 2439 3853 a

1430 3891 1653 3950 praetore
1672 3876 1942 3947 praescribi
1960 3877 2216 3942 solerent3
2241 3901 2348 3933 non
2368 3895 2441 3933 ta-

1434 3976 1557 4014 men
1587 3959 1641 4008 in
1672 3956 1754 4008 bis
1787 3956 1911 4009 solis
1937 3959 2242 4011 versabatur
2266 3960 2442 4016 homi-

1436 4053 1564 4086 num
1590 4033 1804 4088 illorum
1826 4037 2010 4106 peritia
2027 4075 2044 4102 ,
2068 4037 2159 4089 sed
2186 4039 2237 4089 in
2265 4039 2442 4096 uiuiti-

1438 4113 1621 4165 tudine
1631 4112 1718 4168 illa
1728 4113 2093 4182 formularum,
2104 4135 2219 4187 quae
2233 4120 2288 4170 in
2300 4122 2445 4174 omni

1436 4212 1495 4246 re
1528 4191 1667 4245 civili
1696 4191 1974 4260 valebant,
2013 4213 2248 4267 quasque
2280 4197 2356 4250 illi
2389 4200 2446 4254 in

2127 4285 2197 4340 30
