3200 5159
606 440 1256 511 ms‘rt'ru‘rmms
1290 440 1545 509 onAT.
1585 443 1746 508 Lm.
1785 445 1875 525 x,
1925 467 1978 510 1.

2253 447 2330 512 51

277 565 398 640 nisi
423 566 793 667 probasset¹
817 565 1186 663 Virgilius,
1208 563 1397 636 idem
1417 591 1783 663 nunquam
1814 588 1994 638 certe
2025 567 2337 640 condito-

280 710 424 756 rum
464 681 836 754 chalcidico
868 706 1063 752 versu
1103 679 1495 752 carminum
1525 674 1794 754 fecisset
1838 682 1910 754 in
1944 696 1969 726 ²
1998 682 2336 755 Bucolicis

278 796 724 869 mentionem:
752 795 960 893 quid?
984 793 1353 866 Horatius-²³
1380 796 1630 867 frustra
1660 780 2052 894 Tyrtoeuin4
2083 799 2340 869 Home-

282 939 347 983 ro
374 910 759 1011 subjungit?
786 914 929 983 Nec
964 936 1129 981 sane
1158 909 1533 1009 quisquam
1568 931 1668 981 est
1695 932 1838 981 tam
1870 908 2115 1009 procul
2143 939 2182 982 a
2215 939 2338 984 co-
2376 928 2440 1000 57

278 1027 567 1121 gnitione
619 1053 861 1097 eorum
898 1035 1250 1113 'remotuS,
1304 1045 1383 1095 ut
1430 1051 1575 1095 non
1630 1023 1984 1096 indicem⁵
2032 1046 2209 1098 certe
2262 1053 2343 1098 ex

280 1139 684 1213 bibliotheca
723 1159 1086 1238 sumptum
1127 1139 1491 1211 transferre
1535 1139 1608 1210 in
1651 1139 1861 1210 libros
1900 1167 2058 1212 suos
2097 1141 2339 1238 possit:

279 1280 394 1328 nec
424 1255 663 1351 ignoro
691 1253 902 1352 igitur
925 1279 1097 1352 quos
1124 1273 1432 1342 transeo,
1464 1280 1593 1325 nec
1630 1254 1874 1351 utique
1907 1254 2236 1346 damno⁶,
2269 1277 2346 1327 ut

278 1369 386 1467 qui
420 1369 707 1441 dixerim
742 1394 884 1440 esse
928 1369 1001 1440 in
1039 1368 1367 1440 omnibus
1407 1369 1717 1440 utilitatis
1764 1369 2059 1468 aliquid3
2104 1371 2221 1442 sed
2258 1371 2347 1442 ad

276 1483 455 1555 ilios‘l
486 1483 639 1583 jam
674 1483 990 1582 perfectis
1028 1483 1561 1582 constitutisque
1587 1484 1847 1556 viribus
1891 1506 2343 1557 revertemur:

277 1597 451 1698 quod
490 1594 614 1668 in⁸
660 1595 865 1667 coenis
907 1595 1292 1694 grandibus
1338 1623 1519 1695 saepe
1564 1596 1902 1688 facimuS‚
1943 1619 2024 1669 ut
2053 1655 2072 1688 ,
2121 1626 2348 1697 quum
2388 1617 2457 1673 58

276 1779 505 1830 omittunt
520 1777 794 1829 Tur-icens.
821 1776 958 1827 Flor.
982 1773 1103 1844 (hic
1128 1795 1157 1827 a
1180 1794 1259 1847 pr.

276 1855 440 1928 manu)
461 1875 579 1909 cum
607 1854 740 1906 Alm.
762 1856 914 1906 Voss.
937 1854 1125 1924 (quoto
1153 1855 1266 1923 qui-

273 1932 383 1985 dem
398 1952 503 1986 non
522 1932 752 2000 additur,
772 1950 869 1984 nec
888 1931 1047 1983 credo
1071 1930 1265 1981 horum

275 2015 424 2066 ullum
457 2032 632 2068 carere
665 2013 855 2083 hisce).
888 2015 1013 2063 Mox
1043 2012 1133 2081 qui
1165 2009 1264 2062 bo-

268 2091 390 2146 bent
411 2098 503 2148 ista
530 2092 1000 2166 post‘EupIrorz‘on.
1028 2092 1265 2142 inserunt

266 2174 447 2244 frustra
476 2172 746 2225 Guelferb.
775 2171 915 2221 Flor.
944 2168 1106 2221 Cane.
1143 2185 1266 2218 curn

275 2251 421 2304 Goth.
446 2267 497 2304 et
521 2249 643 2304 edd.
670 2263 791 2303 ante
815 2247 1014 2321 Gryph.

340 2349 385 2384 1.
404 2330 852 2403 Euphorionem...
872 2327 1130 2399 probasset
1151 2323 1265 2376 Vir·-

269 2408 430 2483 gilius.
454 2411 563 2462 Ecl.
590 2410 674 2473 X,
704 2409 788 2460 50.
816 2409 979 2458 Recte
1009 2418 1187 2455 monet
1214 2404 1261 2454 J.

278 2489 332 2541 H.
354 2489 593 2554 Vossius,
624 2486 844 2538 oliorum
870 2485 1032 2552 magis
1057 2495 1265 2533 senten-

275 2571 389 2620 tiam
430 2568 514 2620 hic
557 2564 824 2638 proditam
864 2580 897 2613 a
936 2559 1263 2628 Quintiliano

277 2665 417 2718 quam
431 2665 594 2698 suam.
607 2646 795 2717 Neque
806 2644 945 2694 enim
959 2643 1071 2713 ipse
1083 2658 1267 2709 agnos-

270 2726 363 2790 cit,
382 2724 781 2796 Euphorionem
803 2721 978 2789 magni
1007 2719 1203 2770 factum
1234 2736 1266 2769 a

272 2805 474 2874 virgilio
488 2844 504 2870 ‚
520 2803 613 2856 sed
628 2799 1154 2874 Virgilii-auctoritate
1170 2797 1265 2848 ob-

272 2896 457 2936 trusam
487 2887 602 2954 ejus
637 2880 919 2933 lectionem
953 2876 1021 2930 ab
1054 2878 1149 2941 iis,
1175 2878 1266 2948 qui

215 2999 221 3005 ·
271 2961 406 3014 docti
431 2955 596 3015 videri
630 2959 840 3013 vellent.
873 2959 942 3009 Et
980 2958 1103 3008 satis
1135 2974 1264 3027 pro-

268 3042 402 3095 fecto
421 3053 672 3116 apparet,
690 3039 819 3104 hos,
832 3038 920 3108 qui
939 3035 1082 3088 velut
1100 3036 1263 3085 invito

271 3123 559 3192 ingerantur
583 3114 1033 3172 commemorandi
1054 3115 1268 3186 scripto·

272 3215 372 3264 res,
412 3201 583 3250 minus
625 3197 887 3268 placuisse
927 3193 1125 3244 Nostro
1146 3213 1158 3242 :
1195 3193 1267 3243 ait

270 3281 399 3330 enim
426 3302 448 3325 a
466 3297 564 3331 nec
587 3278 768 3349 utique
787 3273 999 3325 damno.
1020 3293 1043 3322 ι
1069 3273 1147 3323 De
1166 3272 1268 3323 Eu-

272 3358 520 3428 phorione
539 3371 717 3411 autem
737 3357 829 3425 qui
853 3355 1032 3425 cupiat
1055 3365 1163 3403 tarn
1181 3370 1266 3403 ve-

272 3449 432 3490 terum
472 3456 635 3510 quarn
676 3435 1031 3486 recentiorum
1065 3429 1264 3502 judicio

262 3513 611 3582 ‘cognoscet-e,
636 3511 801 3564 adibit
822 3509 1085 3562 Harletem
1107 3511 1158 3560 in
1179 3511 1264 3560 Bi-

270 3586 449 3641 blioth.
476 3591 634 3643 Fabr-
660 3591 707 3654 Ι,
733 3588 852 3659 594.
880 3590 1150 3655 Quantum
1175 3587 1264 3638 Ci-

270 3673 439 3722 ceroni
482 3669 764 3736 sordebat,
806 3681 1011 3719 tantum
1050 3666 1263 3738 Tiberio

260 3745 686 3817 'probabatur-bic
695 3748 1065 3819 grammaticus
1076 3759 1127 3796 et
1142 3764 1267 3816 poe-

270 3837 348 3892 ta,
364 3827 615 3880 Chalcide
635 3824 916 3889 oriundus,
938 3822 1144 3875 Euboeae
1166 3841 1265 3891 op-

272 3905 413 3974 pido.
432 3908 568 3958 Cum
585 3907 841 3959 Cicerone
864 3905 919 3954 in
945 3919 1009 3954 eo
1028 3900 1271 3972 judican-

274 3981 343 4034 do
364 3987 516 4037 sentit
534 3986 797 4036 Lucienus
817 3981 883 4034 de
902 3981 1119 4033 Conscr.
1138 3979 1268 4032 Hist.

264 4080 381 4134 cap.
408 4065 490 4132 57.

1344 1795 1466 1828 cum
1490 1776 1645 1828 Voss.
1677 1794 1722 1843 1.,
1745 1776 1807 1842 3,
1831 1775 1961 1830 Obr.
1991 1807 2061 1816 —
2088 1781 2354 1832 Omittunt

1347 1873 1562 1927 quoque
1587 1853 1693 1906 RB.
1723 1873 1772 1925 7,
1802 1872 1891 1918 ιο,
1917 1873 1934 1907 1
1955 1873 1999 1921 1,
2025 1859 2157 1908 Prot.
2188 1859 2280 1909 En.

1415 1935 1466 1987 3.
1506 1935 1810 1988 Horatius...
1848 1936 2130 2006 Tyrtaeum.
2167 1940 2351 1990 Horat.

1344 2015 1441 2085 Ep.
1476 2013 1542 2065 ad
1570 2015 1812 2080 Pisones,
1836 2033 1969 2067 vers.
1998 2015 2118 2080 40¹·

1416 2089 1470 2156 4.
1512 2091 1797 2160 Tyrtoeum.
1842 2091 1979 2142 Flor.
2023 2091 2357 2161 (oblitterata

1344 2171 1512 2241 prima
1529 2170 1710 2238 mann)
1725 2169 1971 2221 dir-ceum.
1991 2170 2165 2223 Guelf.
2185 2175 2349 2224 Canu».

1343 2247 1502 2300 Goth.
1519 2250 1663 2299 Jens.
1681 2248 1805 2318 (tac.
1827 2250 2011 2314 Gesn.)
2031 2250 2349 2321 Dyr-choum,

1348 2327 1631 2379 Dirc-heum
1643 2367 1659 2395 ‚
1678 2329 1937 2378 Dircoeum
1953 2368 1968 2394 ‚
1986 2346 2106 2380 cum
2123 2334 2275 2382 Voss.
2294 2349 2321 2382 2
2336 2369 2353 2397 .‚

1343 2405 1480 2458 van.
1515 2419 1567 2457 et
1600 2405 1723 2458 edd.
1756 2420 1878 2458 ante
1910 2404 2027 2458 ΑΜ.
2058 2436 2130 2446 -
2155 2408 2354 2461 Eadem

1346 2486 1528 2534 nostri.
1554 2484 1646 2535 En.

1419 2562 1467 2615 5.
1492 2563 1741 2614 Iudicem.
1764 2561 1912 2617 Alius
1928 2578 2002 2616 est
2024 2564 2206 2632 index,
2225 2585 2358 2637 qua-

1347 2640 1421 2692 les
1446 2643 1663 2712 singulis
1689 2642 1832 2695 libris
1857 2645 2243 2710 inscribuntur,
2270 2647 2355 2698 vel

1345 2719 1699 2791 applicantur,
1742 2720 1874 2774 alius
1917 2723 2124 2794 libell-us
2171 2743 2354 2776 recen-

1345 2817 1460 2851 sum
1494 2802 1772 2852 continens
1803 2801 2157 2871 complurium
2187 2805 2356 2873 scrip-

1345 2891 1519 2929 torum
1540 2881 1559 2943 ⁴,
1606 2878 1748 2929 velut
1799 2879 1940 2950 apud
1991 2881 2049 2932 L.
2096 2881 2355 2934 Senecam

1342 2958 1508 3028 Epist.
1533 2957 1627 3025 39,
1651 2956 1806 3008 index
1820 2959 2248 3032 philosophorum
2263 3002 2280 3029 ,
2302 2974 2355 3014 et

1346 3037 1476 3088 Ptin.
1513 3037 1676 3106 Epist.
1711 3037 1812 3104 ΙΙΙ,
1847 3037 1910 3103 5,
1947 3056 2010 3104 2,
2045 3038 2138 3092 ubi
2171 3040 2356 3092 indicis

1347 3115 1456 3166 vice
1472 3114 1846 3184 ses-‘uncturum
1866 3118 1955 3167 ait.
1976 3116 2179 3170 Indices
2197 3120 2354 3171 unius

1344 3191 1620 3262 cujusdam
1637 3195 1904 3264 scriptoris
1925 3213 1954 3245 a
1970 3197 2199 3247 romanis
2213 3198 2353 3251 criti-

1343 3274 1419 3324 cis
1445 3272 1615 3323 factos
1643 3270 1760 3324 vide
1783 3269 1917 3324 Gell.
1944 3273 2043 3338 ln,
2068 3272 2116 3324 3.

1415 3351 1465 3403 6.
1494 3351 1721 3402 Damno.
1741 3352 1917 3402 Turio.
1941 3348 2109 3417 Flor.‚
2129 3371 2353 3426 maqnog

1344 3447 1374 3480 a
1396 3447 1501 3480 see.
1522 3447 1683 3481 manu
1704 3427 1790 3479 ille
1807 3446 1912 3478 non
1928 3430 2119 3501 agnovi
2128 3468 2146 3496 ,
2163 3443 2215 3482 et
2229 3450 2353 3483 mox

1343 3507 1484 3579 quod
1502 3527 1599 3580 pro
1625 3518 1685 3557 ut
1704 3508 1827 3579 qu1‘3
1850 3506 1935 3558 hic
1960 3521 2216 3560 nostrum.

1418 3605 1466 3658 7.
1491 3586 1592 3639 Sed
1612 3588 1685 3639 ad
1705 3585 1824 3640 illos
1838 3590 1952 3658 jam
1971 3588 2227 3659 perfectis.
2244 3592 2353 3641 Tu-

1343 3668 1437 3717 ric.
1458 3666 1596 3717 Flor.
1624 3665 1685 3736 (a
1709 3685 1789 3738 pr.
1817 3685 1975 3717 manu
1996 3667 2249 3738 uterque)
2266 3667 2352 3720 se'd

1347 3743 1465 3797 illos
1475 3747 1524 3815 j.
1555 3745 1828 3817 perfectos.
1855 3775 1922 3785 --
1946 3745 2143 3798 Eadem
2166 3750 2349 3801 nostri.

1343 3824 1511 3876 codd.
1538 3826 1629 3877 Eo.

1423 3905 1472 3957 8.
1503 3903 1656 3974 Quod
1682 3905 1773 3964 ἰη,·
1808 3906 1880 3955 sic
1913 3905 2088 3956 Tur-ic.
2122 3904 2351 3960 Florem.

1350 3984 1527 4037 Guelf.
1560 4003 1680 4034 cum
1719 3983 1874 4035 Voss.
1903 4001 1956 4046 1,
1994 4001 2057 4047 2,
2090 3984 2157 4050 3,
2190 3984 2352 4037 Goth.

1353 4055 1558 4134 Reliqui
1588 4063 1821 4114 inserunt
1846 4062 2000 4112 etiam
2014 4102 2032 4129 ‚
2058 4061 2262 4135 aliquot
2285 4076 2352 4116 et.

342 4160 389 4195 2.
434 4145 502 4196 In
546 4144 818 4197 Bucolicis.
861 4143 1035 4198 cuelf.
1082 4141 1275 4196 omittit
1353 4139 1514 4194 Cn».
1553 4154 1607 4194 et
1637 4139 1742 4192 hoc
1775 4141 1969 4192 omittit
2000 4153 2053 4190 et
2085 4141 2159 4193 ἱη.
2192 4170 2261 4183 --
2286 4141 2368 4194 Im

2019 4227 2075 4296 4·
