3200 5159
677 467 1328 538 ms‘n‘ru‘rloms
1364 470 1621 537 oRAT.
1663 470 1824 536 Lm.
1862 469 2024 551 ΧΗ,
2074 494 2128 535 ι.
2328 471 2446 550 421

346 590 580 665 hercle
611 593 866 693 magiS,
897 620 1109 693 quam
1141 592 1462 693 frugibus
1496 594 1571 666 in
1605 615 1784 668 terra
1809 594 2120 667 sentibus
2146 618 2229 665 ac
2262 589 2457 663 rubis

349 729 702 807 occupata.
742 714 926 809 Age,
970 736 1115 782 non
1150 710 1236 782 ad
1273 708 1722 809 perferendos
1762 709 2156 783 studiorum
2186 706 2458 780 labores
2528 723 2562 776 Β

351 823 731 896 necessaria
754 837 772 869 ¹
810 822 1219 923 frugalitas?
1250 823 1425 924 quid
1462 824 1673 924 igitur
1703 850 1783 896 ex
1814 823 2111 897 libidine
2149 850 2228 896 ac
2263 820 2462 895 luxu-

348 937 495 1009 ria²
534 938 731 1040 spei?
759 943 921 1012 Non
952 939 1302 1041 praecipue
1336 939 1527 1012 acuit
1563 940 1659 1012 ad
1699 938 2151 1040 cupiditatem
2188 934 2457 1010 litter'a-

348 1077 515 1123 rum
539 1080 738 1125 amor
762 1052 1036 1126 laudis?
1068 1080 1247 1126 num
1277 1053 1494 1153 igitur
1514 1054 1723 1127 malis
1750 1080 1894 1127 esse
1920 1051 2255 1125 laudem³
2280 1076 2457 1126 curae

346 1169 721 1269 putamus?
754 1172 913 1243 Jam
947 1170 1082 1244 hoc
1116 1171 1273 1271 quis
1310 1197 1456 1243 non
1498 1171 1725 1262 videt,
1763 1171 2148 1244 maximam
2186 1189 2453 1269 partem

348 1286 682 1360 orationis
715 1287 788 1359 in
824 1284 1163 1360 tractatu⁴
1191 1286 1712 1387 aequibonique
1742 1285 2153 1361 consistere?
2180 1287 2456 1359 dicetne

346 1400 432 1472 de
456 1401 568 1474 his
597 1402 988 1476 secundum
1019 1403 1330 1476 debitam
1360 1429 1593 1476 rerum
1629 1402 2045 1503 dignitatem
2076 1401 2305 1475 malus
2345 1423 2454 1474 at·
2563 1475 2572 1480 .

345 1543 483 1616 que
506 1518 841 1616 iniquus?
862 1519 1188 1616 Denique
1209 1577 1229 1610 ,
1254 1540 1334 1592 ut
1356 1519 1742 1592 maximam
1764 1542 2028 1621 partem
2053 1518 2455 1618 quaestionis
2523 1541 2564 1607 9

346 1632 653 1705 eximam
677 1633 730 1724 ⁵,
779 1633 1030 1707 demus
1057 1690 1077 1723 ,
1124 1634 1199 1707 id
1241 1634 1432 1735 quod
1475 1634 1674 1709 nullo
1716 1636 1931 1709 modo
1977 1635 2128 1709 fieri
2179 1655 2404 1735 potest
2431 1691 2454 1726 ,

349 1746 588 1820 idem⁶
615 1748 919 1847 ingenii,
949 1747 1207 1840 studii,
1235 1748 1563 1822 doctrinae
1581 1806 1600 1840 ,
1630 1750 1932 1850 pessimo
1954 1772 2166 1847 atque
2188 1749 2455 1850 optimo

346 1862 527 1953 vir03
575 1884 729 1936 uter
768 1863 1023 1936 melior
1057 1862 1327 1936 dicetur
1373 1863 1644 1938 orator?
1676 1864 2017 1937 nimirum
2062 1864 2186 1964 qui
2235 1863 2454 1939 homo

344 2004 626 2077 quoque
655 1978 923 2051 melior.
945 1980 1107 2052 Non
1136 1978 1346 2078 igitur
1375 2006 1695 2077 unquam
1723 1980 1949 2053 malus
1978 1979 2171 2052 idem
2201 1979 2449 2072 homo,

346 2113 413 2165 et
458 2094 799 2193 perfectus
845 2115 1072 2168 orator
1111 2122 1127 2166 ε
1182 2121 1326 2166 non
1390 2094 1584 2166 enim
1633 2096 2018 2194 perfectum
2081 2114 2183 2166 est
2236 2092 2451 2191 quid-

346 2236 599 2307 quam,
647 2237 789 2308 quo
826 2209 1082 2284 melius
1125 2231 1225 2283 est
1261 2210 1479 2285 aliud.
1540 2210 1678 2284 Sed
1702 2224 1758 2300 7,
1802 2236 1893 2284 ne
1930 2237 2123 2282 more
2164 2208 2451 2283 ⁸Socra-
2490 2246 2557 2285 ιο

348 2435 463 2498 nis,
497 2452 608 2486 nou
632 2434 883 2503 studiosi,
924 2454 1024 2489 nec
1062 2436 1131 2488 ad
1157 2436 1358 2491 litteras
1437 2447 1534 2504 est,
1560 2434 1742 2490 Ambr.
1772 2454 1821 2490 2.
1848 2437 1974 2490 Non
2008 2435 2244 2512 igitur...
2274 2445 2452 2488 orator

346 2515 632 2587 pertinent.
1438 2518 1634 2569 omittit
1654 2517 1819 2569 CAnr.

426 2593 777 2648 1.Necessar·t'a
789 2594 1095 2669 fritqalt’tas.
1106 2595 1240 2648 Vide
1256 2596 1358 2662 XI,
1507 2597 1559 2651 6.
1585 2596 1736 2649 Idem
1765 2594 1979 2672 ingenii.
2011 2596 2262 2668 Suspicor
2285 2596 2449 2650 inter·

346 2672 411 2739 3,
442 2690 522 2744 19.
1437 2674 1751 2747 ponendum
1791 2692 1925 2736 esse‚·
1976 2692 2152 2746 neque
2192 2675 2331 2727 enim
2379 2691 2446 2725 eo
2528 2679 2536 2686 '

422 2771 470 2805 2.
488 2752 567 2806 Ac
581 2750 809 2805 luxuria.
821 2755 989 2820 δραι,
1003 2766 1098 2807 aut
1115 2752 1357 2820 luxurioe,

349 2851 471 2886 cum
495 2832 644 2885 editt.
669 2845 895 2905 posterr-
921 2847 1044 2887 ante
1066 2833 1194 2887 Bad.
1223 2834 1295 2886 Et
1317 2832 1355 2887 l.

346 2910 506 2966 Goth.
537 2911 675 2981 (tac.
701 2911 916 2983 Genu).
945 2912 1155 2964 Nomen
1174 2912 1358 2984 proeci-

341 3009 449 3062 pue
469 2991 619 3056 acui,
639 2991 814 3042 Turio.
845 2990 984 3043 Flor.
1015 2992 1208 3044 Laudis
1236 3010 1352 3046 esse.

345 3069 522 3135 Num,
553 3066 731 3120 iidem.
761 3068 1022 3122 laudum.
1049 3072 1154 3137 N„
1188 3068 1352 3132 Goth,

345 3146 477 3216 (err.
503 3147 713 3218 Genu).
745 3150 874 3201 Mox
906 3167 1006 3202 esse
1039 3168 1144 3201 om.
1174 3147 1351 3201 Guelf.

342 3227 414 3278 In
429 3238 703 3280 tractatum
714 3264 732 3292 ,
758 3226 987 3281 Florent-
1001 3226 1178 3280 Malos
1188 3247 1241 3279 a.
1258 3227 1357 3290 t'm‘·

343 3323 499 3378 quos,
529 3304 668 3358 Flor.

417 3384 470 3437 3.
493 3384 726 3437 Laudem
745 3400 897 3436 curoe.
924 3385 1007 3436 Ne
1028 3382 1116 3438 bic
1139 3383 1353 3455 quidem

348 3461 518 3515 laudis
540 3480 720 3515 curam
745 3461 891 3514 dixit.
905 3463 1037 3515 Vide
1057 3464 1155 3530 111,
1180 3463 1230 3531 8,
1253 3463 1349 3531 463

348 3543 478 3593 item
498 3540 601 3607 IX,
623 3541 656 3593 3
670 3578 687 3607 ,
713 3540 801 3611 74.

417 3621 469 3688 4.
494 3622 561 3673 In
580 3631 800 3674 tractatu
812 3620 950 3694 oequi
965 3620 1206 3695 bonique.
1217 3620 1353 3682 Vide

348 3702 396 3767 1,
426 3718 651 3772 prooem.
680 3700 759 3754 16.

419 3780 470 3834 5.
518 3781 782 3832 Eximam.
830 3779 991 3833 Canna
1011 3817 1028 3845 ,
1070 3779 1317 3836 eximiam
1331 3819 1351 3846 ‚

344 3878 469 3912 cum
488 3861 632 3912 Jens.
649 3862 802 3912 Tarv.
820 3862 975 3914 Voss.
993 3877 1020 3912 2
1038 3881 1054 3923 3
1075 3858 1167 3912 sed
1187 3858 1349 3916 Goth.

344 3957 461 4005 non
489 3943 634 3993 item.
657 3940 853 3992 Demus
882 3941 945 3993 de
967 3940 1051 4007 id,
1075 3941 1348 3993 Turieens.

343 4017 488 4071 Flor.
510 4031 565 4072 et
583 4037 705 4072 mox
726 4019 782 4072 id
796 4019 940 4071 enim
961 4018 1160 4093 inqenii
1173 4018 1348 4073 iidem.

348 4096 493 4166 Quid
515 4096 697 4163 homo,
722 4101 898 4151 Tui-ic.
923 4098 1061 4151 Flor.
1093 4097 1246 4168 Quod
1268 4095 1319 4151 1ι.
1332 4136 1351 4164 ,

1439 2756 1637 2808 omisso
1657 2768 1798 2807 recte
1812 2754 2125 2827 subjiciatur
2136 2752 2279 2827 quod
2296 2750 2446 2805 nullo

1437 2831 1595 2892 modo
1594 2830 1726 2905 fieri
1733 2843 1903 2905 potest
1910 2854 1931 2894 ,·
1953 2835 2056 2885 nisi
2068 2832 2253 2904 putide
2267 2831 2448 2884 admo-

1436 2911 1566 2972 dum
1586 2910 1694 2963 hoc
1713 2913 1911 2964 referas
1936 2910 2006 2963 ad
2026 2913 2201 2983 ipsum
2223 2909 2443 2962 verbum

1435 2990 1643 3058 demus,
1666 2992 1818 3060 quasi
1840 3007 1940 3041 nos
1964 2989 2063 3061 ipsi
2081 2989 2445 3059 impertiamus

1438 3065 1732 3141 inqenium,
1751 3066 2002 3133 studium,
2017 3065 2327 3118 doctrinam.
2343 3066 2446 3118 De·

1433 3165 1553 3199 mus
1579 3160 1662 3198 est
1687 3146 2051 3207 concedamuu
2083 3144 2204 3198 vide
2230 3145 2322 3199 lib.
2352 3147 2443 3213 IV,

1434 3243 1553 3296 cap.
1584 3241 1630 3290 1,
1643 3225 1693 3292 S.
1718 3223 1803 3291 24.

1507 3321 1555 3374 7.
1581 3303 1699 3357 Sed.
1715 3345 1727 3356 .
1744 3342 1756 3355 .
1781 3302 2182 3357 Socraticorum.
2208 3302 2307 3355 Pro
2325 3300 2443 3370 his,

1431 3392 1505 3438 est
1530 3401 1686 3440 nemo
1723 3402 1778 3436 rc
1796 3383 1970 3450 Socra,
1994 3384 2270 3435 Tui-icens.
2294 3381 2437 3435 Flor.

1430 3460 1563 3530 (nisi
1586 3460 1733 3533 quod
1759 3460 1847 3514 hic
1877 3461 2132 3532 nemore).
2170 3462 2251 3512 De
2285 3470 2359 3513 est
2385 3472 2440 3513 et

1430 3542 1519 3595 sod
1526 3543 1791 3611 confusis,
1800 3541 1920 3594 vide
1937 3540 1983 3613 ς.
2002 3560 2049 3596 2.
2064 3541 2146 3594 Sic
2156 3538 2275 3593 aliis
2287 3540 2438 3606 adeo,

1431 3622 1607 3678 Tutin.
1636 3621 1778 3676 Flor.
1808 3639 1932 3673 cum
1953 3621 2091 3674 Alm.
2121 3622 2195 3673 Et
2218 3620 2439 3687 audeat,

1432 3700 1610 3762 Tui-ic.
1634 3703 1890 3755 Futurum
1910 3711 2167 3756 cratonem
2189 3696 2441 3752 omit'tunt

1432 3779 1616 3833 Ambr.
1647 3798 1675 3833 2
1693 3819 1711 3848 ,
1733 3780 1910 3834 Guelf.

1504 3861 1553 3914 8.
1599 3862 1752 3913 More
1785 3851 2190 3913 Socraticorum.
2216 3856 2441 3911 Videtur

1428 3938 1535 4004 hoc
1560 3938 1719 4012 vulgo
1744 3940 2014 4009 objectum
2046 3957 2159 3992 cese
2190 3937 2438 4010 philoso-

1430 4018 1551 4091 phis
1588 4019 1896 4084 Socraticis,
1928 4019 2125 4090 fingere
2165 4017 2266 4071 sibi
2304 4018 2437 4071 faci-

1432 4096 1509 4152 les
1522 4137 1541 4166 ,
1562 4117 1664 4151 nec
1686 4097 1837 4158 valde
1860 4097 2224 4157 formidabiles
2248 4098 2439 4155 adver·

340 4175 511 4231 fitur.
538 4173 701 4231 Malis
728 4175 893 4243 idern,
916 4177 1058 4231 Flor.
1088 4174 1270 4231 Malus
1300 4177 1359 4232 id
1435 4179 1616 4274 sanies.
1669 4249 1677 4262 ἱ
