3200 5159
658 482 1312 563 leTlTnTloms
1347 482 1603 550 ORAT.
1636 485 1806 551 LIB.
1840 485 1933 567 X,
1983 510 2034 553 t.
2280 482 2400 553 1οό

294 624 613 697 sectum,
649 634 794 680 non
837 608 988 708 sine
1025 608 1216 684 cultu
1256 635 1334 680 ac
1374 609 1636 682 nitore:
1679 610 2020 684 Plancus¹
2064 610 2140 682 in
2172 608 2401 683 stoicis

295 745 537 792 rerum
580 721 1027 820 cognitione²
1061 723 1286 800 utilis:
1324 723 1397 795 in
1435 722 1816 823 epicureis³
1859 723 2028 796 levis
2071 724 2398 824 quidem,

293 833 421 905 sed
471 861 618 906 non
663 836 1143 937 injucundus‘*
1183 857 1420 912 tamen
1472 859 1715 911 auctor
1763 836 1908 911 est⁵
1954 837 2252 913 Catius⁶.
2297 840 2400 911 Ex

293 949 641 1024 industria
663 954 1028 1025 Senecam'ae·
1057 953 1131 1026 in
1162 954 1358 1027 omni
1392 981 1652 1055 genere
1686 954 2097 1056 eloquentiae
2126 954 2396 1042 distuli,

291 1112 626 1178 conjectura,
636 1111 831 1165 frustra
843 1111 1096 1165 illustrata
1107 1123 1142 1164 ’a
1153 1116 1310 1166 Psen-

291 1185 649 1240 do-Turnefbo
666 1227 683 1254 ‚
712 1191 940 1262 ipsoque
972 1209 1144 1262 nuper
1172 1192 1307 1243 Ges·-

289 1286 448 1320 nero.
481 1270 873 1334 Burmannnm,
907 1274 997 1342 qui
1028 1270 1308 1325 Schottum

291 1345 688 1416 inspexerat-nd
713 1346 965 1400 Senecam
987 1351 1125 1401 Patr.
1143 1386 1160 1415 ‚
1187 1366 1308 1401 sor-

290 1422 392 1476 des
434 1424 708 1495 reliquisse
745 1427 980 1497 inprimis
1022 1428 1199 1479 miror.
1234 1454 1307 1467 --

290 1502 488 1568 Poul.‚
519 1503 735 1558 Seruios.
768 1503 875 1557 RR.
913 1521 965 1575 7,
1000 1521 1064 1557 11·
1094 1504 1161 1576 (a
1196 1522 1302 1557 sec.

289 1599 456 1632 manu
473 1584 718 1653 aerque)
727 1583 952 1636 Sextios.
970 1581 1174 1653 Reliqui
1189 1584 1308 1636 Sex-

292 1658 414 1712 tt‘os.
439 1662 536 1711 En.

373 1757 417 1792 1.
450 1731 696 1793 Plancus.
718 1741 904 1798 anic,
930 1740 1072 1793 Flor.
1090 1778 1108 1808 ‚
1126 1739 1310 1811 plaus-

287 1830 393 1872 tus.
415 1820 515 1871 Hic
534 1818 746 1890 quidem
772 1837 803 1870 a
826 1836 930 1870 sec.
958 1836 1119 1870 manu
1147 1813 1308 1870 Plim·

287 1908 406 1965 tus,
433 1910 490 1950 et
515 1899 590 1950 sic
618 1896 795 1950 Guel'f.
825 1899 970 1949 Jens.
1001 1915 1124 1948 cum
1152 1896 1305 1948 Rern.

289 1992 348 2030 et
381 1977 503 2030 edd.
539 1989 660 2029 ante
692 1975 811 2028 Ald.
831 2014 847 2042 ‚
878 1978 968 2049 qui
1001 1981 1178 2027 tamen
1209 1995 1307 2048 per

288 2056 535 2129 sphakna
553 2055 801 2110 Plancus.
827 2057 946 2124 Qua
971 2073 1098 2106 vero
1123 2067 1306 2107 aucto-

287 2138 448 2188 ritate
475 2154 596 2201 eos,
622 2137 711 2207 qui
736 2147 976 2186 nostrum
1002 2132 1130 2184 dant
1151 2132 1306 2205 (quo-

289 2234 412 2270 rum
450 2227 574 2266 sunt
609 2213 805 2280 Goth.‚
836 2212 953 2265 vide
989 2211 1071 2278 11,
1106 2211 1200 2278 14,
1241 2228 1304 2278 2,

287 2292 520 2365 Caum),
552 2296 803 2363 castigate
834 2310 1029 2344 nomen
1059 2288 1307 2344 exhibere

289 2372 481 2425 dixerit
522 2375 718 2442 Regius
736 2410 754 2438 ‚
795 2370 1042 2442 equidem
1083 2371 1270 2440 ignoro
1286 2408 1304 2436 ‚

292 2452 447 2505 nullo
461 2492 478 2521 ‚
493 2452 638 2523 quod
658 2454 818 2504 §ciam
833 2488 850 2517 ‚
868 2468 1092 2522 usquam
1116 2466 1308 2501 memo-

290 2544 410 2584 rato
454 2532 631 2584 stoice.
663 2526 1016 2603 philosophiae
1048 2539 1304 2591 auctore,

292 2613 384 2681 qui
410 2610 515 2662 hoc
539 2612 752 2662 nomine
781 2608 956 2659 fuerit.
981 2606 1307 2658 Recensetnr

291 2707 440 2741 nunc
480 2707 607 2741 sane
653 2685 886 2740 Plancus
925 2687 979 2737 in
1015 2687 1304 2738 stoicorum

288 2766 582 2837 catalogo,
618 2783 776 2836 quem
813 2762 1088 2816 adornavit
1119 2760 1306 2814 Fabri·

293 2850 412 2898 cius
427 2848 482 2898 in
499 2844 629 2898 Bibl.
647 2845 825 2896 Graeca
840 2882 856 2910 ‚
871 2844 976 2895 vol.
991 2844 1090 2907 m,
1104 2860 1159 2913 p.
1179 2843 1309 2912 5723

294 2925 543 2979 cui·looo
582 2923 794 2995 subjicit
833 2923 1175 2975 Heumannus
1212 2939 1312 2971 no-

290 3004 890 3071 tam,detnonstrantem
909 3002 1018 3056 Cic.
1040 2999 1220 3054 Famil.
1243 3001 1310 3067 X,

302 3103 321 3138 1
336 3104 363 3139 2
378 3125 394 3153 ,
427 3084 570 3137 unde
596 3086 795 3136 stoicus
819 3094 1137 3152 agnoscatur
1155 3079 1308 3132 Plan·

293 3159 407 3218 cns.
438 3162 599 3232 Quod
636 3176 695 3216 nt
722 3161 851 3214 mihi
878 3163 933 3213 in
962 3161 1065 3213 hoc
1095 3160 1308 3212 homine

287 3243 607 3317 persuadeat
624 3281 642 3307 ‚
670 3241 894 3293 multum
919 3241 1102 3304 abest3
1134 3241 1305 3292 minus

289 3337 469 3376 tamen
493 3320 749 3386 adducar,
777 3333 834 3373 ut
865 3339 984 3374 enm
1009 3319 1210 3391 aliquid
1235 3317 1303 3370 de

286 3400 634 3476 philosophia
663 3400 847 3452 litteris
879 3399 1157 3452 mandasse
1188 3417 1306 3450 cre-

289 3480 433 3532 dam.
467 3480 526 3529 ln
560 3476 660 3530 alia
695 3478 870 3530 omnia
903 3477 1013 3529 abit
1041 3478 1305 3530 Gesnerus

288 3561 344 3612 in
364 3556 548 3610 Indice
566 3556 875 3626 Quintilian.
898 3555 1142 3609 eumdem
1159 3554 1304 3608 hunc

289 3636 547 3689 Plancum
567 3652 788 3687 censens
807 3647 965 3707 atque
981 3654 1101 3687 eum
1114 3672 1131 3699 ‚
1151 3638 1304 3707 cujus

291 3715 494 3765 mentio
520 3727 598 3765 est
623 3731 686 3765 ex
708 3713 965 3765 Cicerone
981 3750 997 3778 ‚
1020 3714 1091 3763 Vl
1107 3750 1124 3778 ‚
1149 3712 1211 3778 3,
1235 3714 1303 3780 44

291 3790 381 3860 (ct
408 3789 516 3842 boc
543 3791 752 3861 repetiit
781 3793 1032 3844 Ernestus
1059 3793 1115 3842 in
1147 3789 1302 3843 Febr.

291 3870 348 3921 B.
373 3869 485 3941 L.);
511 3888 633 3922 nain
656 3888 725 3922 ne
744 3884 944 3922 certum
963 3869 1176 3942 quidem
1191 3873 1304 3941 ejus

293 3968 510 4002 nomen.
530 3953 590 4002 ln
611 3948 710 4002 hac
732 3953 1009 4002 memorati
1034 3949 1121 4001 hic
1146 3953 1307 4023 scrip·

295 4031 425 4080 toris
462 4030 825 4100 ignoratione,
862 4032 907 4082 is
943 4029 1149 4082 videtur
1182 4028 1305 4082 loco

296 4106 664 4173 consulturus,
690 4110 781 4178 qui
809 4107 869 4159 P.
897 4107 1124 4180 aliquem
1149 4109 1308 4162 Faus-

295 4194 407 4238 tum
446 4183 735 4238 ostenderit
767 4186 1053 4239 stoicorum
1083 4184 1305 4257 dogma-

1389 1126 1501 1165 tum
1549 1115 1878 1186 scriptorem.
1926 1113 2068 1165 lnest'
2110 1114 2250 1165 enim
2291 1111 2400 1168 hoc

1387 1193 1613 1246 menime
1662 1193 1891 1245 nominis
1938 1193 1997 1248 ‚in
2047 1192 2402 1245 vetustissima

1387 1272 1668 1341 scriptura.
1699 1269 1831 1322 vide
1862 1268 2097 1341 Lipsium
2130 1269 2198 1320 ad
2226 1271 2397 1332 Tacit.

1386 1350 1522 1400 Ann.
1544 1350 1611 1399 nt
1624 1387 1641 1414 ‚
1655 1347 1723 1415 48
1737 1386 1753 1413 ,
1770 1367 1799 1399 e
1815 1350 1891 1399 M.
1914 1343 2063 1399 Folio
2083 1346 2399 1419 exsculpen-

1387 1441 1490 1481 tem
1517 1429 1597 1483 M
1625 1425 1873 1479 Lollium.
1916 1423 2073 1499 [Non
2098 1426 2282 1480 inutile
2316 1440 2400 1480 ta-

1384 1527 1505 1559 men
1518 1509 1615 1559 erit
1631 1505 1928 1568 observare,
1938 1505 2237 1559 Rubellium
2247 1505 2399 1558 illum

1385 1585 1628 1638 Plautum
1646 1624 1662 1653 .,
1692 1588 1782 1659 qui
1809 1586 2033 1655 Augusti
2066 1588 2281 1657 stirpem
2314 1599 2401 1638 at-

1388 1663 1624 1735 tingebat
1635 1702 1652 1730 ,
1667 1676 1719 1716 et
1734 1662 1839 1734 suh
1851 1665 2063 1715 Nerone
2074 1664 2256 1734 periit,
2280 1665 2401 1715 stoi·

1387 1759 1461 1794 ω
1488 1756 1648 1795 sectoe
1676 1740 1944 1794 addictum
1978 1753 2031 1793 et
2058 1742 2289 1792 Musunii
2317 1741 2398 1793 fa-

1387 1821 1647 1874 miliarem
1675 1820 1870 1886 fuisse,
1901 1830 1961 1871 nt
1990 1818 2150 1872 docet
2180 1820 2399 1871 Tacitus

1385 1901 1524 1951 Anu.
1551 1900 1701 1965 XIV,
1725 1898 1814 1969 57,
1841 1899 1926 1968 59.
1952 1894 2191 1972 But-ru]

1460 1998 1509 2032 2.
1538 1978 1862 2053 cognitione.
1893 1975 2056 2031 Goth.
2083 1978 2226 2031 Jens.
2255 1974 2393 2046 (tac.

1384 2055 1569 2129 Gesn.)
1579 2060 1888 2130 cognitioni,
1900 2075 2019 2108 curn
2032 2056 2150 2109 edd.
2168 2070 2393 2129 posterr.

1385 2149 1509 2188 ante
1538 2135 1709 2208 Stoer²
1725 2174 1742 2201 ‚
1772 2153 1883 2188 exc.
1908 2134 2067 2187 Basil.
2085 2173 2102 2201 .,
2128 2152 2239 2186 acc.
2264 2134 2394 2187 Rol-

1383 2212 1513 2266 lino.
1528 2218 1702 2267 Potest
1717 2214 1955 2285 placere,
1970 2213 2062 2266 sed
2077 2212 2252 2265 obstat
2268 2232 2397 2285 quo-

1385 2290 1673 2346 dammodo
1713 2291 1898 2364 §.128
1914 2330 1931 2358 ‚
1975 2313 1997 2337 ι
2016 2291 2179 2344 multa
2218 2311 2395 2344 rerum

1388 2373 1693 2442 ecognitio.
1716 2393 1738 2417 n
1769 2392 1843 2411 —-·
1868 2371 2047 2423 Nostri
2074 2370 2393 2445 cognitioni,

1385 2467 1495 2504 exc.
1516 2453 1626 2504 RR.
1650 2466 1740 2517 to,
1763 2466 1780 2501 1
1799 2466 1846 2518 1,
1863 2452 1952 2520 qni
1967 2450 2275 2524 mynitioae.
2299 2450 2392 2502 En.

1457 2527 1509 2581 3.
1540 2528 1824 2599 Epicureis.
1853 2530 2028 2580 Turic.
2063 2528 2201 2580 Flor.
2229 2530 2394 2584 Cim».

1384 2607 1528 2659 Jens.
1543 2606 1671 2677 (tec.
1688 2605 1871 2677 Geso.)
1884 2603 2123 2681 epicuris}
2133 2626 2254 2659 cum
2271 2601 2393 2660 edd.

1385 2697 1508 2738 ante
1531 2683 1661 2736 Bad.
1685 2712 1757 2724 --
1777 2685 1976 2738 Eadem
2001 2689 2182 2754 nostri.
2210 2689 2302 2739 En.

1455 2763 1507 2830 4.
1529 2762 1872 2836 Injucundus.
1889 2766 2064 2818 Turio.
2084 2766 2226 2818 Flor.
2246 2764 2297 2838 (a
2312 2781 2394 2838 pr.

1388 2859 1549 2894 moun
1575 2840 1819 2913 uterque)
1839 2842 2153 2915 injucundis.

1462 2918 1514 2971 5.
1542 2920 1742 2990 Auctor
1762 2930 1837 2973 est
1865 2922 2055 2975 Catius.
2084 2923 2185 2975 Ex.
2217 2921 2358 2975 Flor.
2376 2959 2395 2988 ,

1388 3018 1440 3051 a.
1474 3018 1518 3051 e.
1553 3000 1921 3065 cautius.,·Ex,
1956 3019 2078 3053 cnm
2110 3000 2261 3053 Basil.
2293 3000 2395 3054 Sed

1388 3078 1564 3132 Guelf.
1579 3117 1596 3145 ‚
1615 3078 1891 3131 Auctorem
1911 3098 2002 3147 ex,
2022 3099 2143 3132 cum
2162 3083 2314 3133 Voss.
2342 3080 2395 3148 3.

1387 3156 1489 3212 Sed
1521 3157 1683 3211 Goth.
1718 3159 1852 3230 (tae.
1881 3159 2074 3231 Gesn.)
2102 3160 2275 3213 Catius
2303 3169 2392 3212 est.

1386 3239 1472 3290 Ex
1487 3276 1504 3304 ‚
1530 3239 1727 3290 omisso
1761 3249 1961 3291 auctor.
1987 3239 2146 3291 Caur.
2163 3277 2180 3305 ‚
2208 3259 2259 3290 a.
2294 3242 2395 3292 ca-

1386 3316 1498 3370 cius
1518 3329 1592 3369 est
1614 3335 1691 3369 ex.
1713 3317 1867 3369 Voss.
1898 3334 1944 3382 t,
1962 3337 2011 3369 a.
2038 3330 2090 3371 et
2108 3318 2269 3388 cuius.
2294 3318 2391 3369 Ex.

1380 3395 1526 3448 Jens.
1547 3432 1565 3460 ‚
1594 3395 1853 3446 ductorem
1879 3412 1942 3445 ex
1956 3434 1973 3461 ‚
2000 3413 2121 3446 cnm
2144 3397 2297 3446 Tan-v.
2323 3420 2406 3433 —-

1382 3478 1500 3528 Put.
1532 3493 1562 3526 a
1592 3493 1701 3526 sec.
1728 3474 2075 3540 manu‚Vall.
2107 3474 2197 3526 lib.
2227 3492 2257 3526 a
2288 3491 2393 3527 sec.

1384 3572 1546 3609 mam
1562 3593 1578 3621 ,
1596 3555 1707 3607 RR.
1726 3554 1787 3620 8,
1810 3571 1868 3606 12
1882 3591 1899 3619 ‚
1917 3566 2100 3606 auctor
2114 3566 2186 3607 est
2202 3554 2393 3606 Catius.

1384 3635 1446 3686 R.
1469 3652 1531 3704 9,
1553 3643 1737 3685 auctor·
1760 3634 1934 3687 catius
1952 3646 2039 3686 ese.
2064 3631 2271 3705 Reliqui
2299 3634 2400 3686 ca·

1387 3711 1491 3763 tius
1513 3711 1785 3762 omittunt.
1809 3711 1904 3761 En.

1455 3794 1507 3845 6.
1557 3794 1747 3846 Catius.
1798 3816 1820 3839 ιι
1839 3792 1932 3846 llle
1952 3832 1969 3858 ,
2010 3796 2162 3864 cnjus
2200 3804 2395 3866 spectra

1391 3891 1415 3917 κ
1435 3868 1632 3941 (ewen
1647 3872 1880 3944 Epicuri)
1891 3870 2027 3923 ridet
2034 3870 2237 3923 Tullius
2250 3870 2394 3923 Fam.

1393 3971 1415 3996 ι
1436 3949 1527 4003 lib.
1552 3953 1678 4018 XV,
1699 3952 1851 4022 epist.
1881 3952 1943 4004 16
1967 3964 2019 4004 et
2045 3967 2125 4020 ¹9·
2147 3973 2171 3998 n
2199 3951 2358 4003 Gesn.

1459 4046 1509 4099 7.
1530 4029 1833 4081 Senecam...
1855 4026 2051 4082 distanti.
2076 4051 2099 4074 a
2120 4026 2310 4080 Distuli
2326 4026 2396 4079 de

1391 4129 1414 4154 ι
1433 4107 1633 4161 Seneca
1656 4106 1837 4178 loqui,
1862 4125 2023 4178 quum
2055 4106 2122 4158 de
2151 4124 2394 4178 quocun-

1381 4203 1419 4234 ’κ
1437 4203 1539 4258 quc
1553 4204 1745 4257 genere
1760 4184 2119 4258 eloquentium
2133 4223 2150 4251 ‚
2169 4188 2260 4258 qui
2277 4203 2396 4237 ora·

2443 848 2542 906 125
