3200 5159
659 508 1317 576 INSTITUTIONIS
1354 506 1612 575 ORAT.
1652 509 1815 574 LIB.
1854 510 1943 588 X,
1988 529 2046 573 2.

2286 529 2404 595 117

307 631 492 704 rium
511 629 1087 705 declamationes¹
1113 630 1417 704 habeant
1436 646 1494 719 ²,
1510 657 1727 729 quam
1758 629 1788 675 ³
1804 630 2178 719 orationes;
2205 628 2411 728 4quia

304 746 380 818 in
399 745 531 818 illis
543 773 723 836 vera,
742 746 814 818 in
831 746 936 818 his
953 746 1156 819 assim
1165 744 1394 819 ulata⁵
1411 745 1696 818 materia
1712 766 1843 834 est;
1862 745 2036 826 adde
2052 744 2240 844 quod
2260 741 2292 787 ⁶
2304 770 2407 832 ea,

303 887 461 961 quae
491 861 568 933 in
603 876 911 934 oratore7
944 859 1250 933 maxima
1278 879 1476 948 sunt,
1509 859 1877 932 imitabilia
1906 886 2050 935 non
2077 878 2275 946 sunt,
2303 862 2411 929 in-

304 980 616 1076 qem'um,
657 981 954 1049 inventio
969 973 1023 1065 ⁸,
1050 982 1149 1048 vis
1166 989 1223 1066 9,
1232 974 1573 1075 facilitas,
1607 994 1676 1046 et
1705 973 2048 1074 quidquid
2090 993 2230 1044 arte
2266 996 2412 1043 non

307 1090 623 1163 traditur.
653 1091 893 1164 Ideo¹⁰
917 1091 1234 1190 plerique
1253 1147 1272 1181 ‚
1299 1116 1523 1190 quum
1565 1089 1775 1161 verba
1801 1102 1851 1135 ¹¹
1887 1115 1967 1160 ex
1991 1086 2415 1160 orationibus

308 1226 829 1307 excerpserunt,
865 1227 987 1280 aut
1025 1206 1297 1306 aliquos
1338 1205 1859 1304 compositionis
1901 1224 2117 1276 certos
2162 1202 2372 1302 pedes
2394 1256 2415 1290 ,

309 1322 486 1394 mire
511 1349 553 1392 a
576 1348 681 1413 se,
702 1334 918 1421 quae¹²
940 1321 1292 1420 legerunt,
1315 1317 1624 1419 effingi¹³
1646 1316 2164 1391 arbitrantur14:
2188 1342 2415 1416 quum

311 1456 381 1508 et
400 1434 458 1481 ¹⁵
483 1436 688 1508 verba
715 1434 1132 1509 intercidant
1154 1434 1213 1481 ¹⁶
1243 1433 1802 1531 invalescantque
1845 1430 2315 1531 temporibus,
2339 1449 2418 1502 ut

387 1622 407 1657 ι
422 1644 436 1656 .
468 1602 902 1658 Declamationes.
924 1603 1101 1657 Turio.
1126 1605 1289 1658 Cnflr.
1304 1642 1322 1671 ‚

310 1682 697 1736 declamatores.

389 1781 439 1816 2.
463 1763 722 1814 Habeant.
756 1763 933 1814 Turio.
967 1761 1109 1814 Flor.
1148 1762 1202 1829 (a
1239 1780 1320 1832 pr.

312 1859 477 1894 manu
516 1839 774 1912 uterque)
811 1840 1016 1893 habeat.
1043 1867 1118 1881 —·-
1143 1840 1325 1893 Nostri

317 1937 505 1973 omnes
535 1917 776 1972 habeant.
803 1920 896 1971 En.

381 1997 436 2050 3.
454 1997 740 2054 Orationes.
752 1994 998 2067 Turie.(a
1017 2015 1120 2048 sec.
1137 1995 1325 2067 manu)

312 2079 501 2144 cin,
517 2088 758 2130 oratores.
779 2079 922 2130 Inest
938 2075 1135 2148 aliquid
1153 2076 1326 2128 scabri

317 2175 485 2230 quum
497 2160 552 2211 in
566 2158 806 2209 oratione
818 2195 835 2220 ,
848 2169 960 2207 tum
978 2158 1031 2207 in
1050 2173 1325 2225 argumen-

314 2239 519 2290 tatione
540 2236 749 2289 horum.
779 2235 964 2288 Malim
986 2254 1016 2287 e
1038 2237 1326 2288 vetustissi-

316 2320 416 2370 mis
439 2316 585 2369 libris
610 2318 685 2369 sic
703 2314 995 2370 rescribere
1011 2336 1024 2365 ι
1042 2325 1094 2366 et
1108 2314 1181 2367 ad
1198 2313 1329 2367 alie-

316 2415 450 2450 num
466 2396 791 2468 propositum
813 2393 1172 2446 accommodat
1192 2395 1333 2467 quod

307 2475 453 2548 facit
467 2497 485 2526 .·
512 2486 571 2526 ut
588 2474 758 2525 minus
778 2471 1045 2545 sanguinis
1066 2477 1117 2522 et
1140 2472 1332 2523 virium

322 2554 514 2607 habent
530 2550 955 2619 declamationes,
970 2569 1130 2624 quam
1151 2550 1337 2603 emtio-

324 2651 431 2685 nes.

389 2713 441 2780 4.
457 2713 594 2783 Quia
603 2735 623 2775 ,-
639 2715 714 2766 sic
729 2712 866 2766 Flor.
881 2734 898 2773 ;
915 2709 1006 2765 sed
1020 2728 1052 2761 a
1067 2729 1148 2782 pr.
1164 2728 1326 2763 manu

317 2809 370 2847 et
393 2791 483 2846 hic
500 2806 555 2846 et
573 2795 751 2845 Turio.
765 2831 782 2858 ‚
804 2810 964 2865 quam
976 2831 995 2858 ,
1019 2809 1142 2843 cum
1162 2790 1327 2854 Alm.;

310 2892 352 2926 a
389 2890 495 2926 sec.
539 2890 701 2924 manu
735 2873 913 2924 Turic.
929 2907 947 2936 ‚
984 2887 1324 2942 quamquam.

319 2951 531 3022 Reliqui
553 2950 709 3023 quod.

1403 1603 1597 1668 tiones,
1618 1604 1761 1655 Jens.
1789 1605 1945 1654 Tarm
1969 1600 2087 1654 Ald.
2115 1618 2235 1652 cum
2258 1600 2413 1651 Voss.

1409 1699 1458 1748 1,
1471 1682 1525 1734 3.
1543 1682 1819 1748 Nostrum,
1834 1682 1934 1734 nisi
1947 1680 2244 1750 dormitavi,
2259 1676 2417 1752 Guel-

1402 1749 1536 1812 fei-b.
1558 1762 1619 1813 ln
1639 1759 1762 1812 edd.
1779 1761 1945 1831 prima
1966 1757 2121 1811 Basil.
2144 1771 2195 1809 et
2216 1770 2292 1809 est
2312 1757 2439 1808 for·.

1403 1854 1543 1894 tasse
1567 1859 1597 1892 a
1622 1843 1930 1911 conjectura
1952 1836 2309 1890 Philandri.-
2323 1838 2417 1889 Ea·

1403 1918 1524 1972 dem
1549 1919 1733 1989 nostri.
1764 1919 1856 1969 Eo.

1474 2016 1527 2069 9.
1557 2000 1664 2054 Vis.
1691 1998 1825 2052 Vide
1849 1999 1999 2061 vm,
2022 1997 2085 2064 3,
2112 1997 2330 2062 88;IX‚
2352 2012 2380 2047 2
2398 2032 2416 2062 ,

1411 2078 1528 2144 104.
1555 2081 1652 2131 uic
1678 2076 1723 2148 ς.
1753 2079 1837 2131 25.
1868 2076 2019 2129 Adde
2040 2076 2186 2148 quod
2203 2073 2416 2128 attende

1404 2171 1485 2210 ter
1513 2159 1777 2228 positum,
1816 2157 2122 2208 brevissimo
2147 2152 2416 2206 intervallo

1405 2235 1555 2310 (vide
1578 2238 1661 2302 X,
1695 2254 1741 2302 i,
1771 2233 1900 2306 25);
1922 2232 2016 2288 sed
2053 2233 2158 2286 boc
2194 2234 2418 2285 fortasse

1408 2316 1673 2372 consulto.

1489 2410 1566 2448 io.
1584 2393 1739 2457 1de0‚·
1759 2396 1833 2446 sic
1847 2393 2023 2445 Turic.
2046 2390 2274 2443 Florem.
2296 2407 2418 2441 curn

1411 2472 1548 2525 Alm.
1574 2471 1785 2541 Reliqui
1807 2471 2051 2542 Ideoque.

1491 2570 1510 2604 1
1527 2569 1546 2604 1
1559 2591 1571 2602 .
1598 2552 1764 2606 Verba
1783 2569 1845 2602 ex
1854 2573 1875 2611 ,-
1899 2552 1974 2602 sic
1993 2548 2166 2600 Turic.
2187 2547 2416 2598 Florent.

1412 2629 1535 2702 (bic
1556 2649 1588 2684 a
1611 2649 1691 2702 pr.
1717 2627 1899 2699 mann)
1919 2627 2082 2679 Cuiv-
2110 2623 2317 2696 Reliqui
2336 2625 2419 2676 in·

1414 2723 1598 2763 serunt
1618 2709 1878 2782 quoedam.

1485 2806 1566 2842 12.
1592 2790 1687 2855 Se,
1707 2805 1825 2862 quoe
1846 2785 2099 2860 legerunt.
2114 2784 2288 2835 Turio.
2302 2821 2320 2848 ,
2336 2801 2418 2835 se-

1408 2887 1512 2940 qua
1548 2864 1844 2940 elegen-amn
1878 2884 1909 2917 a
1944 2881 2049 2916 sec.
2080 2880 2241 2914 manu
2275 2860 2419 2932 sequi

1407 2946 1537 3018 eleg.
1558 2944 1718 2999 Goth.
1744 2943 1872 3013 (tac.
1895 2941 2080 3012 Gesn.)
2106 2958 2157 2993 se
2182 2956 2284 3012 que
2310 2935 2417 2991 ele-

383 3030 437 3085 5.
455 3027 1326 3094 Animulata.Turic.Flor.Cnn›.‚
1403 3033 1609 3099 yerunt.
1636 3022 1776 3076 Flor.
1794 3025 1955 3076 Cum.
1980 3022 2121 3073 Jens.
2147 3019 2271 3090 (tac.
2292 3019 2418 3071 Ges-

321 3106 660 3166 dlm'mulata.
674 3108 851 3160 Guelf.
867 3105 1027 3158 Goth.
1040 3108 1182 3158 Jens.
1201 3103 1325 3175 (tac.

317 3191 504 3260 Gesn.)
515 3190 668 3242 Tarv.
683 3186 1017 3253 ,assimilata,
1038 3204 1160 3237 cum
1175 3186 1327 3237 Bern.

321 3267 441 3320 ΔΜ.
467 3267 602 3320 Vide
625 3267 730 3332 IX,
754 3283 815 3330 2,
842 3281 925 3334 27.
951 3265 1109 3316 Dicas
1135 3263 1213 3315 dis
1235 3280 1328 3314 na-

321 3361 435 3400 tum
452 3365 483 3398 e
499 3343 827 3417 praecedente
849 3342 944 3408 his,
962 3355 1020 3393 ut
1040 3355 1093 3394 et
1110 3340 1197 3392 hic
1222 3359 1324 3393 ma·

321 3425 384 3478 lis
419 3443 679 3496 reponere
708 3421 987 3482 simulata5
1009 3419 1104 3474 sed
1124 3418 1333 3474 videtur

322 3506 716 3578 frequentatum
737 3503 933 3554 Nostro
965 3499 1070 3551 hoc
1104 3516 1332 3570 compo-

325 3586 501 3637 situm.
529 3613 596 3624 -
614 3581 812 3635 Eadem
843 3581 1029 3631 nostri.
1061 3580 1151 3630 En.

395 3663 449 3716 6.
475 3659 627 3731 Quod
641 3678 719 3711 ea.
740 3658 934 3720 Cum,
959 3657 1050 3729 qui
1071 3675 1150 3707 ea.
1171 3653 1331 3708 Goth.

324 3743 381 3813 (a
408 3760 515 3796 sec.
546 3742 730 3808 manu)
757 3738 953 3789 omittit
977 3736 1134 3808 quod.

401 3838 452 3891 7.
480 3818 710 3872 Oratore.
733 3819 909 3882 Jens.‚
931 3814 1193 3879 oratione,
1215 3831 1338 3865 cum

327 3899 454 3954 odd.
479 3911 706 3971 posterr.
730 3907 853 3948 ante
874 3893 996 3947 Ald.

401 3980 453 4032 8.
478 3976 750 4042 Iuventio,
781 3975 870 4028 vis.
900 3975 1076 4025 Turic-
1103 3971 1334 4023 Florent.

329 4059 525 4122 cam,
543 4055 884 4120 inventionis,
900 4070 1022 4104 cum
1046 4049 1193 4103 Bodl.
1218 4049 1339 4102 col-

331 4135 470 4188 bert.
504 4134 658 4186 Voss.
700 4149 759 4198 2,
780 4129 942 4183 Goth.
969 4135 1107 4196 (err.
1143 4126 1339 4198 Gesn.)

333 4216 460 4270 Luc.
478 4216 612 4267 Van.
630 4211 791 4264 Rusc.
817 4207 942 4263 Bad.
962 4208 1128 4262 Andr.
1148 4207 1343 4260 Inven-

1408 3106 1574 3176 nero)
1603 3121 1643 3155 s.
1677 3119 1794 3175 quoe
1823 3100 2115 3173 elegerunt,
2145 3116 2264 3149 cum
2290 3094 2413 3148 edd.

1410 3195 1534 3236 ante
1568 3179 1718 3233 Leid.
1758 3198 1869 3232 ace.
1909 3176 2043 3229 Roll.
2084 3175 2202 3230 Sed.
2239 3172 2413 3227 Guelf.

1411 3274 1598 3313 1108th
1607 3279 1673 3310 m·

1489 3340 1566 3392 13.
1581 3333 2004 3409 Effinqilrurio„
2022 3330 2245 3404 effendi,·
2262 3348 2290 3381 a
2306 3349 2412 3383 sec.

1409 3435 1570 3470 manu
1605 3414 1830 3488 offendi.
1859 3414 1998 3464 Flor.
2026 3416 2090 3482 (a
2118 3430 2200 3482 pr.
2226 3407 2419 3480 manu)

1410 3497 1624 3568 effenct'.
1655 3498 1811 3546 Voss.
1842 3494 1904 3556 3,
1934 3487 2143 3563 affingi.
2176 3488 2304 3540 Vide
2332 3488 2414 3551 X,

1413 3576 1446 3628 3
1462 3612 1481 3641 ,
1505 3575 1555 3641 4.
1570 3602 1646 3614 --
1667 3572 1851 3624 Nostri
1873 3566 2078 3641 effingi.
2108 3569 2201 3618 En.

1494 3669 1512 3704 ι
1523 3652 1574 3718 4.
1590 3650 1936 3701 Arbitrantur.
1949 3648 2128 3700 Turio.
2142 3644 2284 3698 Flor.
2297 3682 2314 3713 ,
2331 3662 2419 3695 ar-

1416 3730 1751 3782 bimbantur.

1495 3827 1514 3862 1
1525 3808 1575 3863 5.
1590 3809 1765 3878 Quum
1779 3815 1847 3858 et.
1862 3806 2037 3857 Turio.
2055 3802 2192 3860 Flor.
2210 3799 2384 3856 Guelf.
2397 3838 2416 3864 ‚

1418 3901 1469 3943 et
1493 3909 1639 3955 eum,
1665 3906 1786 3940 cum
1811 3886 1944 3940 Alm.
1969 3886 2111 3938 Jens.
2137 3884 2288 3934 Tarv.
2313 3881 2419 3933 Sed

1418 3970 1612 4021 omittit
1630 3978 1683 4017 et
1699 3968 1857 4022 Canu»,
1873 3982 1996 4015 cum
2010 3966 2160 4022 Voss.
2180 3980 2207 4014 2
2221 3999 2237 4027 ,
2253 3959 2415 4013 Goth.

1419 4062 1472 4100 et
1490 4046 1610 4100 edd.
1633 4057 1753 4097 ante
1773 4042 1923 4105 Rasil.

1497 4144 1514 4177 ι
1526 4127 1576 4181 6.
1593 4123 1930 4178 Intercidant.
1946 4122 2090 4173 sens.
2101 4119 2222 4190 (tac.
2233 4116 2421 4188 Gesn.)

1418 4205 1573 4259 Tarv-
1587 4242 1606 4272 ,
1621 4200 1939 4258 intercident.
1959 4199 2198 4253 Correxit
2209 4198 2415 4271 Regius.

2449 1102 2511 1155 ιδ
