3200 5159
884 362 929 403 ,ὀ

736 506 1385 575 [NSTITUTIONIS
1424 506 1679 571 ORAT.
1720 470 1882 570 Lm.
1921 506 2046 584 xl,
2089 506 2150 571 3.

394 653 610 733 putat.
637 636 790 707 Hac
811 648 829 679 ¹
860 635 991 706 Cn.
1023 632 1406 705 Lentulum
1438 631 1593 732 plus
1624 630 1975 730 opinionis
2004 651 2491 722 consecutum,
2568 648 2600 697 8

395 760 609 847 quain
646 748 1073 848 eloquentia,
1105 747 1345 833 tradit3
1393 746 1641 819 eadem
1687 747 1767 817 C.
1816 744 2216 818 Gracchum
2254 745 2326 818 in
2366 745 2493 817 de-
2588 767 2591 770 ’

399 863 630 936 flenda
666 864 890 937 fratris
928 890 1098 937 nece
1143 863 1351 937 totius
1383 863 1628 963 populi
1661 862 1936 935 romani
1970 862 2289 935 lacrimas
2324 890 2497 935 con-

394 980 675 1067 citasse;
733 999 800 1051 et
843 979 1277 1051 Antonium²
1327 1000 1396 1051 et
1441 983 1766 1062 Crassum
1812 978 2118 1051 multum
2160 976 2495 1066 valuisse,

392 1093 785 1194 plurimum
834 1120 993 1167 vero
1046 1095 1138 1185 Q.
1193 1095 1691 1166 Hortensium:
1731 1093 1929 1193 cujus
1982 1092 2080 1164 rei
2127 1092 2299 1164 fides
2350 1086 2540 1181 est,x

393 1209 582 1307 quod
612 1209 760 1310 ejus
793 1209 1035 1309 scripta
1068 1230 1337 1282 tantum
1372 1208 1549 1281 intra
1576 1206 1891 1280 famam³
1926 1228 2123 1298 sunt,
2158 1234 2297 1306 qua
2321 1205 2491 1279 tidiu

392 1325 709 1424 princeps
741 1346 1090 1399 oratorum
1113 1384 1133 1416 ,
1165 1325 1541 1424 aliquando
1571 1325 1865 1396 aemulus
1898 1323 2252 1397 Ciceronis
2285 1322 2496 1396 existi·

390 1460 621 1513 matus
654 1459 788 1529 est,
828 1441 1234 1529 novissime,
1271 1438 1501 1539 quoad
1530 1440 1723 1529 vixit,
1758 1439 2137 1528 secundus;
2177 1457 2253 1509 ut
2280 1464 2498 1537 appa-

392 1577 564 1645 reat,
608 1555 941 1655 placuisse
980 1557 1245 1655 aliquid
1281 1584 1362 1629 eo
1407 1556 1719 1644 dicente,
1760 1555 1952 1654 quod
1993 1554 2300 1652 legentes
2349 1582 2493 1627 non

392 1670 807 1745 invenimus,
846 1672 933 1742 Et
970 1669 1298 1743 hercule⁵
1342 1698 1567 1768 quum
1609 1671 1883 1743 valeant
1928 1668 2234 1743 multum
2281 1670 2492 1742 verba
2569 1698 2604 1749 9

388 1810 513 1883 per
543 1811 651 1874 se,
701 1805 766 1857 et
802 1811 927 1856 vox
966 1786 1316 1885 propriam
1362 1786 1501 1857 vim
1548 1785 1823 1886 adjiciat
1865 1787 2107 1877 rebus,
2157 1806 2224 1857 et
2264 1807 2493 1884 gestus

393 1912 762 1998 motusque
796 1900 1135 2000 significet
1163 1902 1429 1998 aliquid
1452 1959 1470 1991 ,
1508 1904 1819 2001 profecto
1855 1904 2241 2001 perfectum
2279 1902 2491 2000 quid-

390 2016 557 2087 dam
606 2016 791 2107 fieri,
843 2042 1068 2115 quum
1113 2017 1352 2088 omnia
1393 2016 1781 2108 coierunt6,
1825 2045 2100 2090 necesse
2143 2039 2263 2089 est.
2313 2019 2494 2089 Sunt
2575 2057 2638 2091 m

390 2166 567 2218 malim
598 2167 775 2218 Etiam
816 2168 920 2220 Cic.
954 2181 1008 2219 ut
1037 2170 1218 2219 monui
1245 2167 1312 2220 ad
1343 2170 1395 2234 l,
1550 2170 1598 2236 4.
1632 2170 1745 2239 Qua
1770 2170 1889 2232 diu5
1918 2172 1992 2221 sic
2017 2169 2191 2220 Turio.
2213 2144 2401 2220 'Amba
2425 2186 2487 2234 2,

394 2262 485 2310 io,
509 2246 560 2313 4.
594 2246 725 2298 vide
749 2248 816 2297 ΙΙΙ
834 2285 849 2312 ,
888 2248 953 2312 8,
987 2248 1053 2314 42
1081 2246 1234 2319 (pag.
1269 2247 1393 2317 537,
1476 2249 1637 2300 Cam».
1670 2248 1968 2320 Quamdiu,
1998 2248 2138 2299 Flor.
2163 2247 2337 2299 Guelf.
2364 2245 2486 2317 (hic

2366 507 2490 595 295

386 2341 497 2378 not.
526 2344 554 2396 7
588 2326 807 2398 hujusce
845 2327 1157 2399 editionis);
1199 2341 1252 2379 et
1291 2328 1394 2391 ΙΙΙ,

394 2424 413 2457 t
431 2424 474 2470 1,
508 2408 586 2458 ι8.
612 2406 751 2457 Dixit
777 2420 953 2457 autem
978 2405 1091 2459 haec
1115 2407 1301 2459 Cicero
1326 2402 1393 2459 de

385 2488 534 2539 orat.
568 2488 719 2537 initio
753 2504 871 2557 cap.
900 2486 984 2538 56.
1024 2488 1104 2538 De
1136 2486 1394 2553 Lentulo,

387 2566 657 2631 Graccho,
694 2570 959 2641 Antonio,
992 2566 1217 2635 Crasso,
1254 2572 1395 2620 llor-

386 2649 558 2699 teusio
589 2646 704 2697 loca
743 2660 864 2699 sunt
903 2649 954 2699 in
984 2648 1174 2713 Bruto,
1212 2669 1260 2700 c.
1291 2648 1393 2714 66,

387 2726 488 2797 89,
513 2726 613 2790 38,
643 2726 742 2793 43,
772 2727 873 2787 88;
900 2726 971 2777 de
992 2729 1138 2779 Orat.
1171 2726 1391 2793 111,·56.

388 2808 444 2857 ln
485 2807 764 2856 Hortensio
804 2808 1019 2871 remittit
1054 2808 1165 2876 jam
1201 2810 1393 2879 Regius

388 2883 455 2935 ad
479 2883 734 2947 Gellium,
758 2880 809 2950 l,
836 2885 894 2951 5,
922 2885 989 2937 de
1013 2888 1123 2955 ejus
1151 2889 1320 2939 nimiis
1340 2889 1393 2939 in

388 2963 593 3034 agendo
616 2964 882 3018 munditiis
907 2980 961 3018 et
981 2967 1215 3036 gestibus
1235 2968 1396 3023 dicte-

388 3046 465 3095 ria
493 3044 821 3096 referentem.

464 3138 507 3174 ι.
531 3122 649 3174 Hac
672 3125 760 3174 Cn.
786 3123 887 3175 Len
898 3122 1394 3191 tulum.Turicens.,

389 3202 497 3254 hoec
527 3201 597 3254 N.
640 3202 784 3255 lent.
821 3204 990 3269 Flora,
1021 3206 1165 3257 Nam
1203 3207 1296 3258 Cn.
1332 3206 1388 3258 l..

386 3283 579 3349 Canu,
603 3282 720 3333 Hac
753 3284 891 3334 enim
920 3283 974 3335 L.
1006 3285 1143 3338 Ante
1173 3286 1261 3337 Gr.
1285 3288 1394 3337 Tu-

386 3363 577 3413 ricens.
606 3362 798 3412 omittit
821 3366 868 3413 C.
890 3365 991 3413 Pro
1015 3364 1229 3431 tradidit
1250 3364 1391 3418 idem

388 3439 619 3503 tmdidit,
644 3453 696 3491 et
714 3458 871 3514 quem
886 3460 985 3513 pro
1001 3437 1176 3513 quam.
1194 3444 1390 3512 Guelf„

384 3527 635 3571 secutum.

459 3614 507 3648 2.
530 3596 602 3647 Et
615 3595 939 3659 Antoniurm
964 3601 1037 3651 sic
1052 3598 1227 3653 Tur-ic.
1244 3601 1385 3653 Flor.

386 3674 551 3727 Cane.
582 3692 703 3726 cum
723 3674 978 3729 Almelov.
1003 3668 1215 3752 Reliqui
1239 3683 1393 3733 omit-

386 3768 506 3807 tunt
532 3766 599 3806 et.

456 3832 505 3886 3.
534 3833 682 3885 Intra
696 3834 927 3906 famam.
946 3834 1079 3887 Vide
1103 3838 1204 3901 111,
1242 3855 1259 3889 ι
1282 3876 1299 3903 ,
1336 3855 1389 3897 13

382 3913 509 3963 item
539 3909 626 3963 hic
661 3910 706 3983 ᾗ.
736 3911 835 3977 45ς
866 3930 931 3965 ne
956 3912 1094 3967 forte
1121 3914 1388 3966 auscultes

383 3989 581 4043 Gallaeo
615 3993 898 4060 corrigenti
935 3992 1078 4062 infra
1106 3990 1192 4060 f.;
1232 4010 1392 4062 quem

386 4070 606 4121 revincit
642 4068 818 4121 Rurm.
858 4068 992 4122 vide
1034 4069 1300 4122 Duker-um
1338 4073 1391 4122 iu

386 4149 564 4200 indice
600 4148 742 4200 Flori
784 4150 851 4203 h..
876 4168 925 4200 v.
965 4153 1131 4204 nostri
1176 4170 1389 4223 quoque

388 4228 493 4281 loci
524 4247 631 4280 nou
654 4230 1029 4281 immemorem.

1475 2328 1806 2400 diremptim)
1833 2348 1958 2399 cum
1978 2326 2211 2381 Gothan.
2239 2329 2392 2379 Voss.
2421 2344 2449 2383 2
2467 2366 2485 2394 ,

1474 2410 1628 2460 Rern.
1650 2410 1796 2461 Jeus.
1819 2408 2024 2481 Reliqui
2043 2408 2137 2479 qui
2155 2407 2206 2457 d.
2229 2409 2355 2459 Mox
2377 2427 2492 2459 ora·

1472 2485 1570 2551 ior,
1607 2489 1782 2539 Turio.
1822 2486 1961 2539 Flor.
1997 2487 2176 2538 Ambr.
2215 2505 2242 2539 2
2261 2525 2277 2553 ,
2306 2486 2481 2539 Guelf.

1473 2566 1632 2619 Goth.
1660 2569 1804 2619 Jens.
1830 2569 1955 2639 (tac.
1977 2564 2164 2638 Geso.)
2186 2585 2307 2619 cum
2327 2570 2480 2619 Voss.

1478 2665 1528 2712 2,
1543 2646 1595 2698 3.
1613 2647 1712 2699 Sed
1730 2647 1864 2700 Vall.
1883 2662 1934 2699 et
1947 2649 2058 2718 jam
2073 2648 2237 2698 CAm‘.
2259 2661 2310 2698 et
2325 2648 2480 2698 Tarv.

1474 2740 1716 2778 nostrum
1749 2725 1896 2778 daut.
1920 2725 2053 2777 Vide
2075 2728 2142 2790 V,
2177 2742 2265 2789 ιο,
2298 2741 2384 2794 9¹·
2411 2754 2484 2765 --

1474 2806 1624 2857 Poul.
1651 2805 1784 2857 Vall.
1811 2804 1903 2857 lib.
1924 2806 2031 2857 RR.
2060 2806 2092 2857 8
2110 2843 2126 2871 ,
2144 2820 2210 2873 9,
2240 2823 2347 2876 qua
2372 2803 2479 2857 dita.

1450 2880 1608 2935 vall.
1637 2883 1728 2936 lib.
1764 2904 1793 2936 a
1827 2904 1930 2937 sec.
1963 2904 2127 2937 manu
2163 2884 2259 2957 qui
2282 2884 2389 2936 diu.
2419 2885 2479 2936 R.

1481 2966 1569 3026 io,
1609 2982 1714 3053 qua
1752 2961 1896 3014 olim.
1935 2960 2152 3015 Avicula
2189 2966 2296 3036 quei
2333 2960 2482 3013 olim.

1472 3042 1600 3096 Mox
1623 3040 1862 3114 plerique
1882 3046 2049 3096 nostri
2066 3051 2240 3094 orator
2256 3059 2354 3113 pro
2374 3059 2483 3093 ora-

1474 3132 1664 3173 tomm.
1691 3122 1784 3173 En.
2473 3120 2480 3125 '

1546 3199 1596 3252 5.
1624 3198 1879 3259 Πετραίη
1907 3201 1982 3250 sic
2005 3200 2184 3250 Turic.
2210 3196 2479 3249 Guelferh.

1472 3280 1634 3331 Cntr.
1660 3278 1868 3351 Reliqui
1886 3275 2072 3329 hercle.
2089 3276 2223 3328 Vide
2242 3278 2320 3341 X,
2348 3295 2374 3328 α
2390 3314 2406 3341 ,
2426 3276 2478 3328 3.

1472 3360 1599 3410 Mox
1624 3358 1799 3410 Tur-ic.
1818 3396 1833 3423 ,
1867 3357 2010 3408 dum.
2032 3357 2185 3406 Voss.
2231 3371 2248 3404 t
2289 3372 2482 3405 conva-

1472 3438 1619 3490 leant
1637 3457 1736 3509 pro
1755 3456 1874 3489 cum
1897 3433 2001 3487 val.
2017 3436 2119 3486 Pro
2139 3432 2350 3505 adiiciat
2369 3435 2480 3484 Tu-

1468 3521 1562 3569 ric.
1594 3516 1759 3569 odiat.
1791 3518 1888 3569 Pro
1910 3516 2014 3567 vt‘m
2034 3513 2217 3567 Ambr.
2242 3532 2269 3565 2
2309 3513 2476 3579 viam,

1470 3616 1590 3650 cum
1607 3600 1759 3648 Voss.
1790 3615 1836 3662 ι,
1857 3595 1910 3661 3,
1934 3596 2088 3647 Bern.
2103 3624 2168 3630 —
2187 3595 2366 3644 Nostri
2387 3592 2479 3645 ha·

1470 3674 1602 3727 beut
1633 3675 1722 3728 alii
1748 3673 1941 3741 hercle,
1980 3673 2068 3726 alii
2093 3666 2314 3722 hercule.
2354 3673 2480 3723 Mox

1471 3756 1617 3807 Avic.
1641 3753 1789 3806 Poul.
1811 3755 1917 3806 lm.
1941 3755 1993 3818 3,
2023 3767 2084 3804 ιο
2102 3769 2200 3823 pro
2223 3768 2330 3801 vtm
2351 3749 2480 3803 dant

1472 3836 1630 3886 viam.
1661 3836 1755 3887 En.

1543 3915 1592 3966 6.
1626 3916 1893 3973 Coiemnt‚·
1928 3914 2002 3965 sic
2029 3914 2301 3964 Tui-icens.
2337 3908 2474 3963 Flor.

1472 3992 1632 4044 CAMP.
1656 4011 1776 4042 cum
1792 3991 1894 4043 edd
1935 4004 2055 4040 ante
2074 3988 2222 4041 Basil.
2242 3988 2477 4054 (Σοῦ-απτ,

1472 4071 1655 4124 Ambr.
1676 4091 1722 4123 a.
1746 4064 1879 4129 corf,
1897 4071 2072 4124 Guelf.
2095 4071 2294 4138 Coiere,
2314 4071 2478 4125 Goth.

1472 4153 1627 4202 Voss.
1670 4171 1717 4203 2.
1769 4143 2018 4209 Con-riiter,
2058 4152 2208 4201 Voss.
2240 4169 2282 4203 ι.
2315 4148 2481 4204 Modo

1470 4227 1791 4301 εἱρηίβσοηι,
1810 4229 2134 4281 Gothvosa.
2156 4247 2204 4281 2.
2226 4230 2309 4280 Ne
2326 4231 2488 4301 siqni‘
