3200 5159
655 1713 717 1751 12

761 518 890 587 580
1328 516 1421 581 M.
1461 518 1691 581 FABII
1729 514 2288 601 QUINTILIANI

762 642 984 715 maria
1007 640 1320 730 transire,
1346 640 1657 713 siderum
1682 666 1918 712 cursus
1939 666 2410 741 numerosque
2429 668 2867 742 cognoscere,

760 758 1114 831 mundum
1151 757 1384 856 ipsum
1425 784 1623 856 paene
1653 755 1956 828 dimetiri
1981 812 2001 845 ,
2032 757 2335 830 minores
2365 759 2485 832 sed
2514 760 2868 833 difficilio-

758 900 864 944 res
908 894 1080 945 artes
1110 887 1126 916 ¹
1167 872 1560 971 potuerint:
1596 892 1752 944 tum
1797 871 2132 970 cogitent,
2177 895 2512 973 quantam
2548 901 2696 946 rem
2730 902 2864 975 pe.-

756 1008 946 1076 tant,
998 1014 1354 1087 quamque
1398 986 1639 1058 nullus
1671 986 1760 1057 sit
1800 987 1932 1058 hoc
1963 988 2313 1087 proposito
2342 990 2635 1090 praemio
2665 990 2865 1061 labor

756 1104 1202 1177 recusandus.
1239 1103 1454 1193 Quod
1487 1102 1543 1175 si
1572 1124 1808 1175 mente
1847 1106 2325 1202 conceperint,
2374 1104 2540 1177 huic
2582 1131 2863 1205 quoque

756 1220 930 1319 parti
978 1219 1249 1292 facilius
1296 1217 1630 1290 accedent
1650 1231 1703 1307 ²,
1750 1238 1829 1290 ut
1867 1218 2104 1318 ipsum
2150 1220 2281 1292 iter
2322 1247 2554 1320 neque
2598 1221 2866 1320 imper-

752 1338 990 1425 vium,
1040 1363 1271 1436 neque
1314 1334 1602 1407 saltem³
1645 1334 1905 1407 durum
1950 1356 2245 1435 putent:
2296 1363 2462 1409 nam
2512 1337 2621 1428 id,
2670 1337 2862 1436 quod

750 1440 946 1553 ⁸prius
964 1511 984 1542 ,
1010 1453 1340 1553 quodque
1368 1451 1597 1553 majus
1623 1473 1754 1542 est,
1783 1473 1862 1523 ut
1888 1452 2055 1523 boni
2084 1453 2213 1525 viri
2235 1453 2486 1544 simus»,
2511 1453 2862 1527 voluntate

756 1570 1065 1642 maxime
1106 1589 1368 1641 constat
1408 1597 1423 1640 ε
1482 1594 1700 1668 quam
1737 1568 1857 1667 qui
1892 1595 2050 1640 vera
2094 1569 2232 1640 fide
2275 1569 2616 1662 induerit,
2658 1571 2863 1644 facile

757 1685 1035 1758 easdem
1057 1683 1113 1777 4,
1158 1712 1310 1783 quae
1343 1685 1671 1756 virtutem
1716 1683 1996 1776 docent,
2037 1705 2211 1756 artes
2258 1684 2569 1785 accipiet.
2618 1689 2863 1786 Neque

756 1800 949 1874 enim
989 1820 1112 1872 aut
1152 1821 1293 1871 tam
1330 1799 1684 1899 perplexa,
1728 1820 1851 1870 aut
1893 1819 2037 1871 tam
2083 1825 2456 1871 numerosa
2495 1823 2664 1872 sunt
2703 1828 2860 1899 quae

754 1935 1088 2016 premunt
1108 1914 1162 2004 ⁵,
1204 1936 1284 1986 ut
1330 1941 1472 1986 non
1509 1940 1892 2014 paucorum
1939 1913 2325 1986 admodum
2359 1941 2707 1989 annorum
2743 1915 2862 1987 in-

755 2031 1062 2103 tentione
1095 2029 1488 2102 discantur:
1516 2029 1803 2128 longam
1825 2027 1856 2072 ⁶
1886 2028 2076 2101 enim
2108 2029 2280 2102 facit
2307 2057 2591 2129 operam
2613 2088 2633 2121 ,
2663 2031 2856 2130 quod

755 2173 1267 2246 repugnamus3
1302 2144 1525 2217 brevis
1566 2166 1668 2216 est
1707 2144 2040 2215 institutio
2078 2144 2226 2216 vitae
2260 2145 2561 2217 honestae
2605 2145 2859 2217 beatae-

757 2290 932 2362 que,
982 2262 1038 2333 si
1083 2261 1364 2335 credas?
1394 2262 1414 2331 ’τ
1464 2281 1716 2332 natura
1758 2258 1950 2332 enim
2002 2286 2128 2331 nos
2174 2260 2263 2331 ad
2313 2254 2626 2332 mentem
2671 2262 2860 2360 opti-

838 2431 882 2465 ι.
912 2413 1076 2468 Artes.
1114 2415 1308 2467 Nescio
1348 2410 1477 2484 quid
1516 2411 1767 2465 acciderit
1846 2411 2266 2484 Codexoptimus
2282 2413 2857 2488 nuncpraebet.Aptiu2

757 2495 1061 2546 Bur-manno
1081 2496 1440 2546 accusativum
1464 2493 1551 2546 hic
1567 2492 1767 2545 videnti
1847 2490 1916 2543 ad
1958 2509 2171 2545 sensum
2210 2490 2418 2544 videtur
2453 2492 2855 2564 praecipiuntur,

757 2575 883 2626 etin
904 2572 1129 2624 formula
1145 2590 1357 2644 possum
1373 2585 1505 2625 artes
1524 2571 1764 2623 haerenti.
1848 2572 1984 2623 sicut
2011 2572 2063 2636 l,
2094 2586 2184 2637 to,
2212 2587 2307 2640 29,
2334 2570 2532 2623 dictum
2563 2586 2638 2624 est
2667 2575 2856 2643 proect'·

758 2651 907 2704 Artes
937 2649 1073 2716 aliae,
1113 2651 1338 2702 minores
1373 2650 1472 2702 illae
1510 2648 1765 2720 dignitate

758 2749 858 2783 nec
886 2743 1091 2783 tantum
1115 2729 1383 2799 ingenium
1416 2727 1514 2779 sihi
1537 2746 1767 2799 poscen-

758 2823 867 2876 tes,
915 2825 1234 2879 quamquam
1276 2804 1603 2878 difficiliores
1643 2825 1767 2876 per-

759 2899 951 2959 ceptu,
980 2885 1151 2938 maria
1179 2886 1421 2952 transire,
1452 2898 1553 2938 etc.
1577 2897 1769 2957 potue-

756 2977 902 3019 nint.

833 3065 860 3098 2
871 3085 883 3097 .
903 3045 1176 3098 Accedent.
1195 3044 1519 3111 Accendent,
1533 3044 1766 3098 Floreat.

760 3125 916 3196 Quod
930 3128 1107 3197 pq’us,
1126 3125 1305 3176 Turio.
1329 3123 1469 3175 Flor.
1491 3123 1765 3177 Guelferb.

756 3206 882 3257 Exc.
904 3203 1049 3255 Sunt.
1080 3203 1134 3255 V
1129 3203 1196 3252 in·
1214 3200 1400 3268 simul,
1425 3201 1564 3253 Flor.
1589 3201 1765 3254 Guelf.

762 3280 1130 3345 Voluntatem,
1147 3283 1274 3333 Tur.
1290 3279 1467 3333 Guelf.
1492 3282 1767 3348 comtum,

758 3363 936 3415 Turio.
957 3358 1134 3413 Guelf.
1160 3358 1329 3423 Artis,
1355 3356 1499 3408 Flor.

831 3442 883 3494 3.
900 3442 1084 3514 Neque
1099 3436 1447 3492 saltem.vide
1461 3434 1595 3503 adl,
1619 3455 1662 3503 t,
1682 3435 1764 3504 24.

831 3521 883 3587 4.
917 3518 1157 3572 Easdem.
1193 3518 1353 3569 Plane
1380 3516 1583 3571 nuliam
1613 3515 1766 3568 video

756 3599 919 3671 hujus
954 3599 1286 3669 pronominis
1320 3596 1611 3663 rationem:
1643 3615 1767 3648 nam

756 3680 979 3731 virtutes
1008 3674 1246 3729 nondum
1279 3688 1580 3729 memoratae
1609 3688 1765 3742 sunt,

678 3776 685 3785 ·
758 3758 853 3811 aed
872 3757 1054 3810 homo.
1076 3758 1254 3825 Quat-e
1274 3754 1612 3808 scribendum
1631 3768 1766 3828 puto

664 3838 685 3855 ²
759 3856 844 3890 eas
868 3837 1003 3889 idem
1018 3876 1036 3904 ,
1061 3852 1196 3909 quoe.
1236 3856 1249 3865 ·

832 3916 880 3968 5.
909 3917 1181 3968 Premunt.
1206 3915 1412 3981 Turio„
1433 3923 1761 3983 premuntur.

758 4025 831 4036 —
846 3998 977 4066 Quoe
991 4006 1273 4068 proemunt.
1292 3994 1558 4063 Coi-rupta
1583 3994 1767 4064 utique

761 4077 1039 4146 scriptura.
1065 4075 1251 4144 Neque
1285 4086 1463 4124 tamen
1491 4081 1763 4143 petuntur,

761 4152 905 4224 quod
932 4151 1235 4204 Obrechtus
1262 4151 1497 4221 reposuit
1514 4188 1530 4216 ,
1554 4151 1767 4203 satisfa-

756 4232 861 4283 cit:
894 4248 1216 4303 quamquam
1246 4230 1475 4285 formam
1501 4232 1765 4303 passivam

1844 2667 1968 2720 pere
1992 2649 2224 2701 studium
2254 2647 2490 2721 aliquod.
2514 2648 2757 2720 —Apud
2787 2652 2851 2702 R.

1853 2727 1916 2779 13
1937 2728 2224 2799 reperimus
2245 2729 2524 2800 optimam,
2550 2745 2706 2797 quom
2729 2730 2856 2780 But-

1846 2818 2048 2858 tmann.
2074 2809 2386 2878 proposuit,
2409 2805 2717 2858 lectionem:
2735 2824 2853 2879 quoe

1843 2885 2229 2956 praecipiuntur.
2246 2887 2428 2938 Caeteri
2449 2903 2565 2959 quoe
2578 2896 2853 2955 premunt,

1850 2983 1960 3016 exc.
1989 2964 2048 3014 R.
2079 2981 2158 3031 ιι,
2184 2967 2276 3036 qui
2301 2964 2444 3016 solus
2467 2981 2586 3038 quoe
2603 2976 2857 3038 promunt

1847 3061 2058 3094 nomen.
2096 3044 2150 3095 Si
2197 3040 2252 3094 «τὸ
2297 3054 2548 3114 premunt
2585 3058 2854 3110 servatur,

1848 3121 2039 3194 qupple
2067 3122 2373 3187 discentem,
2408 3136 2459 3175 et
2484 3124 2559 3174 sic
2581 3123 2816 3192 intellige
2838 3150 2852 3176 ;

1852 3226 1875 3250 ι
1897 3221 2012 3273 quae
2028 3204 2245 3268 instant,
2263 3221 2376 3273 quae
2396 3216 2518 3255 ante
2535 3205 2711 3255 omnia
2730 3218 2854 3257 sunt

1853 3302 1877 3328 α
1899 3284 2099 3332 oratori
2124 3279 2422 3334 ediscenda.
2445 3305 2468 3328 a·
2491 3282 2583 3333 En.

1918 3358 1971 3412 6.
1995 3359 2249 3433 longam.
2265 3397 2277 3409 .
2294 3397 2306 3409 .
2328 3377 2557 3430 operam.
2578 3361 2849 3413 Tui-icens.

1846 3434 1988 3487 Flor.
2014 3435 2287 3488 Guelferb.
2321 3437 2445 3488 Exc.
2479 3438 2653 3503 Sont.,
2681 3437 2847 3510 leyem

1847 3532 2016 3565 meam
2043 3514 2186 3586 facit
2221 3533 2305 3587 op.
2316 3554 2335 3581 ,
2373 3533 2494 3566 cum
2522 3516 2656 3567 Alm.
2692 3518 2850 3570 Insti-

1850 3604 1978 3660 tuto,
1995 3595 2135 3646 Flor.
2153 3594 2386 3648 Instituta·
2394 3634 2411 3661 ,
2431 3594 2610 3647 Guelf.
2628 3596 2750 3648 Mox
2772 3597 2850 3648 in·

1849 3675 2055 3741 tuendi,
2084 3674 2223 3727 Flor.
2250 3674 2423 3747 Magis
2445 3677 2640 3728 omittit
2661 3677 2821 3728 Cute.

1921 3771 1970 3823 7.
1984 3756 2043 3808 Si
2061 3755 2246 3806 credas.
2263 3755 2455 3806 Mirum
2469 3792 2486 3819 ,
2501 3757 2640 3807 viros
2660 3755 2847 3808 doctos

1847 3831 1992 3903 apud
2039 3835 2396 3886 But-mannum
2445 3847 2651 3886 tantum
2687 3833 2847 3887 desu-

1845 3911 1972 3965 dare
1995 3914 2050 3964 in
2077 3911 2331 3964 mutando
2363 3912 2528 3965 verbo
2558 3916 2845 3985 aptissimo.

1847 3993 1928 4043 An
1965 3994 2117 4044 veriti
2160 4004 2281 4044 sunt
2301 4031 2319 4059 ,
2349 3993 2689 4047 christianam
2732 4013 2846 4047 esse

1843 4073 2191 4123 sententiam?
2217 4070 2321 4124 sed
2348 4086 2490 4125 certa
2515 4087 2594 4126 est
2623 4075 2848 4144 scn‘ptu-

1843 4167 1904 4201 ra
1931 4152 2271 4222 oppositione
2296 4150 2444 4202 verbi
2467 4170 2844 4227 repugnamus.-

1845 4244 2077 4304 apteque
2094 4230 2314 4287 Gesner.
2336 4232 2493 4286 affert
2520 4231 2657 4286 illud
2678 4250 2850 4287 noera-
