3200 5159
684 481 1339 555 1NsT1TUT10le
1377 483 1634 548 ORAT.
1676 483 1836 547 Lm.
1878 484 2036 561 ΧΠ,
2075 506 2136 571 9.

368 631 446 684 ut
488 612 800 711 agricolae
849 612 1126 699 dicunt,
1170 610 1342 709 pede
1384 608 1700 679 standum
1744 623 1856 678 est.
1903 608 2080 677 Nam
2120 631 2343 704 quum
2388 605 2460 676 in

366 727 837 826 propositione
859 742 875 771 ¹
903 754 981 798 ac
1003 724 1415 796 refutatione
1436 749 1644 794 causa
1667 722 2022 811 consistat,
2044 747 2197 820 quae
2224 741 2463 792 nostrae

367 842 575 940 partis
608 862 803 930 sunt,
837 842 1086 940 scripta
1114 865 1256 911 esse
1296 858 1624 936 possunt:
1664 864 1817 936 quae
1847 837 2057 908 etiam
2091 863 2466 934 responsu-

364 979 523 1027 rum
560 954 1033 1028 adversarium
1073 949 1340 1027 certum
1376 949 1475 1025 est
1502 956 1643 1049 (est
1684 953 1878 1024 enim
1917 952 2292 1050 aliquando
2328 978 2467 1023 cer-

364 1067 599 1168 tum),
646 1073 794 1171 pari
846 1098 1013 1143 cura
1061 1070 1494 1143 refelluntur.
1543 1068 1662 1141 Ad
1699 1069 1834 1140 alia
1873 1089 2100 1140 unum
2140 1090 2460 1169 paratum

365 1188 609 1259 afferre
633 1214 1036 1288 possumu5‚
1071 1187 1667 1260 ut·causam·bene
1702 1186 2135 1275 noverimus;
2165 1184 2461 1258 alterum

368 1304 467 1375 ibi
496 1330 803 1394 sumere,
837 1325 916 1376 ut
945 1305 1292 1376 dicentem
1328 1302 1802 1374 adversarium
1840 1302 2210 1400 diligenter
2237 1301 2466 1373 audia-

364 1445 544 1489 mus.
595 1420 790 1491 Licet
820 1440 1054 1492 tamen
1096 1419 1537 1518 praecogitare
1589 1418 1791 1516 plura
1808 1431 1860 1506 ²,
1902 1439 1971 1489 et
2004 1417 2331 1488 animum
2371 1415 2458 1487 ad

366 1560 612 1605 omnes
636 1561 831 1606 casus
861 1560 1320 1634 componere;
1357 1533 1570 1632 idque
1606 1554 1706 1605 est
1734 1533 1955 1604 tutius
1991 1532 2180 1621 stilo,
2211 1556 2353 1628 quo
2377 1533 2469 1604 fa-

365 1647 611 1722 cilius3
646 1671 712 1722 et
740 1651 1091 1723 omittitur
1119 1650 1442 1749 cogitatio
1461 1708 1480 1740 ,
1508 1673 1577 1722 et
1602 1650 2030 1721 transfertur.
2066 1649 2202 1722 Sed
2227 1648 2365 1720 sive
2389 1649 2462 1721 in

2335 483 2462 568 509

365 1831 540 1869 autem
566 1821 710 1871 omni
733 1839 854 1872 cum
877 1821 1125 1873 Tui-nebo
1150 1818 1235 1889 (in
1260 1817 1370 1872 Ad-

364 1901 601 1951 versariis
617 1901 772 1952 etiam
786 1899 908 1966 vn,
943 1901 1033 1971 ¹9)
1058 1900 1125 1953 de
1147 1919 1369 1952 numero

366 1978 632 2047 accipere,
662 1996 982 2048 quamquam
1013 1977 1118 2030 hoc
1141 1976 1371 2050 joculari

366 2053 525 2105 modo
556 2056 666 2107 fieri
688 2059 856 2127 possit
879 2057 899 2122 (
920 2081 942 2102 ιι
963 2075 1089 2107 man
1120 2074 1254 2108 mass
1275 2055 1379 2126 auf

373 2132 553 2185 «allen
586 2135 771 2188 Fiissen
796 2137 939 2188 stelm
972 2159 1028 2196 u,-
1057 2135 1271 2206 gallice‚
1303 2153 1371 2187 on

367 2214 538 2268 doitse
556 2217 691 2268 tenir
708 2235 798 2267 sur
818 2229 932 2269 tout
953 2217 1091 2288 ρίεᾷ.
1119 2218 1234 2268 Hoc
1253 2235 1375 2287 pro·

365 2294 598 2345 vet-bium
623 2294 764 2366 apud
781 2295 962 2348 Gallos
986 2314 1094 2347 non
1118 2309 1196 2347 est
1220 2297 1376 2347 usita-

368 2385 509 2434 tum3
534 2373 627 2424 sed
643 2375 785 2444 apud
805 2393 897 2427 eos
914 2374 1074 2444 vulgo
1091 2387 1376 2445 usurpatur

369 2451 702 2522 proverbium
744 2452 810 2504 ab
849 2452 1031 2504 eadem
1075 2452 1265 2523 figura'
1284 2451 1375 2503 de·

369 2527 616 2596 ductum,
634 2529 840 2582 diverso
861 2530 1071 2602 quidem
1093 2548 1281 2582 sensu:
1305 2547 1373 2581 on

372 2627 436 2659 ne
454 2611 555 2662 suit
579 2628 667 2660 sur
685 2608 807 2682 quel
823 2609 948 2682 pied
969 2628 1021 2662 se
1038 2611 1187 2661 tenir.
1214 2611 1307 2661 En.
1324 2610 1374 2677 );

372 2691 695 2759 comparatio
725 2702 901 2740 tamen
934 2691 1087 2759 greci
1115 2685 1380 2760 proverbii

371 2780 539 2819 vetat..
556 2768 735 2834 Quare
758 2767 979 2820 ductum
1002 2766 1164 2820 credo
1189 2785 1219 2818 a
1251 2768 1377 2819 vitio

372 2845 570 2912 standi,
615 2865 721 2918 quo
745 2847 827 2898 vel
850 2846 1056 2918 digitis,
1094 2846 1176 2899 vel
1219 2844 1379 2910 calci,

372 2926 453 2978 vel
474 2926 627 2980 alteri
648 2927 800 3000 pedis
834 2928 984 2980 lateri
1008 2929 1231 2978 maxime
1251 2927 1382 2977 inni·

373 3018 553 3057 tuntur
567 3005 829 3059 nonnulli.
853 3005 955 3060 Sed
979 3024 1152 3076 neque
1174 3002 1279 3056 hoc
1295 3022 1381 3056 sa-

374 3085 437 3135 tis
473 3082 810 3155 explanatum
853 3096 958 3150 est,
1006 3101 1103 3135 cur
1137 3081 1380 3154 ayricoloe

371 3164 716 3232 potissimum*
762 3162 867 3214 hoc
927 3161 1089 3213 verbo
1147 3174 1378 3213 utantur.

372 3239 543 3293 Credo
569 3256 745 3294 autem
773 3240 877 3292 hoc
918 3240 1056 3305 fieri,
1096 3257 1261 3310 quum
1283 3239 1380 3291 de-

373 3335 693 3374 monstratur
714 3341 903 3394 parum
938 3320 1194 3390 proficere
1222 3321 1381 3372 rusti-

374 3418 495 3452 cum
517 3439 534 3467 ‚
576 3404 666 3471 qui
708 3403 800 3452 uni
840 3400 1052 3452 alterive
1099 3400 1234 3469 parti
1259 3436 1276 3462 .,
1324 3411 1383 3450 ut

374 3479 667 3546 frumento,
696 3478 889 3541 hortis,
923 3479 1124 3549 pomis,
1163 3475 1380 3547 apibu8‚

377 3559 559 3629 pecori
607 3576 821 3629 operam
863 3556 955 3609 det
980 3579 991 3608 :
1043 3555 1243 3608 nullam
1284 3573 1382 3607 ne-

371 3634 673 3707 gligendam
695 3655 839 3697 esse;
889 3653 998 3688 non
1025 3635 1145 3687 ideo
1176 3646 1381 3686 tantum

376 3728 461 3780 ut,
491 3733 653 3785 quum
677 3734 773 3786 per
797 3729 1037 3787 tempora
1051 3717 1226 3785 jaceat
1247 3732 1381 3778 una,

377 3796 679 3847 sustenteris
694 3807 868 3847 tamen
890 3797 1118 3856 caten-iu
1142 3792 1236 3846 sed
1252 3812 1383 3863 quo-

378 3876 517 3926 niam
548 3872 693 3926 nulla
718 3889 798 3928 est
827 3893 940 3947 quae
962 3894 1070 3927 non
1100 3894 1163 3926 ex
1186 3875 1382 3927 ceteris

380 3952 657 4005 utilitatem
671 3956 873 4024 capiat,
894 3952 1040 4005 nulla
1060 3971 1174 4024 quae
1188 3955 1384 4006 ceteris

380 4049 492 4082 non
533 4035 799 4103 impertiat
832 4032 1063 4106 aliquid,
1096 4033 1240 4103 quod
1274 4035 1385 4085 sine

382 4107 485 4161 illis
518 4123 786 4182 tamquam
814 4111 998 4166 inutile
1032 4110 1223 4182 procul
1250 4110 1388 4179 abji-

384 4187 626 4245 ciendum
650 4203 745 4241 est.

1530 1837 1573 1871 1.
1625 1817 2003 1891 Propositt'one.
2053 1820 2424 1890 Praepositione
2441 1858 2460 1885 ‚

1449 1898 1611 1951 Came.
1632 1899 1683 1949 E
1685 1909 1707 1949 t
1721 1899 1878 1970 refut.
1893 1939 1910 1965 ,
1925 1898 2086 1952 Goth.
2104 1897 2240 1969 (tac.
2257 1898 2458 1969 Gesn.).

1454 1980 1581 2049 Quoe
1603 1981 1697 2031 ἦτε
1714 1989 1864 2049 parte
1886 1988 2034 2044 sunt,
2081 1978 2219 2029 Flor.
2261 1979 2322 2047 Q.
2357 1996 2464 2030 non

1452 2076 1506 2108 re
1522 2068 1670 2127 parte
1688 2077 1726 2109 s.
1738 2097 1757 2126 ,
1772 2060 1953 2110 Turic.
1971 2059 2030 2128 Q.
2050 2075 2156 2109 non
2178 2069 2374 2129 reperta
2394 2077 2463 2126 εἴ,

1451 2137 1616 2189 emp.
1641 2138 1714 2188 Et
1730 2157 1781 2190 se
1795 2147 2010 2208 possunt
2025 2157 2129 2210 qua
2155 2136 2314 2189 etiam
2329 2176 2346 2202 ,
2360 2137 2468 2187 Tu-

1452 2220 1641 2270 ricenS.
1671 2219 1799 2269 Mox
1821 2217 2045 2269 alterum
2068 2226 2140 2268 εει
2159 2236 2262 2268 om.
2284 2218 2462 2269 Τηνία.

1452 2297 1547 2348 Est
1567 2295 1709 2347 enim
1725 2297 1919 2347 omittit
1941 2295 2080 2347 Flor.
2104 2292 2461 2367 Refellantur,

1453 2376 1615 2426 Cam.
1654 2374 1829 2441 Unum
1849 2393 2037 2445 parum
2062 2372 2202 2445 (non
2215 2385 2460 2444 partum,

1456 2473 1554 2506 err.
1588 2454 1782 2524 Gesn.)
1822 2453 1966 2506 Jens.
2002 2472 2124 2504 cum
2149 2452 2295 2504 editt.
2322 2467 2465 2525 post.

1456 2545 1578 2584 ante
1602 2532 1722 2584 Ald.
1745 2534 1871 2584 Mox
1894 2545 1945 2584 et
1965 2551 2066 2602 pro
2088 2542 2150 2583 ut
2167 2532 2343 2584 Guelf.
2369 2531 2468 2584 Ubi

1457 2629 1681 2676 sumere,
1706 2610 1868 2663 Goth.
1885 2610 2009 2680 (tac.
2026 2612 2211 2678 Gesnz)
2224 2612 2469 2663 Summo—

1458 2689 1870 2754 veredicentem‚
1896 2687 2071 2742 Guelf.
2096 2688 2201 2742 Sed
2225 2692 2278 2741 in
2305 2708 2466 2758 marg.

1460 2767 1615 2820 Basil.
1631 2805 1646 2832 ‚
1677 2769 1828 2838 signo
1865 2771 2041 2840 posito
2086 2782 2208 2819 ante
2242 2787 2469 2834 sumere,

1461 2861 1540 2900 est
1557 2865 1897 2918 summopere.

1536 2943 1582 2977 2.
1601 2925 1784 2977 Plura.
1803 2927 1966 2977 Cnn‘.
1981 2964 1997 2990 ‚
2013 2926 2199 2978 multa.
2216 2927 2469 2995 Florent.,

1460 3006 1646 3058 omnis.
1663 3004 1839 3057 Guell'.
1855 3005 2040 3069 Cum„
2060 3024 2108 3057 o.
2131 3025 2324 3071 causas,
2347 3025 2468 3059 cnm

1460 3083 1579 3135 edd.
1608 3096 1730 3134 ante
1766 3082 1964 3155 Gryph.
1998 3102 2109 3134 exc.
2142 3084 2258 3135 Ald.
2287 3086 2470 3156 Expo-

1459 3179 1614 3226 nere,
1638 3160 1783 3212 Jens.
1813 3173 1864 3212 et
1888 3160 2009 3212 edd.
2036 3175 2174 3232 post.
2202 3174 2322 3213 ante
2347 3162 2465 3214 Ald.

1436 3242 1535 3318 'Et
1551 3242 1685 3306 sive,
1709 3238 1849 3291 Flor.
1893 3242 1965 3292 Et
1988 3242 2123 3306 sine,
2162 3243 2339 3294 Turio.
2370 3244 2472 3295 Sed

1492 3308 1525 3333 ιθ
1910 3320 1921 3331 ι
2367 3325 2377 3335 ι

1460 3339 1564 3374 save
1582 3319 1968 3390 respondenda,
1993 3321 2135 3372 Jens.
2159 3326 2179 3385 ί
2191 3321 2260 3374 de
2274 3339 2470 3376 omisso

1465 3400 1521 3452 in
1537 3414 1638 3452 tac.
1666 3398 2026 3470 Gesn.)Tarv.
2043 3401 2271 3466 Fuerint,
2294 3402 2467 3454 Guelf.

1534 3480 1585 3532 3.
1617 3477 1901 3530 Facilius...
1940 3491 1991 3530 et
2015 3479 2338 3549 transfertur.
2368 3484 2472 3532 Fa-

1462 3557 1561 3611 cile
1586 3560 1756 3622 enim,
1781 3556 1905 3608 dum
1926 3560 2119 3628 scripta
2144 3557 2361 3629 relegis,
2385 3580 2472 3612 oo-

1460 3639 1770 3707 gitationem
1807 3638 1980 3689 minus
2009 3636 2254 3689 idoneam
2277 3641 2472 3709 agnos-

1461 3733 1552 3770 cas
1567 3729 1621 3768 et
1635 3714 1811 3767 deleas
1824 3752 1840 3778 ‚
1869 3729 1962 3767 aut
1979 3719 2032 3768 in
2058 3715 2470 3771 commodiorem

1462 3794 1641 3846 locum
1665 3794 1965 3846 transferas.
1990 3824 2060 3834 —
2082 3791 2242 3845 Plane
2264 3811 2319 3846 se
2345 3794 2468 3847 don-

1463 3876 1727 3927 mitavisse
1746 3872 1928 3924 in=hoc
1954 3872 2100 3940 loco,
2125 3892 2281 3944 quem
2301 3876 2375 3927 ita
2393 3896 2474 3928 ce-

1465 3957 1571 4027 pit,
1603 3955 1753 4025 quasi
1789 3952 2212 4023 de'cogitatione
2243 3951 2362 4005 stilo
2383 3960 2472 4026 ju-

1466 4031 1636 4084 vanda
1669 4030 1980 4102 loqueretur
2004 4031 2391 4099 Quintilianus,
2416 4038 2468 4086 in

1468 4110 1780 4183 praefatione
1799 4109 1994 4161 fatetur
2009 4111 2122 4180 ipse
2139 4112 2435 4164 Buttmann.
2456 4137 2467 4164 ε

1471 4201 1591 4241 nam
1608 4186 1892 4240 ablativum
1909 4187 2027 4240 stilo
2045 4187 2274 4260 pendere
2290 4209 2318 4241 a
2335 4211 2472 4242 com-

2511 635 2573 688 ¹9

2508 1444 2574 1480 20
