3200 5159
661 478 1317 546 INSTITUTIONIS
1352 479 1612 547 ORAT.
1652 480 1815 545 LIB.
1854 482 2010 560 XII,
2060 504 2082 545 1
2106 504 2158 546 1.

2334 477 2461 549 583

362 601 508 675 utici
536 628 803 674 sumus.
831 602 1163 674 Discendi
1183 617 1201 647 ¹
1240 602 1413 675 ratio
1446 602 1635 692 talis,
1666 624 1745 676 ut
1771 630 1918 675 non
1951 603 2211 675 multos
2238 629 2461 676 annos

363 731 680 815 posca12:
716 716 1042 816 quaelibet
1075 717 1271 789 enim
1305 744 1385 789 ex
1413 716 1495 789 iis
1524 717 1819 808 artibuS,
1859 710 2166 817 quarum
2195 717 2461 791 ³habui

365 832 837 922 mentionem,
868 833 940 904 in
977 858 1233 932 paucos
1262 832 1472 905 libros
1510 835 1830 907 contrahi
1860 835 2065 925 solet;
2100 832 2322 906 adeol*
2355 834 2466 905 in·

364 946 569 1019 finito
599 947 815 1048 spatio
853 975 932 1020 ac
973 948 1341 1021 traditione
1382 975 1557 1048 opus
1596 977 1740 1021 non
1774 971 1871 1023 est
1891 950 1941 1021 ⁵.
1988 950 2285 1048 Reliqua
2324 970 2464 1039 est,

362 1087 517 1162 quae
573 1063 750 1137 vires
802 1064 935 1136 cito
982 1065 1185 1153 facit,
1232 1064 1660 1136 consuetudo
1675 1062 1730 1136 ⁶.
1792 1068 2060 1136 Rerum
2112 1080 2138 1126 7
2159 1063 2466 1164 cognitio

442 1284 484 1318 1.
503 1267 751 1320 Discendt'
771 1271 922 1321 ratio.
946 1270 1153 1334 Lucan,
1172 1268 1378 1320 dicendi

364 1345 524 1412 mio,
542 1346 687 1416 quod
706 1347 947 1420 sphalma
965 1349 1171 1400 transiit
1186 1349 1239 1399 in
1258 1365 1378 1417 pos-

364 1427 613 1488 teriores,
638 1444 749 1478 exc.
778 1426 898 1479 ΔΜ.
920 1431 1112 1479 Veram
1138 1428 1375 1478 omnium

363 1502 534 1555 codd.
572 1509 885 1576 scripturam
918 1510 1119 1578 primus
1150 1508 1378 1558 restituit

364 1582 524 1634 Gesn.
543 1585 808 1637 ——Nostri
832 1585 1024 1651 codd,
1050 1584 1278 1636 discendi
1302 1603 1380 1635 ra·

368 1663 458 1713 tio.
492 1664 584 1714 En.
697 1688 706 1701 ·
936 1698 953 1721 ,

441 1758 487 1792 2.
513 1742 715 1795 Pascat.
742 1744 1008 1795 Omittunt
1029 1746 1207 1796 Turic.
1232 1742 1372 1795 Flor.

364 1820 540 1873 Guelf.
578 1820 826 1892 Qua-libet
859 1822 1001 1873 enim
1035 1822 1160 1893 plus
1198 1841 1261 1874 ex
1300 1823 1377 1875 his

364 1900 624 1969 partibus,
645 1903 840 1953 Turic..
857 1901 998 1953 Flor.
1025 1904 1085 1971 Q.
1107 1922 1152 1955 e.
1172 1902 1294 1973 plus
1314 1919 1378 1952 ex

365 1977 449 2031 Itis
465 1980 683 2046 artibus,
701 1982 877 2034 Guelf.
893 1981 1060 2034 Ciu».
1086 1984 1233 2050 Quen
1243 1993 1377 2033 tum·

368 2056 493 2111 libet
514 2077 558 2109 e.
577 2058 700 2131 plus
724 2079 787 2111 ex
810 2059 887 2112 his
909 2079 960 2110 α.
976 2099 992 2125 ,
1019 2059 1250 2112 Gothan.
1278 2058 1378 2128 (de

362 2137 489 2211 plus
506 2151 610 2190 tac.
627 2139 829 2209 Gesn.).
854 2140 913 2208 Q.
933 2158 975 2189 e.
994 2138 1117 2210 plus
1135 2156 1199 2189 ex
1226 2139 1288 2191 iis
1305 2159 1378 2206 a.,

369 2223 524 2270 Voss.
549 2235 606 2282 α,
629 2221 773 2270 Jens.
800 2217 892 2288 (de
912 2217 1037 2289 plus
1065 2232 1166 2270 tac.
1194 2217 1382 2287 Gesn.)

368 2298 525 2349 Tarv.
569 2297 630 2367 Q.
668 2314 714 2347 e.
749 2314 813 2347 ex
846 2297 906 2348 iis
933 2298 1192 2367 partibus,
1230 2297 1379 2349 Bodl.

371 2374 536 2427 Andr.
575 2374 712 2426 Illud
745 2374 870 2446 plus
906 2375 1046 2426 unde
1085 2377 1349 2446 irrepserit
1366 2412 1382 2440 ,

373 2472 484 2508 non
516 2456 811 2526 perspicio,
841 2456 939 2506 nisi
974 2467 1156 2507 natum
1187 2456 1323 2507 forte
1354 2474 1382 2507 e

372 2553 504 2586 voce
524 2537 671 2606 prius
694 2537 913 2605 margini
939 2533 1201 2606 adscripta
1222 2557 1237 2598 ;
1264 2535 1384 2586 vide

377 2632 500 2665 mox
526 2635 539 2664 ε
575 2612 668 2666 sed
702 2616 837 2666 inter
857 2612 1056 2665 artibus
1079 2625 1131 2665 et
1149 2615 1387 2684 partibus

374 2691 621 2744 fluctuari
644 2705 837 2764 potest.
862 2692 1089 2744 Praefero
1115 2706 1289 2745 tamen
1309 2708 1388 2744 ar»

372 2772 501 2824 tibus
521 2771 606 2824 vel
630 2771 701 2823 ob
728 2771 1040 2823 relationem
1077 2769 1145 2822 ad
1181 2773 1228 2838 S.
1252 2788 1387 2840 9.-

376 2850 635 2921 Qua-libet
655 2852 796 2903 enim
817 2849 939 2923 plus
960 2868 1024 2902 ex
1047 2851 1109 2902 iis
1139 2849 1255 2918 (aut
1285 2850 1386 2921 his)

372 2930 594 2990 artibus,-
634 2931 708 2982 sic
740 2929 892 2982 Poul.
915 2928 1048 2982 Van.
1084 2929 1175 2982 lib.
1212 2947 1240 2980 a
1276 2948 1384 2980 sec.

374 3026 571 3073 manu,
592 3010 703 3060 Ru.
730 3009 761 3061 8
778 3046 794 3073 ,
819 3026 870 3076 9.
894 3008 1104 3080 Reliqui
1132 3027 1231 3080 pro
1255 3009 1386 3060 arti-

379 3087 471 3139 bus
493 3086 621 3139 dant
647 3088 894 3157 partibus.
926 3090 1019 3140 En.
1161 3120 1171 3130 ·

446 3164 498 3219 3.
534 3166 765 3235 Quarum
793 3165 977 3226 habui,
968 3187 980 3198 ·
1011 3167 1084 3216 sic
1111 3165 1385 3216 Tur-icens.

377 3243 610 3297 Floreat
634 3242 809 3296 Guelf.
833 3262 957 3295 cum
974 3242 1136 3296 Goth.
1148 3244 1302 3295 Voss.
1328 3260 1388 3308 2,

377 3323 525 3374 Jens.
548 3323 703 3374 Tarv.
734 3321 889 3374 Prius
915 3324 1155 3373 inserunt
1183 3320 1387 3392 reliqui.

379 3408 524 3451 -Το
548 3401 697 3474 ρνὶω
723 3402 975 3452 omittunt
998 3399 1183 3451 nostri.
1209 3401 1303 3451 En.

453 3480 505 3547 4.
522 3482 727 3533 Adeo...
713 3499 875 3552 .opus
888 3499 995 3532 non
1010 3491 1098 3533 est.
1121 3481 1260 3533 Cave
1277 3479 1390 3532 ideo

380 3578 639 3631 reponas,
672 3559 818 3631 quod
854 3561 980 3612 fecit
1015 3558 1242 3626 Badius,
1271 3558 1386 3626 vel,

381 3636 531 3710 quod
565 3640 719 3709 pejus
755 3640 945 3704 etiam,
975 3638 1105 3689 adeo
1142 3656 1242 3710 pro
1270 3638 1386 3691 ideo

378 3717 581 3770 dictum
597 3719 875 3784 existimes,
888 3716 1033 3789 quod
1048 3720 1386 3770 commissum

382 3811 463 3851 est
480 3800 535 3850 in
555 3796 728 3849 indice
741 3798 1062 3851 Gesneriano
1082 3816 1191 3849 non
1212 3799 1264 3850 in
1280 3797 1386 3850 hoc

381 3888 586 3931 tantum
610 3876 762 3943 loco,
788 3875 880 3929 sed
901 3879 955 3928 in
978 3876 1132 3946 longe
1160 3876 1386 3928 faciliori

386 3957 433 4024 ς.
448 3973 544 4009 12.
578 3954 769 4008 Adeo..
789 3993 801 4006 .
835 3967 907 4008 est
927 3958 981 4007 in
1008 3954 1098 4007 tati
1122 3958 1391 4027 composi-

387 4036 533 4085 tione
551 4033 689 4086 valet
710 4033 841 4086 adeo
863 4046 1058 4086 certum
1079 4044 1231 4098 est,..
1240 4052 1387 4087 ..esse

385 4112 582 4178 videl,
604 4130 694 4179 ιο,
713 4133 765 4185 7,
784 4111 1393 4186 Adeofact’lt‘usestmul-

386 4200 439 4244 ta
450 4190 666 4264 sacen,
690 4210 850 4266 quam
874 4191 981 4246 diu.

1530 1268 1580 1321 5.
1597 1269 1724 1321 Non
1742 1282 1831 1323 est.
1851 1269 2117 1321 omittunt
2129 1268 2308 1319 Turic.
2325 1263 2466 1319 Flor.

1456 1346 1635 1399 Guelf.
1666 1367 1788 1399 cum
1813 1346 1950 1398 Alm.
1973 1347 2126 1399 Voss.
2153 1364 2180 1397 2
2197 1385 2214 1411 ‚
2232 1345 2466 1399 Gothan.

2502 1095 2562 1150 ¹7

1455 1425 1599 1477 Jens.
1636 1426 1740 1479 Sed
1773 1428 1936 1478 Ciu».
1960 1426 2113 1477 Tarv.
2141 1424 2262 1477 Ald.
2297 1424 2469 1476 solum
2499 1480 2508 1491 .

1458 1522 1564 1554 non
1582 1508 1848 1557 omittunt.
1860 1504 2020 1558 Goth.
2040 1517 2217 1555 autem
2232 1516 2285 1556 et
2301 1505 2466 1555 Cui».

1457 1585 1620 1637 modo
1627 1583 1821 1658 finito.-
1844 1585 2041 1637 scilicet
2062 1586 2137 1636 sic
2158 1585 2336 1636 sensui
2354 1602 2468 1635 me·

1458 1665 1659 1718 dentes.
1685 1664 1942 1735 Equidem
1968 1681 2077 1735 quo
2098 1680 2226 1715 casu
2244 1661 2361 1715 duae
2379 1681 2469 1714 vo·

1460 1744 1618 1809 culm,
1645 1743 1841 1815 quibus
1877 1756 2054 1793 tamen
2078 1758 2262 1793 sensus
2288 1759 2468 1793 carere

1456 1823 1626 1895 plane·
1646 1824 1860 1893 nequit,
1904 1821 2191 1873 exciderint
2227 1822 2412 1873 nescio
2450 1841 2465 1872 ι

1457 1904 1557 1953 nisi
1589 1902 1692 1951 fuit
1724 1903 1862 1953 forte
1899 1900 2024 1952 olim
2059 1918 2166 1953 non
2200 1918 2329 1973 opus
2361 1908 2465 1966 est,

1460 1979 1587 2051 sigla
1618 1994 1793 2033 autem
1825 1985 1858 2032 ὃ
1886 1980 2138 2053 absorpta
2173 1994 2252 2033 est
2283 1999 2315 2032 a
2338 1998 2469 2032 voce

1461 2078 1606 2131 opus.

1532 2140 1582 2192 6.
1606 2138 1950 2192 Consuetudo.
1967 2140 2144 2190 Turio.
2165 2137 2328 2202 Flor.,
2348 2154 2470 2189 con-

1452 2216 1663 2289 fett’tur,
1681 2234 1804 2268 cum
1817 2216 1952 2267 Alm.
1976 2213 2276 2289 Conficitur,
2292 2215 2466 2268 Guell'.

1536 2315 1584 2367 7.
1602 2299 1792 2349 Rerum
1807 2296 2059 2368 nequitie,
2076 2309 2177 2347 etc.
2194 2297 2362 2347 Totus
2380 2293 2470 2348 hic

1464 2374 1615 2429 locus
1647 2376 1965 2447 impeditus,
2001 2389 2052 2427 et
2077 2374 2227 2427 valde
2260 2377 2472 2427 incertae

1464 2455 1640 2507 adhuc
1655 2469 1732 2506 est
1749 2457 2035 2526 scripturoe.
2053 2456 2290 2524 Apparet
2305 2455 2474 2525 proxi·

1466 2551 1550 2583 me
1585 2533 1858 2602 superiora
1892 2534 2222 2604 respicienti,
2257 2532 2471 2600 Quinti-

1465 2610 1665 2673 lianum
1711 2628 1772 2661 ea
1816 2628 1929 2682 quae
1973 2610 2276 2662 scholarum
2317 2622 2473 2677 sunt,

1466 2688 1800 2761 disciplinam
1823 2704 1874 2742 et
1899 2692 2327 2743 exercitationem
2342 2727 2360 2756 ,
2388 2709 2474 2743 se-

1466 2786 1684 2821 cernere
1703 2769 1771 2820 ab
1790 2771 1851 2821 iis
1867 2788 1983 2841 qua·
2004 2784 2128 2822 sunt
2147 2771 2474 2841 insequentis

1465 2850 1615 2912 vitae,
1662 2866 1838 2899 rerum
1885 2849 2220 2917 cognitione,
2263 2846 2475 2913 studio,

1466 2943 1589 2978 usu.
1614 2923 1938 2977 Scholastica
1963 2943 2073 2976 non
2091 2928 2163 2977 ita
2181 2924 2327 2995 longi
2348 2937 2478 2976 tem·

1466 3005 1614 3075 poris
1637 3020 1752 3055 esse
1771 3003 2047 3075 praedicatu
2073 3003 2337 3075 improbat
2359 3002 2477 3055 diu-

1468 3085 1633 3136 tinam
1652 3082 1799 3135 illam
1818 3085 2246 3135 exercitationem
2265 3082 2365 3155 (§§.
2393 3102 2410 3135 1
2423 3084 2473 3149 5,

1474 3162 1587 3234 16);
1616 3176 1667 3214 et
1695 3181 1763 3215 ne
1789 3165 1905 3233 quis
1933 3162 2182 3232 objiciat,
2215 3166 2357 3236 ipsas
2387 3183 2474 3216 ar-

1468 3245 1600 3294 tium
1633 3242 1938 3314 disciplinas
1970 3244 2192 3297 multum
2220 3246 2477 3316 temporis

1469 3321 1781 3387 absumere,
1814 3321 1925 3374 haec
1947 3322 2107 3375 verba
2135 3323 2283 3375 addit
2309 3346 2321 3375 ε
2355 3324 2478 3376 Dis-

1470 3401 1623 3454 cendt'
1645 3403 1805 3467 ratio,
1830 3416 1931 3454 etc.
1956 3404 2073 3454 Jam
2093 3422 2269 3455 rerum
2295 3406 2481 3474 cogni·

1473 3481 1670 3532 tionem
1693 3480 1777 3532 vel
1798 3482 1911 3533 sine
1932 3480 2107 3534 studio
2133 3481 2478 3554 adipiscimur

1469 3578 1572 3613 usu
1613 3559 1923 3631 quotidiano
1960 3584 1972 3613 ε
2017 3562 2262 3615 concedit
2298 3578 2478 3617 tamen

1466 3638 1688 3706 Quintil.
1705 3658 1842 3711 opus
1861 3658 1976 3693 esse
1998 3640 2154 3693 simul
2174 3641 2386 3695 assidua
2406 3642 2480 3695 le-

1467 3721 1659 3771 ctione.
1699 3721 1798 3772 Hie
1821 3722 2003 3793 itaque
2026 3723 2200 3774 statim
2227 3722 2477 3775 offendor

1466 3798 1558 3850 illo
1591 3809 1644 3850 et
1676 3811 1851 3852 tamen
1884 3820 2042 3872 quam
2077 3800 2478 3855 multomm...!

1467 3876 1639 3930 Sentis
1664 3880 1834 3943 enim,
1863 3877 1968 3930 hoc
1993 3897 2101 3930 non
2128 3896 2242 3932 esse
2271 3898 2333 3931 ex
2360 3897 2474 3932 ser-

1470 3974 1629 4008 mone
1652 3974 1761 4026 qno
1787 3956 2168 4028 respondeatur
2188 3955 2264 4009 illi
2293 3976 2478 4028 quere·

1469 4032 1551 4086 loe.
1572 4035 1614 4085 F
1616 4034 1804 4086 utentis
1823 4047 1875 4085 et
1896 4053 2017 4086 mox
2037 4037 2340 4106 responsuri
2360 4050 2475 4088 erat

1470 4108 1691 4186 simplex
1731 4123 1924 4165 tamen.
1961 4114 2139 4181 Quare
2177 4132 2340 4185 quum
2377 4113 2476 4166 ali-

1472 4204 1608 4265 quot
1627 4190 1780 4262 libri,
1801 4191 2016 4245 minoris
2044 4210 2172 4245 sane
2191 4191 2269 4246 illi
2290 4204 2479 4246 aucto·
