3200 5159
614 1140 679 1194 31

717 415 846 502 534
1279 421 1374 486 Μ.
1415 418 1643 483 FABII
1683 415 2240 501 QUINTILIANI

611 561 681 615 30
719 547 948 618 Duras
996 565 1063 619 et
1108 544 1262 618 illa¹
1315 544 1618 644 syllabas
1649 544 1858 632 facit,
1906 569 2062 641 quae
2106 540 2195 614 ad
2243 533 2820 640 ²conjungendas

721 661 1012 734 demum
1058 661 1396 763 subjectas
1438 661 1569 734 sibi
1612 659 1875 733 vocales
1919 679 2018 732 est
2060 657 2244 730 utilis
2265 654 2321 747 3,
2370 656 2537 728 alias
2583 679 2820 751 super·

719 801 978 867 vacua3
1006 796 1083 849 ut
1109 774 1361 878 equos4
1384 776 1516 849 hac
1546 797 1615 849 et
1641 801 1895 878 equum
1924 774 2330 862 scribimu53
2359 798 2582 869 quum
2606 767 2818 843 etiam

720 888 931 989 ipsae⁵
980 890 1084 962 hae
1131 891 1399 964 vocales
1445 891 1601 964 duae
1648 890 1955 964 efficiant
2001 915 2258 962 sonum
2285 945 2306 978 ,
2353 886 2580 985 qualis
2626 880 2820 982 apud

724 1005 1046 1081 Graecos⁶
1088 1008 1325 1081 nullus
1354 1031 1485 1098 est,
1518 1009 1817 1108 ideoque
1850 1007 2054 1082 scribi
2088 1006 2372 1079 illorum
2400 1001 2636 1076 litteris
2672 1025 2819 1072 non

722 1144 966 1222 potest.
994 1124 1234 1216 Quidv
1254 1124 1283 1196 ?
1304 1125 1493 1225 quod
1519 1123 1848 1225 pleraque
1879 1149 2005 1196 nos
2032 1122 2181 1211 illa,
2208 1120 2405 1220 quasi
2428 1116 2819 1216 mugiente,

804 1289 849 1323 1.
890 1272 964 1324 Et
1005 1269 1119 1325 illa.
1162 1274 1411 1328 Littermn
1439 1295 1472 1348 q
1511 1275 1734 1328 indicari

724 1350 977 1423 exemplis
993 1352 1237 1424 patebat;
1262 1354 1456 1407 addere
1473 1374 1609 1427 opus
1625 1374 1735 1408 non

724 1444 856 1485 erat.
896 1433 1080 1503 ltaque
1105 1431 1456 1504 obsequiosos
1488 1454 1587 1488 nos
1624 1453 1733 1487 non

722 1509 923 1563 invenit
947 1513 1225 1583 imperium
1246 1512 1380 1567 illud
1403 1516 1465 1568 G.
1493 1517 1531 1567 1.
1561 1516 1737 1567 vossii

725 1586 795 1639 de
820 1590 883 1640 A.
909 1589 972 1641 G.
992 1592 1039 1654 1,
1068 1607 1132 1643 22
1163 1594 1330 1666 ipsam
1352 1593 1583 1646 litteram
1611 1593 1733 1646 loco

720 1671 1054 1741 pronominis
1079 1670 1177 1724 illa
1198 1691 1455 1745 reponere
1462 1674 1704 1746 jubentis
1719 1695 1732 1725 ε

724 1748 851 1800 satis
874 1749 1155 1819 pinguiter.
1180 1781 1252 1791 —
1273 1751 1401 1805 lnde
1422 1766 1569 1824 patet
1591 1771 1739 1805 error

724 1825 923 1879 Rolliui
948 1827 1175 1882 litteram
1200 1850 1238 1883 u
1262 1832 1618 1904 intelligentis.
1640 1837 1733 1886 En.

801 1921 849 1956 2.
863 1904 950 1958 Ad
962 1910 1402 1985 conjungendas...
1413 1910 1549 1966 alias
1560 1933 1739 1986 super·-

728 2005 914 2038 vacua.
956 1988 1151 2041 Littera
1177 2010 1209 2064 q
1235 2009 1333 2044 sua
1368 1996 1533 2065 ipsius
1568 1997 1620 2046 vi
1664 1993 1738 2046 nil

728 2063 911 2118 differt
934 2064 1001 2119 ab
1029 2067 1117 2120 illa
1141 2089 1171 2122 c
1191 2091 1203 2121 ε
1231 2090 1557 2144 supervacua
1580 2076 1740 2144 igitur

729 2143 898 2209 foret,
918 2146 1018 2196 nisi
1039 2146 1235 2200 indicio
1255 2165 1421 2217 esset,
1444 2152 1736 2222 subjectam

730 2219 831 2272 tibi
856 2241 885 2273 v
903 2239 1023 2274 curn
1045 2222 1206 2277 altera
1226 2228 1397 2281 vocali
1419 2231 1744 2300 coniungen-

733 2297 855 2350 dam
880 2315 1022 2364 esse;
1052 2315 1111 2353 ut
1133 2306 1187 2355 in
1209 2303 1311 2356 illis
1333 2307 1423 2378 qvi
1444 2319 1498 2358 et
1520 2325 1741 2380 aquam,-

736 2396 850 2451 quae
885 2382 927 2433 si
954 2399 982 2433 c
1000 2379 1173 2434 littera
1191 2385 1518 2453 scribantur,
1551 2386 1743 2439 distin-

734 2459 833 2509 ctis
856 2457 1128 2513 vocalibus
1148 2476 1338 2516 sonent
1361 2465 1471 2532 cvi,
1499 2484 1702 2518 acuam,

805 2537 854 2588 3.
885 2535 1065 2603 Utilis,
1084 2537 1233 2594 alias.
1246 2543 1517 2596 Turicens.
1535 2543 1743 2610 Guelf.‚

734 2616 938 2670 utilitas
950 2618 1112 2686 alius,
1127 2638 1248 2676 cum
1262 2625 1417 2676 Voss.
1443 2639 1460 2673 ι
1479 2661 1497 2687 ‚
1514 2624 1573 2691 3,
1589 2626 1741 2675 Bern.

734 2691 896 2761 Quod
938 2695 1116 2748 auiem
1142 2715 1327 2750 vocem
1364 2700 1508 2753 utilis
1544 2703 1600 2753 in
1640 2712 1743 2751 vet.

738 2772 938 2827 Codice
959 2776 1131 2829 omitti
1143 2790 1360 2831 notatur
1375 2780 1428 2831 in
1446 2798 1610 2850 marg.
1629 2780 1744 2830 Bas.

736 2851 806 2904 ad
821 2853 1067 2906 voculam
1085 2867 1147 2908 ut
1166 2857 1498 2911 referendum
1521 2859 1745 2911 videtur.

737 2933 890 2985 Hanc
906 2934 1047 2985 enim
1061 2937 1312 2988 omittunt
1320 2937 1593 2994 Turicens.
1605 2937 1746 2990 Flor.

737 3010 915 3065 Guelf.
933 3012 1093 3066 Goth.
1110 3017 1273 3068 Cam».
1295 3035 1418 3069 eum
1434 3019 1587 3071 vose.
1614 3036 1633 3070 1
1652 3058 1671 3086 ‚
1689 3036 1718 3071 α
1732 3057 1750 3085 ,

739 3091 806 3156 3,
844 3091 938 3143 sed
975 3105 1056 3145 est
1089 3096 1142 3145 in
1182 3096 1332 3147 Bern-
1359 3108 1412 3147 et
1445 3096 1670 3149 fortasse
1692 3096 1748 3146 in

737 3171 997 3226 AlmeloV.
1025 3172 1174 3245 (vide
1198 3176 1349 3248 mox)
1371 3195 1546 3250 neque
1571 3194 1747 3227 carere

739 3269 802 3303 ea
828 3269 1127 3322 possumus.

814 3331 867 3398 4.
920 3332 991 3383 Ut
1019 3352 1175 3406 equos
1204 3333 1301 3386 hac
1338 3344 1393 3385 et
1420 3352 1644 3406 equum3
1672 3335 1748 3387 sic

735 3410 897 3483 plene
925 3425 978 3464 et
1013 3412 1206 3466 diserte
1247 3415 1500 3485 scriptum
1527 3413 1751 3465 affertur

739 3508 807 3541 ex
827 3489 982 3543 Bern.
1005 3492 1184 3564 Equos
1211 3491 1263 3545 h.
1289 3511 1333 3545 e.
1364 3511 1509 3544 ecum
1526 3533 1543 3560 ,
1567 3493 1744 3544 Turic-

736 3567 802 3641 (ο
829 3569 969 3623 Flor.
1011 3582 1064 3623 et
1087 3590 1280 3644 equum
1322 3585 1527 3626 tantum
1564 3585 1750 3625 enota-

737 3649 982 3717 tum,⁸ed
997 3653 1070 3704 ita
1083 3664 1143 3704 ut
1155 3654 1414 3705 incertum
1434 3657 1530 3718 sit,
1547 3671 1611 3705 ae
1625 3671 1751 3724 prae-

662 3772 674 3782 .
736 3725 930 3796 cedat,
962 3732 1178 3802 necne).
1218 3734 1397 3804 Equos
1437 3732 1535 3785 hac
1570 3750 1746 3799 ecum,

737 3808 912 3862 Guelf.
940 3809 1003 3862 E.
1028 3809 1135 3864 hoec
1152 3821 1205 3863 et
1223 3828 1392 3871 «των,
1415 3811 1570 3863 Voss.
1608 3827 1662 3877 ι,
1692 3810 1743 3861 3.

731 3887 800 3939 Ε.
827 3905 975 3960 oeque
995 3906 1146 3955 cum,
1175 3891 1335 3943 Cam.
1363 3890 1429 3940 E.
1459 3906 1608 3961 oeque
1623 3905 1742 3955 cur,

730 3963 892 4017 Goth.
922 3967 1072 4020 Voss.
1098 3985 1145 4021 2.
1175 3968 1245 4019 Ut
1265 3985 1418 4040 equos
1437 3985 1500 4018 ac
1519 3984 1766 4038 (ειμιιιπι,Β

732 4046 921 4118 reliqui
932 4069 950 4112 ς
992 4047 1085 4100 sed
1114 4047 1320 4115 nullus,
1349 4050 1570 4119 opinor,
1597 4046 1740 4099 MS.:

729 4142 855 4177 nam
876 4126 1024 4197 quod
1033 4126 1169 4180 Alm.
1190 4127 1248 4180 in
1266 4125 1514 4179 omnibus
1528 4124 1613 4178 his
1626 4136 1743 4178 ut...

1813 1291 2007 1346 equum
2047 1272 2206 1345 plane
2241 1269 2459 1334 siletur,
2505 1266 2824 1330 Burmanni,

1815 1367 1906 1407 aut
1925 1352 2253 1405 Almeloveni
2271 1349 2605 1419 indiligentiae
2625 1345 2823 1398 tribuo.

1813 1429 2076 1485 Mendoso
2112 1444 2290 1484 autem
2311 1429 2403 1482 illo
2441 1446 2503 1480 ac
2540 1444 2644 1497 ope
2681 1442 2825 1476 nnnc

1815 1514 2137 1584 optimorum
2151 1510 2408 1562 librorum
2423 1507 2674 1559 levamur.
2689 1500 2828 1556 Illud

1814 1604 1992 1644 tamen
2006 1594 2264 1644 incertum
2278 1599 2516 1642 remanet
2526 1626 2542 1652 ‚
2552 1583 2827 1637 dederime

1813 1684 1875 1722 ut
1920 1689 2018 1722 nos
2064 1671 2277 1738 Quint.‚
2320 1686 2387 1719 an
2433 1683 2590 1739 equos
2630 1661 2728 1713 hac
2777 1672 2831 1713 et

1814 1767 2040 1823 aequum.
2068 1748 2168 1803 Sed
2198 1767 2363 1820 quum
2386 1745 2602 1798 diversa!
2621 1755 2829 1795 tantum

1814 1841 1939 1900 post
1966 1848 2002 1880 u
2032 1826 2242 1880 vocales
2272 1824 2484 1878 ostendi
2522 1823 2831 1888 debuerint,

1821 1907 1966 1979 quod
1984 1909 2038 1959 in
2059 1926 2166 1958 uno
2191 1924 2406 1958 nomine
2430 1921 2592 1977 equus
2606 1901 2719 1954 fieri
2735 1918 2833 1972 po—

1820 2001 1982 2054 terat,
2029 1986 2157 2040 nihil
2197 1986 2343 2057 quod
2383 2004 2494 2038 non
2532 2003 2668 2055 opus
2693 1991 2834 2036 esset

1818 2085 2013 2119 novare
2040 2064 2204 2117 volui.

1890 2144 1941 2198 5.
1967 2146 2146 2196 Etiam
2170 2145 2326 2217 ipsoe5
2370 2144 2444 2195 sic
2470 2143 2650 2194 Turio.
2688 2138 2828 2191 Flor.

1818 2225 1985 2277 Caur.
2001 2224 2177 2275 Guelf.
2195 2222 2358 2275 Goth.
2374 2220 2499 2292 (tac.
2521 2218 2730 2288 Geso.);
2755 2220 2834 2271 in-

1819 2321 1972 2355 verso
2007 2301 2191 2353 ordine
2216 2299 2421 2370 reliqui.
2457 2298 2669 2350 Hecales
2691 2297 2795 2349 due
2811 2334 2831 2363 ,

1821 2381 1963 2435 Flor.
1984 2382 2114 2433 Haec
2133 2400 2180 2432 v.
2198 2379 2249 2431 d.
2264 2419 2283 2447 ‚
2306 2379 2482 2432 Guelf.
2508 2379 2564 2433 V
2558 2377 2725 2430 ocules
2745 2377 2799 2428 d.
2815 2415 2834 2442 ‚

1824 2464 2021 2514 omisso
2041 2460 2358 2533 pronomine
2380 2457 2517 2509 Alm.
2537 2459 2681 2509 Jens.
2708 2455 2833 2525 (tac.

1822 2542 2019 2612 Gesn.)
2039 2554 2092 2593 et
2115 2538 2236 2592 edd.
2263 2551 2406 2610 post.
2437 2550 2559 2589 ante
2579 2538 2745 2591 Stoer.
2761 2565 2833 2576 -

1823 2623 2005 2675 Nostri
2017 2619 2187 2672 Codd.
2201 2658 2218 2686 ,
2241 2619 2398 2670 etiam
2415 2618 2554 2689 ipsoe.
2578 2617 2833 2669 Caeterum

1826 2700 2026 2753 eadem.
2050 2702 2143 2752 En.

1897 2779 2125 2851 &Apud
2138 2777 2680 2833 Grecos-NamGraeci
2693 2774 2836 2827 hune

1828 2877 2018 2913 sonum
2050 2858 2224 2911 solent
2259 2869 2463 2910 mutare
2500 2858 2556 2908 in
2583 2876 2666 2918 ου,
2699 2872 2838 2905 non-

1827 2957 2100 3010 nunquam
2118 2939 2437 3009 quoqueinv
2453 2935 2821 3007 psilon.Tunn.

1901 3034 1949 3089 7.
1972 3020 2114 3089 Quid
2122 3019 2335 3070 ?Turic.
2361 3015 2530 3078 Flor.,
2556 3012 2837 3086 quidquid,

1826 3097 1936 3170 (uti
1968 3111 2020 3150 et
2048 3095 2219 3164 mox).
2253 3093 2435 3166 Quod,
2469 3092 2645 3145 Guelf.
2682 3091 2840 3162 Quasi

1828 3178 2036 3250 ignorat
2067 3178 2226 3228 vitam
2254 3172 2545 3241 cludimus,
2564 3173 2833 3223 Tun-icens.

1826 3256 1968 3308 Flor.
1992 3274 2114 3308 cum
2142 3253 2280 3306 Alm.
2316 3252 2592 3316 cudimus,
2616 3252 2759 3303 Jem.
2784 3261 2837 3301 et

1828 3334 1952 3389 edd.
1967 3347 2091 3388 ante
2111 3333 2280 3396 Basil„
2293 3349 2407 3386 exc.
2425 3331 2541 3383 Ald.
2560 3327 2835 3396 Elidimus,

1826 3414 1982 3468 Basil.
2010 3433 2072 3466 ex
2097 3413 2260 3479 mala,
2305 3425 2362 3464 ut
2389 3411 2625 3476 videtur,
2658 3427 2838 3462 emen-

1829 3494 2062 3546 datione.
2111 3493 2176 3543 In
2219 3512 2323 3565 qua
2360 3491 2381 3558 (
2401 3509 2499 3563 pro
2542 3507 2623 3554 m,
2661 3485 2837 3561 qua,)

1827 3576 2004 3626 Turio.
2028 3572 2169 3624 Flor.
2197 3570 2468 3622 Guelferb.
2494 3568 2658 3622 Goth.
2680 3571 2832 3637 (apr.

1826 3670 1988 3704 manu
2012 3669 2110 3703 err.
2136 3649 2331 3719 Gesn.)
2358 3649 2524 3701 Cam».
2549 3665 2671 3699 cum
2698 3645 2832 3698 Alm.

1825 3734 1980 3783 Voss.
1998 3747 2025 3782 2
2038 3766 2057 3794 ‚
2074 3730 2106 3782 3
2120 3731 2309 3793 ,Ἥβα-ιι.
2326 3730 2470 3780 Jens.
2494 3740 2547 3778 et
2561 3738 2702 3798 post.
2716 3737 2836 3778 ante

1826 3808 1955 3861 Bad.
1991 3810 2238 3862 Nostram
2271 3819 2459 3877 praeter
2484 3804 2716 3857 Gothan.
2748 3803 2838 3873 qni

1827 3891 1944 3942 voci
1968 3889 2022 3940 in
2048 3889 2460 3960 superscriptum
2499 3884 2662 3937 habet
2682 3902 2723 3936 s.
2752 3902 2834 3949 m,

1824 3967 1929 4021 boc
1945 3981 2027 4020 est
2043 3969 2148 4019 sive
2165 3985 2218 4017 m
2231 4005 2249 4033 ,
2274 3986 2303 4017 e
2320 3967 2526 4037 scriptis
2546 3964 2692 4016 solus
2711 3962 2836 4015 dare

1823 4047 2031 4099 videtur
2046 4048 2199 4098 Voss.
2234 4042 2554 4095 1.—Nostri
2582 4040 2713 4094 dant
2742 4037 2831 4092 alii

1824 4145 1912 4193 m,
1935 4146 2067 4202 qua‚·
2089 4124 2176 4179 alii
2193 4124 2251 4176 in
2270 4143 2392 4198 qua.
2416 4124 2510 4176 En.
