3200 5159
642 430 1296 506 INSTITUTIONIS
1331 437 1588 504 ORAT.
1633 439 1794 503 LIB.
1833 438 1993 518 ΧΠ,
2037 459 2097 503 2.

2295 435 2418 522 445

314 563 481 656 lem,
508 563 883 655 moralem,
915 562 1319 636 rationalem
1331 592 1357 647 ;
1390 589 1530 662 qua
1571 561 1892 634 tandem¹
1934 589 2078 635 non
2122 584 2224 636 est
2251 589 2416 635 cum

315 681 603 754 oratoris
622 707 830 781 opere
846 677 1256 782 conjuncta?
1273 682 1457 752 Nam
1474 700 1555 753 ut
1568 679 1893 753 ordinem
1911 701 2088 753 retro
2099 707 2416 781 agamuS‚

318 796 406 869 de
435 795 689 869 ultima
720 797 841 895 illa
854 810 908 888 ²,
945 822 1100 894 quae
1133 814 1276 868 tota
1305 815 1616 868 versatur
1643 797 1717 868 in
1749 795 2009 887 verbis,
2040 823 2252 870 nemo
2285 797 2420 870 du-

318 910 672 1003 bitaverit,
716 905 838 983 si3‘
863 930 933 983 et
974 910 1423 1010 proprietates
1460 909 1648 982 vocis
1690 910 2031 1011 cujusque
2073 937 2305 1004 nosse,
2337 913 2420 985 'et

320 1026 661 1126 ambigua
703 1025 1011 1126 aperire,
1056 1044 1125 1097 et
1164 1024 1488 1125 perplexa
1532 1023 1953 1117 discernere,
1997 1047 2065 1098 et
2103 1025 2190 1098 de
2233 1025 2419 1100 falsis

309 1141 665 1244 judicat-ej
700 1163 767 1215 et
792 1133 1116 1241 colligere
1144 1166 1224 1213 ac
1257 1139 1624 1232 resolvere,
1653 1167 1809 1241 quae
1827 1141 2027 1233 velis,
2063 1149 2416 1217 oratorum

316 1279 419 1331 est
430 1257 484 1329 4.
506 1257 964 1356 Quamquam
983 1282 1065 1328 ea
1081 1253 1109 1301 ⁵
1139 1281 1285 1328 non
1312 1275 1455 1326 tam
1489 1275 1589 1327 est
1615 1255 1888 1329 minute
1915 1278 2121 1357 atque
2146 1257 2422 1329 concise

319 1373 396 1446 in
421 1372 810 1446 actionibus
834 1369 1176 1442 utendum
1195 1426 1214 1457 ‚
1246 1395 1462 1469 quam
1491 1367 1564 1441 in
1594 1369 2184 1469 disputationibus
2201 1403 2221 1462 ;
2256 1371 2423 1470 quia

318 1514 466 1562 non
506 1487 753 1560 docere
788 1485 1038 1575 mode,
1074 1483 1193 1557 sed
1236 1510 1514 1557 movere
1547 1482 1757 1559 etiam
1800 1512 1882 1557 ac
1920 1485 2256 1560 delectare
2288 1513 2421 1558 au-

321 1602 593 1675 dientes
627 1600 831 1674 debet
858 1620 1084 1673 orator
1103 1629 1124 1689 ;
1159 1599 1253 1674 ad
1291 1599 1480 1698 quod
1517 1598 1791 1700 impetu
1824 1626 2106 1701 quoque
2134 1628 2213 1673 ac
2249 1600 2418 1673 viri-

317 1716 454 1790 bus
483 1715 594 1789 et⁶
625 1714 870 1788 decore
895 1735 995 1787 est
1018 1740 1228 1814 opus:
1259 1734 1338 1786 ut
1358 1712 1459 1786 vis
1479 1726 1504 1774 ⁷
1536 1713 1861 1788 amnium
1890 1715 2115 1817 major
2137 1734 2241 1789 est
2266 1714 2421 1787 altis

319 1831 527 1933 ripis,
554 1830 920 1929 multoque
940 1830 1230 1930 gurgitis
1252 1849 1470 1901 tractu
1495 1827 1876 1902 fluentium
1892 1887 1913 1923 ,
1947 1856 2164 1930 quam
2189 1829 2421 1903 tenuis

320 1976 551 2050 aqum,
592 1970 662 2022 et
694 1948 970 2051 objectu
1002 1946 1402 2047 lapillorum
1435 1945 1870 2037 resultantis3
1906 1967 1972 2019 et
2006 1944 2128 2020 ut8
2172 1948 2422 2048 palaes-

320 2094 399 2146 cie
423 2088 643 2159 φυσικὴ,
667 2088 848 2152 donauit,
876 2087 1079 2157 λογικίν.
1111 2091 1329 2143 omn.

402 2191 448 2225 1.
483 2173 597 2244 Qua
623 2171 863 2234 tandem3
888 2173 962 2225 sic
983 2170 1231 2224 Ambros.
1265 2189 1293 2223 α
1311 2209 1330 2240 ,

320 2251 589 2306 Guelferb.
614 2271 735 2305 cum
750 2252 900 2304 Bern-
923 2252 1095 2322 Quam
1120 2263 1294 2306 tamen
1310 2292 1330 2320 ‚

320 2332 597 2385 Turicens.
621 2331 751 2401 Quoe
773 2343 974 2397 umen,
994 2331 1137 2383 Flor.
1166 2333 1331 2385 Cim.

324 2430 450 2464 cum
472 2408 659 2462 Almel.
695 2409 823 2481 Quoe
846 2410 1087 2477 tandem,
1122 2408 1330 2482 reliqui.

323 2488 570 2565 Agimus,
592 2490 768 2540 Turio.
789 2486 930 2540 Flor.
949 2488 1114 2540 Cau».
1132 2488 1200 2540 In
1221 2506 1331 2540 ver-

322 2567 399 2621 bis
418 2569 667 2620 omittunt
677 2568 855 2619 Turio.
872 2565 1012 2619 Flor.
1033 2567 1334 2638 Cujuscum·

325 2665 455 2720 que,
471 2649 647 2699 Turic.
667 2644 830 2697 Goth.
848 2644 972 2715 (tac.
989 2644 1187 2715 Genu).
1206 2644 1333 2698 Nos-

324 2737 401 2778 set
419 2725 585 2791 amb,
605 2726 782 2777 Turic.
804 2723 942 2775 Flor.
965 2722 1084 2794 (hie
1109 2742 1139 2776 a
1162 2725 1332 2795 prima

325 2822 487 2856 manu
508 2803 716 2874 noscet).
737 2804 905 2856 Nosce
921 2813 974 2854 ee
991 2822 1042 2854 α.
1057 2842 1075 2870 ,
1097 2801 1215 2855 Ald.

403 2902 451 2936 2.
478 2881 602 2935 Illa.
626 2884 889 2938 Omittunt
913 2883 1063 2937 Poul.
1099 2895 1153 2937 et
1188 2880 1333 2956 apud

327 2964 502 3032 Bur-m.
520 2966 672 3015 Voss.
699 2963 750 3017 3.
778 2963 872 3014 En.

401 3040 453 3094 3.
478 3040 608 3095 Si...
647 3051 912 3093 oratorum
943 3051 1031 3094 est.
1063 3041 1269 3093 Dicitur
1292 3039 1336 3093 si

326 3138 430 3191 pro
457 3117 879 3191 siquidem.Vide
903 3121 957 3184 1,
983 3136 1011 3172 2
1030 3157 1046 3185 ,
1078 3137 1171 3190 ¹73
1208 3121 1335 3172 item

331 3199 408 3263 11,
429 3200 520 3267 14,
545 3197 609 3264 43
637 3211 691 3249 et
712 3196 975 3251 Drakenb.
1004 3197 1074 3250 ad
1092 3199 1335 3263 Limvn,

338 3278 433 3343 13,
457 3279 509 3331 6.
546 3274 802 3350 Colligere
827 3296 889 3330 ac
918 3276 1190 3344 resolvere,
1224 3296 1337 3350 quae

330 3357 615 3410 manifesto
656 3356 757 3409 sibi
796 3357 1020 3409 invicem
1056 3375 1341 3429 opponun-

330 3449 436 3504 tur,
468 3436 615 3508 prius
644 3435 991 3487 ratiocinandi
1014 3436 1098 3488 τοῦ
1121 3434 1343 3501 συλλογί-

330 3514 522 3585 ζεσθαι,
548 3515 770 3568 alterum
790 3514 1056 3587 refirtandi
1077 3527 1341 3588 potestate

331 3594 659 3667 accipienda.
679 3597 741 3647 ln
759 3592 1084 3663 resolvendo,
1105 3594 1224 3648 vide
1246 3594 1337 3647 lib.

333 3678 400 3741 V,
425 3695 543 3748 cap.
575 3676 666 3741 13,
694 3677 745 3744 S.
784 3692 860 3728 12.

403 3756 454 3822 4.
482 3755 757 3807 Orator-um
782 3765 883 3816 est,·
906 3754 983 3806 sic
1004 3756 1181 3807 Turio.
1198 3753 1337 3807 Flor.

336 3833 518 3886 Ambr.
550 3853 612 3901 τι,
646 3833 821 3886 Guelf.
856 3834 1019 3885 CAnr.
1054 3850 1175 3885 cum
1202 3834 1338 3886 Alm.

333 3918 489 3968 Voss.
520 3933 568 3982 1,
584 3915 655 3982 3,
677 3917 833 3967 Bern.
866 3916 1094 3968 oratoris
1110 3926 1209 3980 est,
1233 3915 1344 3968 reli·

335 3994 751 4067 qui.—Eadern
784 3996 967 4047 nostri.
998 3997 1248 4048 Praeterea
1278 3997 1339 4047 R.

338 4074 374 4128 8
390 4113 408 4141 ,
430 4077 715 4129 oratorium
736 4089 824 4128 est.
851 4077 945 4128 En.

414 4152 466 4207 5.
505 4155 606 4208 Ea.
649 4154 856 4218 Guelf.‚
894 4171 1065 4209 causa.
1097 4151 1228 4207 Vide
1256 4156 1347 4222 IV,

1418 2105 1465 2157 1,
1492 2091 1709 2162 19;IX,
1729 2087 1791 2157 4,
1815 2090 1902 2144 63.
1926 2089 1988 2143 Si
2012 2108 2110 2162 pro
2138 2100 2213 2141 est
2234 2088 2415 2144 Turio.

1407 2170 1550 2224 Flor.
1577 2171 1836 2238 Conscise,
1851 2169 2013 2223 Cn'n’.
2031 2168 2166 2222 Vide
2183 2168 2275 2221 lib.
2291 2170 2415 2236 ΧΗ,

1410 2269 1529 2324 cap.
1560 2269 1606 2318 ι,
1630 2248 1677 2321 3.
1709 2266 1794 2305 20.

1482 2331 1534 2384 6.
1555 2330 1638 2383 Ac
1656 2329 1846 2382 viribus
1870 2339 1949 2394 et,·
1972 2331 2046 2383 sic
2063 2330 2243 2381 Turio.
2266 2330 2347 2381 De
2365 2349 2414 2382 v.

1411 2423 1493 2476 et,
1522 2409 1754 2462 Floreat.
1780 2409 1854 2461 Et
1870 2428 1918 2460 v.
1936 2427 2030 2474 ac,
2059 2407 2267 2480 reliqui.
2295 2409 2352 2463 V
2346 2408 2420 2464 isa

1409 2491 1596 2562 major,
1612 2491 1790 2542 Turio.
1811 2488 1903 2542 Vis
1922 2487 1983 2539 αϊ
1996 2489 2185 2559 major,
2194 2491 2347 2541 Voss.
2372 2506 2419 2555 1,

1411 2573 1461 2626 3.
1488 2572 1748 2643 Majonem
1785 2588 1884 2641 pro
1916 2588 1988 2621 m.
2014 2578 2118 2635 est,
2140 2567 2323 2621 Ambr.
2353 2584 2416 2635 ²,

1410 2650 1587 2704 Guelf.
1606 2649 1771 2721 Ripus
1783 2645 2076 2722 multosque
2088 2647 2309 2723 yur-gitis
2321 2665 2420 2720 que

1411 2729 1607 2796 tenuis,
1625 2728 1857 2782 Florem.
1880 2725 2111 2798 (omissis
2135 2736 2281 2779 tract.
2284 2726 2419 2803 flu)

1417 2805 1582 2877 Quem
1608 2805 1797 2873 tenuis,
1822 2806 1999 2858 Turic.
2028 2801 2132 2858 sed
2164 2803 2301 2857 Alm.
2329 2804 2418 2857 hic

1412 2884 1629 2937 turbare
1651 2896 1911 2950 narratur,
1938 2885 2029 2955 qui
2051 2896 2285 2936 monstra
2303 2883 2422 2936 Flo·

1412 2967 1620 3017 rentina
1648 2964 1894 3035 preferre
1923 2976 2002 3016 est
2026 2962 2313 3035 putandus·
2339 2970 2364 2993 ⁶

1486 3059 1537 3113 7.
1576 3041 1649 3095 Ut
1672 3041 1749 3095 vis
1767 3040 2031 3093 amnium.
2048 3079 2061 3092 .
2077 3080 2090 3093 .
2116 3040 2421 3097 resultantis.

1413 3121 1853 3176 Luculentissima
1877 3120 2163 3174 similitudo
2179 3159 2196 3187 ,
2222 3121 2317 3175 sed
2339 3139 2425 3175 ea-

1416 3199 1539 3254 dem
1579 3201 1693 3253 fere
1733 3198 1885 3252 alteri
1914 3203 1979 3265 V,
2023 3199 2118 3267 14,
2158 3200 2220 3253 31
2244 3222 2259 3264 ;
2303 3200 2423 3254 vide

1417 3279 1543 3345 ΧΠ,
1565 3294 1649 3344 ιο,
1667 3276 1750 3331 25.
1769 3279 1948 3330 Minus
1971 3275 2077 3329 huc
2095 3278 2253 3347 facit,
2279 3278 2423 3351 quod

1420 3370 1695 3430 comparat
1727 3357 2054 3409 Burmannus
2076 3360 2143 3424 V,
2166 3358 2197 3411 8
2214 3395 2231 3426 ‚
2262 3375 2291 3411 α
2309 3396 2329 3425 ,
2357 3356 2427 3410 ad

1422 3455 1581 3509 quem
1598 3436 1778 3488 locum
1801 3434 2103 3488 decurrendi
2122 3445 2344 3489 tractum
2364 3437 2428 3489 si-

1421 3514 1633 3570 milibus
1657 3513 1869 3567 dicendi
1893 3514 2173 3586 generibus
2206 3535 2235 3568 e
2260 3518 2430 3588 scrip-

1420 3594 1627 3647 toribus
1648 3594 1890 3666 illustrat.
1907 3596 1964 3645 In
1982 3591 2294 3660 resultando,
2312 3594 2429 3647 vide

1420 3677 1526 3742 IX,
1555 3675 1620 3742 4,
1645 3674 1746 3739 66,
1776 3674 2017 3740 83;X1‚
2041 3674 2107 3742 3,
2133 3673 2429 3743 183;x11‚

1428 3772 1524 3821 ro,
1551 3754 1651 3825 733
1678 3755 1831 3818 vm,
1858 3753 1922 3819 3,
1952 3752 2037 3806 56.

1494 3833 1544 3886 8.
1573 3834 1645 3886 Et
1669 3845 1741 3884 ut.
1761 3834 1940 3884 Turic.
1965 3832 2104 3884 Flor.
2130 3832 2324 3898 Cannu,
2346 3832 2435 3886 sed

1423 3921 1495 3964 ut.
1520 3911 1729 3977 Τηνία,
1766 3910 2005 3982 pmstici.
2032 3912 2225 3977 emm,
2254 3930 2434 3964 nervos

1425 4002 1647 4059 vocant,
1674 4010 1796 4043 cum
1819 3990 2099 4044 Andreana
2117 4028 2133 4057 ‚
2157 3990 2277 4043 ΔΜ.
2302 3991 2430 4044 Bad.

1425 4072 1580 4124 Basil.
1632 4085 1682 4124 et
1726 4069 1929 4142 aliquot
1973 4072 2258 4124 Burmanni
2279 4109 2296 4137 ‚
2342 4074 2432 4145 qui

1427 4151 1668 4208 eamdem
1708 4150 2065 4225 corruptelam
2107 4149 2435 4205 demonstrat

2463 1973 2522 2011 12
