3200 5159
699 525 827 611 474

1263 520 1358 586 M.
1397 521 1625 586 nnn
1663 501 2222 605 Qum'rmmt

691 644 868 718 bum
904 643 1328 744 proferatur:
1362 670 1528 716 nam
1561 643 1729 717 inde
1752 665 1820 717 et
1837 665 2281 744 contemptus
2304 646 2533 745 operis
2559 646 2798 719 innas-

692 760 869 834 citur
888 773 938 848 ¹‚
969 779 1041 831 et
1063 758 1532 831 fundamenta
1550 758 1912 860 jaciuntur
1944 759 2433 860 impudentiae,
2465 781 2564 849 et,
2601 762 2793 861 quod

693 894 795 948 est
843 874 1110 974 ubique
1156 873 1824 974 perniciosissimum
1856 931 1876 965 ‚
1925 876 2255 975 praevenit
2295 876 2472 950 vires
2516 877 2795 949 fiducia.
2877 906 2882 910 ·

617 1014 651 1068 3
692 993 838 1063 Nec
866 1017 1101 1063 rursus
1121 989 1598 1064 differendum
1615 1005 1642 1036 ²
1675 1011 1775 1064 est
1802 991 2206 1063 tirocinium
2238 993 2310 1064 in
2335 1013 2795 1064 senectutem:

687 1131 861 1178 nam
883 1106 1195 1203 quotidie
1216 1126 1444 1179 metus
1467 1106 1745 1198 crescit,
1772 1107 2142 1209 majusque
2164 1107 2242 1179 fit
2265 1133 2573 1207 semper,
2604 1107 2797 1207 quod

690 1220 928 1292 ausuri
957 1247 1239 1308 sumus;
1275 1240 1373 1310 et,
1412 1219 1585 1293 dum
1618 1221 2127 1313 deliberamus,
2161 1222 2445 1320 quando
2471 1222 2804 1321 incipien-

691 1335 868 1407 dum
900 1335 1020 1427 sit,
1058 1336 1364 1436 incipere
1382 1337 1537 1438 jam
1566 1355 1804 1409 serum
1834 1359 1969 1410 est:
2006 1361 2220 1437 quare
2254 1337 2607 1410 fructum³
2646 1358 2799 1411 stu-

690 1534 903 1602 negatlo
942 1547 1050 1583 non
1090 1532 1324 1595 credet-Q
1362 1531 1485 1586 ilico
1526 1543 1703 1585 tamen

688 1613 913 1664 sentitur
936 1623 989 1662 et
1013 1625 1251 1674 causaet
1276 1614 1503 1663 maxima
1527 1611 1702 1664 diver-

691 1693 850 1754 sitas,
876 1709 941 1742 eo
974 1691 1118 1760 quod
1148 1706 1258 1742 non
1292 1689 1359 1742 ad
1383 1690 1605 1743 verbum
1637 1687 1704 1741 li-

688 1780 769 1822 cet
791 1767 1081 1840 repetenda
1107 1781 1185 1820 est
1210 1770 1453 1838 negatio,
1477 1769 1549 1819 ita
1574 1779 1634 1818 ut
1655 1779 1707 1820 et

692 1846 815 1900 lieet
830 1860 971 1900 esset
985 1865 1083 1919 pro
1099 1861 1195 1898 nec
1210 1847 1360 1910 lebet,-
1384 1846 1529 1919 quod
1545 1847 1705 1918 longe

690 1925 853 1980 alium
894 1927 969 1979 ibi
1008 1938 1061 1978 et
1097 1929 1450 1998 incongruum
1491 1942 1704 1980 sensum

688 2007 942 2059 efficeret.
977 2006 1077 2057 nic
1098 2019 1225 2057 vero
1250 2015 1317 2056 et.
1334 2043 1345 2055 .
1363 2045 1374 2057 .
1407 2003 1711 2077 proferatur

690 2084 849 2157 plane
874 2096 954 2137 est
978 2082 1119 2135 idem
1140 2082 1287 2153 quod
1312 2098 1552 2154 neque...
1577 2098 1709 2152 pro-

677 2170 910 2243 feratur.
924 2169 1021 2222 Per
1040 2185 1098 2223 se
1118 2167 1277 2239 igitur
1297 2165 1606 2221 tractandus
1627 2176 1707 2217 est

687 2262 872 2302 noster
913 2248 1101 2312 locus;
1154 2261 1312 2319 quem
1369 2248 1464 2317 qni
1517 2257 1706 2297 sanum

681 2325 919 2401 judicat,
965 2343 1108 2380 novo
1145 2324 1475 2398 negligentioe
1510 2337 1705 2396 genere

687 2415 1007 2482 scriptorem
1049 2409 1293 2480 superius
1330 2419 1390 2459 ut
1425 2417 1595 2477 neque
1630 2403 1702 2455 ita

687 2489 831 2542 dicat
872 2490 1163 2560 respexisse
1179 2526 1197 2554 ‚
1241 2487 1392 2558 quasi
1434 2486 1704 2556 scripserit

686 2587 754 2620 ue
772 2579 838 2620 et.
859 2566 1021 2634 Quod
1046 2581 1211 2637 quum
1235 2567 1291 2616 in
1315 2563 1702 2633 Quintilianum

685 2649 771 2699 vix
794 2645 949 2699 cadat
965 2683 982 2710 ‚
1008 2644 1272 2716 reliquum
1293 2655 1373 2694 est
1397 2656 1457 2695 ut
1480 2655 1705 2714 corrup-

685 2737 801 2777 tum
847 2723 1027 2776 locum
1072 2735 1381 2776 statuamus.
1432 2719 1704 2773 Facillima

684 2817 865 2857 autem
904 2801 1201 2874 corrigendi
1239 2815 1361 2854 eum
1399 2803 1535 2853 ratio
1567 2814 1707 2854 esset

688 2899 819 2936 saue
838 2880 963 2948 illa,
1000 2899 1116 2954 quae
1151 2893 1205 2934 et
1236 2881 1367 2934 mihi
1401 2893 1454 2934 et
1488 2878 1704 2933 dnobus

684 2965 868 3016 amicis
891 2960 1217 3014 Schneidero
1259 2973 1311 3012 et
1345 2958 1614 3014 Boeckhio
1647 2963 1703 3013 in

685 3057 916 3096 mentem
958 3044 1133 3094 statim
1170 3043 1345 3107 venit,
1389 3057 1600 3114 quaque
1644 3052 1704 3093 ut

687 3135 781 3175 nec
810 3133 1106 3175 mutaretur
1129 3121 1183 3174 ln
1206 3133 1265 3174 ut
1289 3141 1369 3174 ne.
1386 3125 1582 3174 Verum
1607 3117 1704 3173 hu·

677 3205 768 3274 jus
786 3199 1026 3256 formulae
1048 3215 1175 3253 usus
1200 3200 1345 3273 apud
1368 3200 1469 3254 hos
1489 3203 1702 3274 potissi-

682 3299 832 3334 mum
855 3295 1133 3348 auctores,
1165 3284 1255 3353 qui
1289 3277 1357 3332 ab
1383 3283 1700 3352 antiquitate

685 3363 853 3431 magis
889 3362 1080 3413 remoti
1113 3373 1269 3426 sunt,
1306 3363 1475 3410 rarior
1507 3371 1620 3425 est,
1648 3371 1700 3410 et

684 3455 894 3513 semper
943 3455 1161 3494 causam
1214 3441 1448 3512 aliquam
1498 3439 1699 3501 habet3

685 3521 857 3593 qualis
872 3529 981 3587 est,
1005 3532 1172 3593 quum
1198 3519 1241 3572 is
1262 3522 1352 3592 qui
1373 3517 1610 3590 loquitur
1627 3520 1701 3570 ita

684 3619 871 3654 sensus
905 3597 1189 3673 disponere
1223 3598 1369 3664 vult,
1398 3611 1458 3650 ut
1486 3599 1699 3667 negatio

684 3681 984 3753 pra-figatur
1028 3682 1104 3731 rei
1143 3679 1246 3750 ipsi
1288 3689 1490 3748 negatae
1533 3679 1700 3731 serius

683 3757 946 3832 ponenda
962 3796 979 3823 ,
1006 3773 1114 3829 quo
1140 3754 1281 3807 facto
1307 3764 1541 3807 remanet
1566 3756 1701 3807 utin

683 3840 861 3891 stoute
897 3837 1279 3909 propositionis
1317 3831 1397 3904 (e.
1427 3845 1477 3903 g.
1518 3844 1582 3885 ut
1617 3832 1701 3885 lex

686 3911 835 3990 &fia
877 3928 930 3969 et
971 3913 1185 3970 Valeria
1223 3932 1289 3966 ne
1332 3910 1564 3983 valeat);
1608 3927 1700 3966 aut

685 4011 852 4066 quum
887 4011 1073 4047 sensus
1106 3989 1456 4064 prohibitivus
1486 4005 1539 4043 et
1567 4007 1700 4042 cau-

684 4074 926 4138 tiomtlis,
952 4074 1044 4144 qui
1066 4086 1147 4125 est
1167 4075 1221 4124 in
1242 4068 1467 4144 simplici
1494 4087 1585 4137 ne,
1609 4072 1701 4122 mi·

686 4153 779 4205 nui
803 4151 989 4214 debet,
1016 4148 1160 4221 quod
1180 4169 1208 4201 a
1231 4162 1413 4203 nostro
1434 4148 1556 4201 loco
1576 4149 1700 4202 alie-

685 4233 961 4284 nissimum
987 4243 1092 4292 est3
1119 4243 1211 4280 aut
1237 4247 1399 4300 quum
1419 4229 1698 4282 consilium

1781 1529 1916 1585 illud
1948 1535 2249 1605 negativum
2268 1573 2285 1601 ‚
2321 1536 2425 1588 sive
2454 1536 2632 1587 cautio
2660 1554 2798 1607 pen·

1784 1611 1875 1663 det
1912 1627 1943 1663 a
1976 1613 2172 1679 verbo,
2211 1613 2292 1665 vel
2333 1629 2575 1665 sermone
2610 1631 2798 1665 sensus

1785 1692 2078 1744 affirmativi
2097 1732 2115 1761 ‚
2147 1693 2241 1745 sed
2268 1692 2508 1746 nondum
2534 1689 2765 1746 absoluti
2782 1732 2800 1760 ‚

1784 1770 1890 1823 hoc
1917 1783 1996 1823 est
2011 1810 2029 1839 ‚
2054 1770 2324 1844 objectum
2345 1765 2563 1842 aliquod
2591 1769 2799 1823 deside·

1783 1853 1951 1902 rantis
1966 1889 1984 1917 ‚
2014 1847 2189 1922 qualia
2213 1861 2336 1903 sunt
2348 1847 2558 1923 facere,
2583 1867 2799 1921 operam

1786 1928 1935 1998 dare,
1956 1948 2145 1983 munus
2167 1932 2275 2002 ejus
2298 1939 2397 1996 est,
2418 1925 2713 2000 postulare,
2740 1939 2802 1979 ut

1785 2026 1970 2070 ne...‚·
2005 2026 2121 2080 quae
2156 2009 2331 2059 omnia
2366 2007 2525 2077 hujus
2548 2005 2658 2059 loci
2687 2025 2799 2058 non

1788 2101 1926 2140 sunt.
1954 2088 2133 2155 Quare
2158 2097 2364 2140 servato
2389 2086 2480 2139 illo
2506 2097 2568 2138 ut
2595 2103 2800 2159 neque,

1785 2164 1975 2219 vocula
2000 2173 2052 2219 et
2075 2169 2258 2239 utique
2282 2164 2536 2218 mutanda
2561 2180 2660 2218 est.
2688 2163 2801 2219 Ne-

1787 2257 1890 2320 que
1910 2259 2083 2300 tamen
2109 2249 2224 2318 ejus
2248 2247 2369 2299 loco
2391 2247 2647 2298 satisfacit
2667 2257 2765 2298 aut
2779 2267 2796 2296 .-

1787 2344 1895 2378 non
1920 2328 2057 2378 enim
2083 2334 2181 2377 aut
2201 2325 2423 2378 alterum
2454 2323 2800 2378 metuendum

1785 2415 1883 2474 est,
1898 2408 1941 2458 si
1952 2401 2132 2458 modus
2143 2425 2252 2458 non
2265 2411 2482 2472 tenetur,
2496 2403 2588 2459 sed
2601 2419 2803 2458 utrum·

1785 2503 1906 2557 que.
1930 2486 2158 2537 Unicum
2183 2486 2364 2555 itaque
2380 2521 2398 2550 ‚
2427 2484 2482 2536 ni
2506 2482 2681 2552 fallor,
2711 2502 2802 2537 re-

1782 2565 1966 2617 lictum
1977 2575 2075 2630 est,
2092 2577 2150 2616 ut
2164 2563 2402 2636 legamus
2417 2584 2511 2617 nec
2523 2564 2796 2639 quicquid.

1876 2662 1921 2696 1.
1968 2640 2287 2696 Innascitur.
2332 2642 2572 2714 Intellige
2617 2646 2800 2696 animo

1779 2723 2018 2794 juvenili.
2058 2721 2221 2789 Quod
2263 2721 2423 2794 longe
2463 2726 2799 2795 praestantius

1783 2800 1958 2854 inutili
1980 2799 2240 2854 Obrechti
2267 2805 2605 2874 conjectura,
2634 2822 2797 2875 quam

1786 2883 1950 2934 textui
1974 2882 2189 2934 immisit
2204 2921 2221 2950 .,
2245 2882 2494 2935 nascitur.

1857 2978 1903 3013 2.
1927 2957 2322 3032 Differentiam.
2346 2959 2525 3011 Ambr.
2553 2977 2581 3012 2
2597 2995 2614 3024 ‚
2635 2957 2800 3031 diffe-

1782 3040 1987 3093 rendus.
2018 3038 2252 3091 Florent.
2286 3037 2449 3092 Can.
2468 3079 2486 3107 ‚
2521 3051 2794 3092 senecuate.

1781 3119 1977 3186 Goth.,
1999 3121 2271 3191 majusque
2292 3118 2375 3172 sit.
2411 3115 2540 3171 Mox
2572 3118 2798 3172 alterum

1782 3211 1854 3252 est
1894 3210 2018 3271 post
2054 3216 2220 3250 serum
2264 3199 2535 3250 emitterre
2572 3200 2800 3252 refertur

1781 3279 1821 3329 F
1825 3271 1925 3330 lor.
1951 3274 2175 3329 alterum
2199 3289 2324 3347 post
2346 3295 2456 3347 spes
2479 3277 2662 3329 Ambr.
2695 3296 2745 3330 a.

1852 3360 1904 3411 3.
1927 3357 2195 3410 Frucmm.
2212 3396 2223 3407 .
2243 3396 2254 3407 .
2281 3356 2496 3408 viridem
2532 3368 2586 3408 et
2619 3355 2797 3410 adhuc

1780 3438 2011 3490 dulcem.
2037 3436 2264 3489 Multum
2291 3435 2465 3488 haereo
2489 3441 2544 3489 in
2567 3435 2671 3489 hac
2700 3457 2795 3510 ap·

1782 3518 2081 3588 positorum
2117 3518 2514 3586 conjunctione.
2553 3515 2669 3568 Hoc
2714 3531 2796 3569 ta-

1781 3613 1905 3647 men
1935 3605 1999 3646 ex
2022 3613 2154 3648 voce
2178 3592 2352 3645 adhuc
2375 3607 2518 3646 recte
2541 3592 2793 3665 colligere

1779 3673 1981 3738 videor,
1994 3675 2254 3742 cogitasse
2265 3672 2517 3725 Nostrum
2534 3671 2600 3724 de
2603 3673 2792 3745 fructu

1783 3753 1901 3805 vitis
1921 3747 2061 3818 (vide
2077 3749 2221 3816 Vlss,
2244 3749 2307 3816 3,
2330 3750 2409 3824 8);
2436 3750 2532 3803 sed
2553 3766 2791 3804 remanet

1780 3832 2063 3900 dubitatio,
2073 3833 2376 3903 potueritne
2387 3840 2632 3900 mustum,
2644 3830 2792 3905 quod

1783 3907 1947 3964 viride
1978 3911 2201 3964 fortasse
2233 3921 2344 3962 nou
2371 3914 2551 3983 inepte
2579 3909 2789 3976 dicitur,

1779 3993 1896 4046 solo
1929 3987 2142 4065 fructus
2176 3993 2392 4044 nomine
2432 3989 2685 4054 indicari5
2723 4010 2794 4043 an

1779 4073 1922 4137 vino,
1942 4072 2029 4121 cui
2051 4071 2287 4140 quamvis
2306 4065 2451 4122 dulci
2471 4083 2679 4140 semper
2697 4068 2790 4120 ali·

1780 4167 1884 4222 qua
1934 4152 2211 4222 austeritas
2233 4188 2251 4216 ‚
2304 4152 2418 4201 sive
2461 4151 2792 4202 severitatem

1778 4231 1974 4295 mavis,
2001 4225 2206 4280 accedit
2223 4265 2240 4293 ‚
2269 4227 2552 4280 commode
2585 4230 2794 4299 opponi
