3200 5159
611 500 1266 573 INSTITUTIONIS
1303 503 1561 571 ORAT.
1602 506 1766 572 LIB.
1807 504 1968 587 XII,
2017 531 2116 573 11.

2293 504 2416 573 535

314 627 626 728 exempla
657 628 746 701 ab
776 627 1162 717 historicis,
1187 649 1308 700 ant
1335 627 1610 700 dicendi
1639 628 1727 701 ab
1763 631 2150 703 oratoribus
2178 650 2424 729 petun-

317 763 449 815 tur.
502 742 1090 843 Philosophorum
1134 770 1419 843 quoque
1475 742 2096 845 consultorumque
2152 744 2424 844 opinio-

319 883 473 948 nes,
511 859 714 931 sicuti
758 859 927 950 alia,
975 858 1272 931 velimus
1304 858 1532 959 legere
1572 860 2043 933 necessarium
2077 880 2196 934 est.
2245 860 2425 951 Quae

317 973 609 1072 quidem
645 1001 1014 1074 possumus
1046 974 1332 1077 omnia:
1366 974 1484 1047 sed
1518 974 1725 1048 breve
1757 976 1960 1050 nobis
1994 998 2272 1075 tempus
2302 1001 2428 1047 nos

315 1088 613 1163 facimus
634 1105 680 1161 ¹.
707 1090 1154 1180 Quantulum
1181 1091 1374 1163 enim
1406 1090 1652 1163 studiis
1678 1091 2213 1192 impartimur2?
2233 1090 2428 1165 Alias
2464 1105 2524 1157 ιδ

318 1203 522 1278 horas
567 1232 789 1279 vanus
841 1207 1191 1280 salutandi
1241 1205 1523 1297 lahor3‚
1584 1207 1758 1281 alias
1811 1207 2113 1281 datum4
2168 1206 2426 1280 fabulis

317 1321 575 1411 otium,
604 1323 780 1395 alias
818 1323 1209 1423 spectacula
1231 1381 1251 1414 ‚
1288 1322 1458 1396 alias
1492 1324 1809 1397 convivia
1837 1325 2142 1398 trahunt.
2185 1323 2427 1426 Adjice

316 1455 415 1507 tot
437 1462 691 1535 genera
717 1437 1044 1529 ludendi,
1081 1460 1149 1511 et
1177 1438 1501 1511 insanam
1533 1442 1837 1541 corporis
1866 1468 2144 1531 curam3
2171 1439 2433 1512 ⁵trahat

318 1548 484 1623 inde
510 1552 967 1651 peregrinatio
981 1552 1039 1644 ⁶,
1076 1580 1237 1625 rura
1253 1567 1307 1644 ⁷,
1338 1553 1768 1627 calculorum
1805 1556 2025 1628 anxiae
2048 1553 2078 1602 ⁸
2107 1553 2432 1627 sollicitu-

320 1755 465 1828 quod
482 1756 693 1828 quidem
711 1769 879 1829 potest
896 1778 969 1825 o.,
988 1760 1153 1811 Cnn.
1172 1761 1328 1811 Tarv.

317 1835 545 1904 Vulgata
570 1839 623 1887 in
647 1838 829 1889 Locat.
862 1838 1087 1910 primum
1114 1856 1332 1911 compa-

321 1927 401 1965 ret
423 1916 718 1984 corrigente
742 1915 971 1967 Merula.

401 2010 446 2044 t.
474 1993 728 2046 Facimus.
762 1996 939 2047 Turic.
975 1995 1116 2047 Flor.
1146 1994 1333 2047 Almel.

323 2073 499 2125 Guelf-
526 2079 678 2126 Voss.
720 2092 779 2140 a,
813 2075 976 2127 Goth.
1014 2077 1161 2128 Jens.
1201 2074 1335 2145 (tac.

326 2152 538 2223 Gesn.).‚
565 2152 820 2223 fecimus,
859 2167 911 2205 et
950 2168 1176 2226 posterr.
1215 2167 1337 2206 ante

329 2231 529 2304 Gryph.
556 2231 705 2299 1544.
724 2234 1009 2305 Receptam
1035 2233 1180 2286 solus
1204 2252 1233 2285 e
1253 2254 1338 2287 ve·

328 2314 483 2364 tustis
505 2312 666 2363 Cute.
694 2311 870 2364 habet.
886 2313 1151 2365 —Nostri
1175 2313 1341 2364 Codi-

330 2409 418 2441 ces
435 2389 681 2461 fecimus.
709 2392 801 2442 En.

403 2480 450 2520 a.
475 2470 833 2542 Impertimur.
858 2471 1142 2536 Partimur,
1161 2473 1338 2524 Turic.

330 2548 472 2602 Flor.
496 2548 655 2601 Goth.
677 2551 841 2603 Caur.
866 2551 1047 2602 Locat.
1066 2553 1199 2603 Vcn.
1223 2551 1339 2604 Ald.

330 2628 591 2694 Patimur,
607 2627 784 2680 Guelf.
809 2630 954 2681 Jens.
970 2631 1126 2681 Tarv.
1148 2631 1345 2702 Imper-

334 2705 516 2771 timur,
536 2705 660 2758 Bad.
684 2707 837 2759 Basil.
860 2706 993 2761 Ohr.
1013 2710 1268 2760 Nostrum
1288 2711 1341 2761 in

329 2784 530 2858 Gryph·
551 2787 776 2856 primum
796 2788 1027 2853 invenio,
1046 2806 1220 2859 neque
1240 2806 1345 2840 ser·

330 2883 456 2916 vare
482 2863 697 2931 dubito,
724 2883 887 2936 quum
913 2885 946 2917 a
969 2868 1111 2919 sitin
1136 2868 1342 2938 scriptis

338 2942 611 3009 omnibus,
644 2957 698 2995 et
729 2943 941 2996 aliunde
978 2962 1193 3016 quoque
1218 2960 1345 2998 nota

333 3023 523 3073 forma.
577 3022 631 3075 V
625 3022 793 3087 arius,
846 3024 1007 3075 Cant.
1060 3024 1309 3077 Saltandi
1323 3063 1342 3090 ‚

337 3098 512 3151 Guelf.
548 3099 752 3151 Adiciet
784 3111 869 3166 ut,
897 3102 1173 3154 anicens.
1202 3101 1343 3155 Flor.

338 3177 514 3231 Guelf.
548 3176 677 3249 (sed
716 3178 800 3230 hic
838 3197 937 3250 per
951 3179 1139 3251 Ji).-
1164 3183 1345 3233 Nostri

340 3257 565 3310 Codices
598 3257 877 3328 partimur,
911 3270 1132 3329 excepto
1168 3260 1346 3327 Poul.‚

342 3339 434 3409 qui
459 3339 710 3409 patimur.
742 3339 835 3388 En.

412 3416 461 3467 3.
485 3415 764 3468 Salutaredi
794 3414 955 3468 labor.
991 3418 1131 3469 Nota
1163 3434 1248 3469 res
1281 3419 1347 3470 de

344 3495 749 3549 salutationibus
793 3498 1189 3564 Romanorum,
1234 3516 1347 3569 quoe

344 3593 498 3626 mane
517 3574 714 3625 fiebant
732 3574 785 3624 in
806 3574 948 3625 atriis
966 3576 1346 3645 potentiorum.

418 3653 469 3720 4.
489 3653 682 3705 Datum
694 3649 899 3722 fabulis
915 3652 1113 3718 otium,
1137 3673 1351 3725 praeser-

344 3734 437 3783 tim
483 3744 607 3783 amc
656 3728 1083 3801 spectaculorum
1125 3733 1349 3783 mentio-

346 3830 499 3877 nem,
536 3809 603 3863 de
639 3808 848 3861 theatro
890 3809 1111 3880 intelligi
1146 3812 1349 3883 nequit.

346 3890 549 3941 Referri
572 3889 743 3959 possit
767 3885 835 3938 ad
853 3889 1065 3939 inanem
1087 3885 1353 3959 nugalem·

349 3987 480 4040 que,
503 3969 672 4040 qualis
695 3966 963 4039 hodieque
982 3967 1150 4038 viget,
1170 3967 1352 4021 lectio·

348 4066 469 4099 nem
485 4086 502 4111 ‚
525 4047 721 4100 collato
745 4048 913 4100 Cicer.
945 4045 1012 4098 de
1035 4049 1149 4099 Pin.
1166 4050 1232 4113 V,
1260 4064 1321 4117 ¹9
1338 4069 1373 4107 :s

354 4148 376 4172 ι
396 4125 565 4193 Quid,
586 4144 751 4196 quum
771 4126 918 4178 fictas
936 4125 1143 4178 fabulas
1157 4163 1174 4192 ,
1195 4145 1224 4178 e
1245 4126 1355 4198 qni-

354 4226 376 4251 ·
397 4203 497 4257 bus
512 4202 709 4257 utilitas
723 4204 869 4257 nulla
884 4204 1011 4257 duci
1024 4217 1219 4279 potest,
1234 4224 1356 4258 cum

1419 1784 1442 1807 ιι
1462 1761 1739 1834 voluptate
1781 1750 2023 1832 legimus.
2051 1785 2079 1809 ‹-
2126 1759 2229 1813 sed
2274 1761 2431 1812 unice

1414 1855 1537 1889 vera
1574 1836 1782 1891 videtur
1818 1837 1885 1890 de
1923 1837 2433 1910 confabulationibus

1414 1917 1803 1987 interpretatio.
1831 1918 2043 1969 Petron.
2071 1916 2141 1986 39
2166 1918 2312 1969 inin:
2342 1917 2436 1967 In·

1420 1992 1717 2066 terpellavit
1741 2003 1850 2045 tam
1874 1993 2054 2047 dulces
2065 1994 2289 2068 fabulas
2317 1995 2435 2047 Tri-

1420 2070 1668 2124 malchio.
1698 2072 1828 2125 Plin.
1855 2075 1952 2146 Ep.
1972 2075 2116 2139 vm,
2144 2075 2236 2141 18,
2265 2075 2437 2127 Habes

1408 2150 1635 2223 fabulas
1656 2152 1807 2205 urbis.

1491 2229 1539 2282 5.
1568 2230 1783 2283 Trahat.
1822 2231 2053 2300 Majores
2088 2229 2218 2283 olim
2250 2231 2437 2285 distin-

1419 2310 1624 2361 ctiones
1646 2322 1769 2361 ante
1785 2307 1891 2361 hoc
1906 2308 2126 2361 verbum
2142 2324 2195 2362 et
2209 2324 2332 2383 post
2349 2330 2438 2364 vo·
2495 2314 2500 2321 ”

1421 2405 1537 2438 cem
1567 2388 1781 2440 animus
1804 2387 2164 2459 ponebantur.
2198 2388 2304 2443 Sed
2330 2401 2437 2442 tra·

1424 2462 1515 2516 hat
1548 2467 1787 2535 protasia
1827 2484 1941 2518 esse
1980 2484 2166 2519 eorum
2202 2486 2318 2539 quae
2356 2487 2439 2521 se-

1425 2557 1662 2615 quuntur
1683 2564 1748 2597 ne
1763 2563 1824 2596 ea
1845 2545 2080 2618 quidem,
2105 2560 2206 2598 etc.
2232 2547 2439 2622 Gedoy·

1425 2642 1524 2677 nus
1552 2637 1724 2690 recte,
1754 2626 1964 2696 opinor,
1987 2624 2133 2678 vidit.
2175 2626 2437 2697 Equidem

1422 2701 1805 2774 praecedentem
1828 2721 2043 2776 quoqne
2068 2707 2438 2776 imperativum

1424 2779 1594 2832 eidem
1623 2783 1823 2852 protasi
1851 2781 2061 2835 inclusi.

1495 2859 1547 2913 6.
1567 2862 1819 2914 Trahat...
1839 2861 2206 2936 peneqrinatio.
2225 2863 2436 2935 Trajam

1421 2941 1716 3012 peregrines
1748 2959 1900 3007 rura,
1923 2943 2101 2992 Turic.
2136 2940 2276 2993 Flor.
2305 2942 2440 2995 Tra·-

1409 3023 1531 3093 jam
1553 3020 1906 3093 pere-quinctio
1912 3023 2046 3093 jura
2061 3058 2078 3085 ,
2103 3021 2284 3075 Guelf.
2309 3023 2440 3076 Tm-

1410 3098 1537 3171 jani
1557 3097 1909 3173 pereqrirtatio
1929 3099 2083 3168 jura,
2112 3099 2270 3152 Goth.
2299 3100 2440 3171 (non

1426 3176 1583 3249 plene
1608 3177 1870 3248 Gesnero)
1894 3178 2048 3229 Voss.
2078 3195 2124 3229 a.
2161 3178 2438 3232 Terrarum

1423 3255 1720 3327 peraqratio
1742 3273 1892 3321 rura,
1909 3255 2072 3308 Canr.
2091 3258 2222 3308 Jura
2241 3257 2443 3312 habent

1428 3335 1586 3385 etiam
1605 3332 1740 3383 vnn.
1778 3335 1924 3385 Jens.
1964 3346 2017 3386 et
2055 3346 2281 3404 posterr.
2316 3350 2439 3389 ante

1426 3410 1546 3463 Ald.
1561 3441 1630 3450 —
1651 3413 1832 3463 Nostri
1844 3414 2005 3483 jura,
2026 3414 2261 3484 exceptis
2285 3414 2435 3466 Poul-

1428 3492 1489 3543 R.
1512 3506 1563 3559 7,
1583 3492 1678 3562 qui
1701 3508 1837 3542 rura.
1864 3492 1957 3541 En.

1502 3588 1551 3641 7.
1598 3571 1758 3624 Rura.
1811 3569 2056 3641 Negabat
2109 3573 2440 3628 Burmannus

1430 3651 1664 3706 studium
1693 3652 1827 3704 ruris
1850 3649 2284 3705 honestissimum
2307 3656 2444 3707 inter

1431 3732 1812 3802 occupationes
1827 3747 1988 3782 vanas
2008 3743 2061 3781 et
2079 3730 2290 3783 inutiles
2310 3736 2439 3804 poni

1429 3812 1687 3883 potuisse.
1705 3811 1871 3879 Quasi
1889 3827 1998 3861 non
2019 3808 2234 3881 plurimi
2250 3812 2443 3864 Roma-

1431 3907 1625 3941 norum
1638 3888 1805 3941 solius
1818 3886 2106 3959 voluptatis
2122 3887 2439 3963 desidioeque

1432 3985 1593 4021 causa
1617 3986 1707 4020 rus
1731 3980 2086 4019 secessissent.

1505 4048 1556 4100 8.
1605 4047 1794 4100 Anxioe
1838 4044 2227 4100 sollicitudines.
2280 4049 2442 4102 Ausim

1434 4125 1805 4194 sollicitudine,
1826 4126 2002 4178 Turic.
2024 4125 2163 4178 Flor.
2185 4127 2319 4179 Eam
2341 4148 2444 4200 pro

1438 4224 1605 4261 causoe
1620 4207 1798 4259 Turic.
1829 4205 1971 4258 Flor.
2002 4206 2194 4271 Causa,
2211 4207 2364 4259 Voss.
2391 4225 2444 4260 2-
