3200 5159
700 487 827 553 388

1267 484 1361 547 M.
1402 483 1626 547 FABn
1667 481 2222 565 Qnm‘nmmr

699 608 925 710 magis
950 607 1166 680 miror
1190 605 1400 679 Plinii
1422 621 1439 651 ¹
1473 603 1780 678 Secundi
1822 603 2001 678 docti
2042 602 2383 692 hominiS,
2429 623 2497 675 et
2534 602 2612 673 in
2658 601 2790 674 hoc

700 726 938 825 utique
960 725 1141 799 libro
1167 751 1364 823 paene
1381 723 1591 796 etiam
1610 721 1915 794 nimium
1930 721 2216 810 curiosi,
2243 719 2758 820 persuasionem
2773 775 2794 805 ‚

700 840 821 938 qui
842 838 1125 912 solitum
1149 838 1221 910 id
1241 840 1466 912 facere
1484 837 1906 909 Ciceronem
1927 850 1957 882 ²
1969 836 2429 908 velandorum
2445 833 2796 907 ³varicum

694 954 914 1054 gratia
938 952 1181 1040 tradit;
1208 978 1436 1051 quum
1460 950 1593 1023 hoc
1617 950 1915 1023 amictus
1940 976 2162 1048 genus
2188 950 2264 1021 in
2285 948 2524 1021 statuis
2548 973 2796 1020 eorum

560 1068 658 1136 144
696 1096 1013 1170 quoque,
1037 1068 1159 1167 qui
1187 1088 1341 1167 post
1368 1066 1784 1139 Ciceronem
1815 1068 2140 1155 fuerunt,
2170 1085 2519 1163 appareat.
2551 1062 2801 1135 Pallio-

702 1186 857 1257 lum
870 1183 927 1275 4,
965 1185 1143 1258 sicut
1182 1183 1464 1273 fascias,
1503 1181 1762 1280 quibus
1796 1206 1995 1253 crura
2027 1176 2482 1268 vestiuntur-⁵,
2513 1197 2580 1249 et
2610 1179 2803 1251 foca-

699 1301 827 1390 lia,
852 1320 926 1373 et
946 1300 1227 1372 aurium
1257 1298 1674 1398 ligamenta,
1704 1296 1853 1369 sola
1874 1322 2192 1368 excusare
2213 1315 2436 1393 potest
2449 1292 2796 1366 valetudo.

699 1417 836 1489 Sed
884 1416 1028 1489 haec
1082 1414 1379 1487 amictus
1425 1412 1843 1501 observatio,
1886 1410 2061 1483 dum
2106 1409 2522 1507 incipimus3
2567 1434 2805 1507 proce·

700 1530 911 1603 dente
933 1556 1096 1603 vero
1114 1550 1269 1602 actu
1286 1586 1306 1619 ,
1329 1528 1483 1630 jam
1512 1553 1713 1627 paene
1743 1525 1832 1597 ab
1858 1525 2058 1607 initio
2082 1523 2492 1598 narrationis
2509 1580 2528 1611 ‚
2553 1522 2587 1568 ⁶
2605 1523 2802 1594 sinus

694 1733 814 1786 vide
839 1733 981 1786 dicta
1004 1732 1071 1786 ad
1093 1735 1165 1797 11,
1193 1732 1257 1801 4.,
1281 1733 1366 1800 42.
1386 1732 1617 1784 Alterius
1640 1730 1708 1783 de

697 1827 849 1885 gestu
883 1811 1046 1864 libros
1082 1814 1220 1865 inter
1267 1812 1523 1885 plurimos
1573 1811 1708 1864 alius

697 1893 989 1963 argumenti
1008 1893 1099 1962 qui
1118 1903 1309 1963 praeter
1321 1891 1576 1943 Nostrum
1592 1907 1706 1942 me-

695 1986 952 2038 moraret,
984 1973 1159 2024 inveni
1190 1970 1412 2023 nullum.
1460 1973 1708 2024 Doctissi-

696 2070 812 2104 mus
860 2053 1221 2103 Romanorum
1267 2050 1368 2102 fuit
1412 2049 1707 2102 secundum

693 2131 984 2183 Varronem
999 2169 1018 2197 ,
1046 2128 1392 2202 ejusdemque
1414 2131 1597 2182 aetatis.
1622 2128 1707 2181 Ad

696 2230 817 2263 eum
840 2210 1064 2282 epistola
1092 2223 1177 2271 est
1193 2209 1302 2263 Cic.
1335 2209 1405 2263 ad
1430 2211 1576 2262 Fam.
1607 2210 1706 2277 lv,

703 2291 793 2355 13,
816 2288 906 2340 ubi
930 2288 1050 2341 vide
1073 2291 1184 2341 VV.
1211 2290 1329 2342 DD.

773 2385 814 2420 ι.
844 2366 1072 2420 Plinii...
1119 2369 1176 2419 in
1211 2368 1308 2420 hoc
1343 2366 1524 2439 utique
1557 2366 1705 2419 libro.

695 2447 921 2502 Studiosi
964 2445 1119 2499 titulo
1161 2449 1473 2519 inscriptum
1512 2446 1707 2499 librum

696 2527 843 2580 haud
877 2526 1038 2579 dubie
1061 2524 1302 2596 designat
1323 2529 1535 2580 Noster.
1573 2524 1707 2578 vide

696 2608 795 2677 111,
824 2624 879 2672 1,
909 2622 966 2657 αι
989 2626 1005 2667 3
1032 2606 1158 2657 item
1181 2604 1270 2657 hic
1292 2607 1341 2672 S.
1377 2605 1491 2671 148.

773 2701 821 2735 2.
851 2682 1208 2736 Velandorum
1223 2706 1242 2744 ,-
1268 2685 1342 2735 sic
1365 2684 1541 2735 Turio.
1563 2681 1705 2734 Flor.

700 2760 875 2816 Guelf.
914 2760 1031 2832 (hic
1063 2759 1264 2832 duplici
1290 2761 1312 2813 l
1325 2761 1347 2832 )
1373 2779 1497 2812 cum
1517 2759 1706 2812 Almel.

700 2840 860 2896 Goth.
883 2854 937 2893 et
958 2838 1077 2892 edd.
1103 2854 1226 2893 ante
1249 2838 1369 2892 ΔΜ.
1403 2839 1458 2893 V
1451 2840 1504 2907 el
1519 2838 1709 2891 andro-

703 2939 848 2985 mm,
875 2917 1056 2970 Ambr.
1086 2935 1145 2985 2,
1173 2937 1297 2970 cum
1319 2919 1471 2971 Bern.
1498 2915 1712 2988 Reliqui

702 2997 1043 3051 velandarum
1072 2999 1364 3048 mutatione
1390 3013 1504 3051 non
1523 3014 1712 3048 neces-

706 3079 858 3130 saria.
884 3075 1063 3126 Ambr.
1092 3092 1120 3127 2
1152 3075 1312 3127 modo
1346 3072 1582 3127 homines
1613 3093 1709 3146 pro

704 3156 933 3226 genitivo
948 3172 1072 3205 cum
1080 3157 1233 3207 Voss.
1249 3153 1296 3206 3.
1316 3152 1518 3219 Trahit,
1527 3154 1710 3205 Tui-ic.

703 3235 845 3287 Flor.
865 3233 981 3305 (hic
996 3246 1048 3285 et
1058 3234 1286 3307 qratiam
1296 3234 1336 3306 ).
1351 3231 1500 3286 Facit
1509 3269 1528 3297 ‚
1546 3233 1709 3285 Cur.

704 3317 830 3369 Mox
851 3316 908 3367 in
927 3327 1050 3366 ante
1063 3316 1246 3369 statuis
1266 3316 1516 3367 omittunt
1532 3313 1711 3365 Turio.

702 3393 839 3448 Flor.
871 3394 1044 3445 Potest
1071 3392 1393 3458 Ciceronem,
1417 3391 1598 3445 Ambr.
1629 3408 1676 3442 2.

776 3473 826 3525 3.
869 3470 927 3524 V
920 3469 1226 3522 claudorum
1259 3470 1491 3521 varicum
1521 3471 1710 3541 qratia.

703 3552 807 3604 Dio
848 3547 1060 3600 Cassius
1100 3546 1206 3600 hoc
1246 3566 1457 3619 quoque
1494 3547 1714 3599 dicterio

706 3626 912 3681 Fufium
959 3645 1115 3680 suum
1157 3626 1413 3679 Calenum
1448 3640 1614 3678 armat
1659 3629 1715 3679 in

704 3708 1014 3761 Ciceronem
1037 3705 1072 3758 l.
1098 3706 1287 3772 XLVI,
1322 3725 1377 3777 p.
1397 3707 1562 3757 Reim.
1589 3705 1712 3772 461.

708 3789 770 3839 ln
789 3786 1026 3858 ejusdem
1048 3788 1246 3838 varices
1265 3784 1466 3837 dictum
1490 3798 1543 3838 et
1563 3786 1714 3838 vati-

707 3867 826 3917 nius
841 3866 1071 3935 conjecit
1083 3863 1227 3937 apud
1246 3861 1481 3916 Macrob-
1504 3864 1711 3916 Saturn.

710 3942 783 4009 11,
826 3944 875 3996 3.
910 3942 1104 3995 Noster
1140 3959 1303 4013 quum
1333 3943 1715 4013 persuasionem

711 4035 862 4072 notet
886 4019 1066 4088 Plinii,
1091 4021 1233 4074 subit
1257 4031 1457 4072 mutare
1482 4020 1642 4072 tradit
1663 4022 1718 4074 in

712 4098 892 4150 credit.

782 4176 836 4249 4.
882 4175 1186 4233 Palliolum.
1237 4202 1258 4233 ᾳ
1283 4179 1457 4253 Capiti
1495 4193 1716 4251 egroto-

1796 1754 1819 1779 «
1836 1750 1955 1783 rum
1988 1728 2305 1783 involvendo
2339 1725 2616 1779 serviebat.
2640 1725 2793 1779 ovid.

1795 1808 1948 1882 «fArt.
1965 1812 2016 1876 1,
2041 1808 2164 1878 733,
2183 1809 2388 1881 Aryuat
2409 1817 2461 1856 et
2477 1805 2692 1872 macies,
2707 1823 2804 1857 nec

1794 1910 1820 1936 α
1840 1901 1987 1961 turpe
2029 1887 2233 1960 putaris
2279 1883 2576 1938 Palliolum
2623 1882 2804 1937 nitidis

1791 1992 1815 2017 a
1835 1968 2132 2040 imposuisse
2144 1966 2321 2019 comis.
2339 1966 2459 2018 Sen.
2471 1964 2670 2032 Quaest.
2685 1978 2798 2016 nat.

1792 2073 1815 2097 ι
1834 2051 1926 2117 lv,
1946 2061 2097 2113 extr„
2125 2045 2334 2100 Videbis
2360 2044 2609 2119 quosdam
2626 2046 2804 2119 graci-

1791 2151 1815 2178 ι
1836 2127 1935 2195 les,
1949 2140 2001 2180 et
2006 2124 2232 2199 palliolo
2233 2124 2511 2198 focaltque
2518 2122 2807 2176 circumda·

1792 2232 1815 2255 σι
1836 2220 1911 2261 tos
1919 2206 2178 2280 pallentes
2196 2218 2246 2258 et
2265 2221 2439 2280 σφω.
2465 2227 2488 2251 ¹·
2515 2204 2800 2256 Gesnerus.

1786 2286 1921 2341 Vide
1935 2285 2145 2341 Ruhnk.
2164 2284 2232 2338 ad
2246 2284 2407 2337 Rutil.
2421 2284 2556 2355 Lup.
2570 2320 2588 2348 ‚
2601 2302 2656 2355 p.
2682 2300 2701 2335 ι
2711 2283 2802 2349 04.

1862 2364 1912 2418 5.
1942 2365 1996 2419 V
1990 2367 2255 2420 estiuntur
2265 2404 2283 2431 ‚
2304 2375 2358 2417 et
2372 2361 2599 2436 focalia.
2623 2365 2805 2415 Tui-ic.

1786 2444 1907 2517 (hic
1921 2443 2084 2496 vocal.
2102 2444 2123 2515 )
2141 2443 2283 2495 Flor.
2302 2443 2465 2495 Cim.
2479 2480 2498 2508 ,
2517 2440 2630 2512 v-f.
2643 2479 2664 2506 ‚
2676 2460 2806 2495 cum

1787 2523 1922 2576 Alm.
1949 2523 2300 2593 Incipiamus,
2325 2521 2503 2574 Turic.
2524 2519 2666 2573 Flor.
2704 2522 2804 2571 In-

1786 2603 2061 2675 coepimus,
2088 2599 2264 2663 Gudf.
2298 2600 2626 2672 Ῑηεερίηιιιε,
2652 2601 2803 2669 Jeme:

1786 2683 1939 2735 Tarv.
1964 2683 2344 2753 Inceperimus,
2364 2680 2493 2733 Obr.
2516 2680 2679 2731 Initio
2702 2698 2804 2730 na-

1790 2760 1972 2826 tionis,
1997 2760 2137 2812 Flor.
2153 2757 2443 2824 Dilabitur,
2466 2757 2605 2810 Flor.
2632 2758 2798 2811 Cutr.

1788 2837 1938 2889 Anni
1962 2848 2273 2912 stmtoqam,
2307 2835 2446 2887 Flor.
2483 2834 2661 2886 Etiam
2693 2832 2806 2886 11oe—

1792 2928 1929 2982 reat,
1940 2919 2117 2970 Tur-ic.
2135 2916 2273 2968 Flor.
2287 2914 2481 2967 Autem
2491 2914 2534 2965 si
2546 2912 2597 2965 h.
2609 2952 2629 2980 ‚
2641 2914 2809 2966 Cur.

1848 2996 1912 3058 ,6.
1942 2995 2096 3048 Sinus
2125 2994 2192 3046 ab
2218 2992 2492 3047 humero...
2526 2991 2808 3044 delabitur.

1790 3075 1972 3142 Quum
1991 3074 2130 3128 sinus
2166 3075 2364 3125 mentio
2401 3064 2526 3139 fiat‚'
2564 3072 2811 3126 humerus

1792 3174 1900 3207 non
1923 3167 2101 3226 potest
2124 3172 2268 3219 esse,
2293 3154 2394 3204 nisi
2415 3152 2622 3214 dexte&
2644 3169 2674 3203 a
2697 3171 2810 3223 quo

1790 3239 1899 3306 jam
1911 3234 2068 3305 plane
2077 3232 2261 3286 defluit
2273 3246 2413 3303 toga.
2422 3234 2655 3303 Apparet
2663 3235 2809 3285 enim

1794 3309 2809 3442 ifsssstrffiflssffifflfllss¹tz⁰

2676 3426 2694 3454 ‚
2781 3418 2810 3429 -

1796 3481 1902 3521 tam
1912 3468 2143 3539 denique
2151 3467 2385 3520 dextram
2397 3481 2529 3538 togae
2540 3465 2784 3519 laciniam
2795 3489 2810 3531 3

1795 3546 1912 3598 vide
1926 3546 2068 3599 dicta
2087 3545 2376 3618 ad§.14o‚
2392 3557 2503 3597 not.
2525 3545 2579 3609 3,
2600 3563 2655 3615 p.
2678 3544 2808 3599 385.

1797 3625 2156 3694 Quamobrem
2182 3645 2344 3697 quum
2379 3645 2503 3679 mox
2524 3626 2698 3678 sinum
2716 3629 2813 3696 ju-

1795 3702 1981 3757 bemur
2005 3706 2253 3777 dejicere,
2284 3723 2412 3767 cave
2448 3704 2640 3757 eodem
2671 3705 2811 3756 refe-

1795 3802 1908 3851 ras,
1946 3803 2053 3856 quo
2075 3787 2303 3857 pertinet
2327 3782 2476 3855 quod
2512 3783 2745 3856 rejicitur
2772 3802 2808 3835 a

1796 3863 1996 3917 sinistro
2006 3887 2025 3926 ,·
2046 3884 2170 3917 nam
2189 3878 2242 3917 et
2256 3863 2330 3916 ibi
2348 3863 2523 3917 dexter
2538 3877 2616 3917 est
2632 3866 2809 3930 sinus,

1799 3957 1858 3995 ut
1880 3964 2001 3997 cum
2030 3945 2297 4014 Gronovio
2329 3945 2566 4014 agnoscit
2603 3944 2810 3996 Gesne-

1797 4042 1902 4076 rus.
1920 4024 2162 4076 Vicissim
2176 4034 2294 4096 toqa
2309 4022 2501 4074 dicitur
2514 4020 2660 4094 quod
2675 4041 2808 4075 one·

1798 4117 1877 4154 rat
1897 4101 2177 4155 humerum
2202 4105 2486 4156 sinistrum.
2529 4103 2606 4154 Ειι
2638 4120 2807 4173 quum

1796 4180 2078 4251 rejicienda
2096 4194 2202 4249 est,
2215 4183 2609 4236 reminiscemur
2617 4198 2805 4243 eorum,
