3200 5159
664 457 1314 526 ms'rrru‘rloms
1350 457 1608 524 ORAT.
1650 459 1808 522 Lm.
1848 459 2006 537 x11,
2047 483 2108 546 9.
2314 459 2439 524 503

345 578 529 651 male
558 579 835 653 dicendi
861 594 878 625 ¹
915 579 1185 652 subire:
1222 579 1415 676 quod
1442 577 1854 653 facientibus
1883 580 2091 652 etiam
2121 580 2305 652 male
2331 607 2444 651 au-

344 693 582 766 diendi
621 695 1147 796 praesumendo
1181 694 1511 796 patientia
1544 716 1688 768 est:
1733 721 1899 768 nam
1936 718 2000 768 et
2039 697 2113 767 in
2153 697 2331 795 ipsos
2365 696 2444 767 fit

343 809 649 909 impetus
676 812 1105 909 frequenter,
1136 812 1260 911 qui
1296 831 1629 910 egerunt,
1666 833 1734 885 et
1767 834 1942 884 certe
1976 810 2436 912 petulantiam

342 927 658 1025 patroni³
692 927 986 1027 litigator
1023 929 1192 1002 luit:
1238 927 1360 1000 sed
1407 927 1550 999 haec
1596 929 1869 1001 minora
1913 950 2077 1001 sunt
2122 930 2271 1029 ipso
2322 928 2443 1000 illo

343 1043 510 1116 vitio
572 1044 835 1134 animi3
899 1042 1141 1145 quod4
1187 1043 1614 1117 maledicus⁵
1668 1074 1709 1118 a
1755 1046 2072 1118 malefico
2131 1072 2278 1118 uon
2341 1045 2448 1117 di-

348 1242 491 1295 litem
516 1262 662 1296 suam
677 1244 849 1316 facit,
880 1259 935 1298 et
959 1244 1081 1297 loco
1110 1245 1221 1296 veri
1246 1242 1354 1296 liti·
1427 1245 1562 1312 juno
1586 1242 1710 1296 Aldi
1732 1259 2033 1297 commento
2057 1245 2180 1296 loco
2205 1244 2413 1296 turbata
2429 1283 2446 1310 ‚

350 1323 548 1393 gatoris
569 1324 626 1374 in
648 1324 769 1375 foro
796 1325 934 1392 agit,
958 1342 1114 1395 quem
1140 1341 1355 1377 sensum
1434 1322 1489 1375 in
1515 1324 1767 1376 varietate
1792 1322 2036 1376 lectionis
2060 1323 2276 1376 latebat.

352 1421 515 1475 supra
542 1404 708 1475 tetigit
730 1404 1063 1476 Spaldiugius
1086 1403 1156 1456 ad
1177 1405 1276 1468 111,
1296 1401 1358 1468 6,

355 1498 422 1552 70
438 1519 455 1546 ,
488 1495 541 1534 et
568 1481 785 1535 uberius
813 1484 1132 1557 explicatum
1158 1481 1277 1535 vide
1304 1481 1360 1532 iu

352 1559 530 1612 lexicis
553 1582 564 1611 :
605 1561 697 1613 uhi
731 1561 864 1613 illud
901 1562 1058 1614 etiam
1095 1561 1328 1613 invenies
1343 1596 1361 1624 ‚

355 1636 602 1690 odiosum
636 1639 834 1692 factum
874 1640 1036 1692 fuisse
1071 1639 1361 1709 cognitoris

357 1734 581 1782 nomen,
606 1736 770 1789 quum
794 1719 1077 1790 sepissime
1099 1719 1207 1771 sive
1230 1717 1363 1770 adu-

357 1792 531 1862 landi,
550 1796 655 1847 sive
674 1795 895 1867 alicujus
916 1795 1182 1849 commodi
1202 1813 1361 1849 causa

359 1872 506 1926 malae
531 1875 687 1927 etiam
708 1890 759 1928 et
781 1875 987 1946 injustae
1010 1875 1129 1929 lites
1152 1893 1218 1929 eo
1247 1895 1365 1928 mo·

361 1947 432 2004 do
466 1953 883 2025 susciperentur:
913 1973 1020 2027 quo
1047 1956 1276 2028 pertinet
1304 1955 1369 2007 il-

361 2029 455 2083 lud
460 2029 516 2103 fi
530 2033 769 2105 cognitor
783 2051 869 2107 ap.
886 2031 1066 2088 Horat.
1084 2036 1191 2088 Sat.
1212 2036 1286 2101 ll,
1307 2032 1339 2088 5
1350 2073 1368 2097 ,

364 2109 432 2163 38
454 2105 610 2180 (vide
633 2110 838 2184 Beati.)
860 2127 913 2166 et
940 2113 1015 2166 illi
1045 2138 1067 2160 α
1088 2114 1370 2167 muliercu-

370 2213 392 2237 ιι
412 2188 581 2241 larum
604 2191 998 2243 taeterrimarum
1022 2192 1324 2262 cognitores
1342 2213 1364 2237 ιι

367 2266 509 2339 apud
526 2265 636 2320 Cic.
653 2267 803 2321 Verr.
825 2269 922 2334 111,
946 2269 1042 2336 34,
1066 2268 1110 2341 5.
1135 2267 1219 2341 78.
1236 2269 1370 2321 Hinc

369 2363 490 2398 cum
524 2345 716 2399 invidia
754 2345 1109 2400 adhibebatur
1144 2347 1374 2401 vocabu·

369 2421 513 2487 lum;
540 2437 596 2476 ut
619 2443 705 2497 ap.
730 2423 842 2478 Liv.
867 2424 1124 2493 xxxm,
1156 2428 1216 2480 5:
1250 2427 1373 2479 «Ne

376 2524 399 2549 a
421 2520 540 2556 suas
574 2503 785 2576 quidem
815 2502 1107 2557 simultates
1133 2522 1233 2577 pro
1260 2521 1375 2556 ma-

377 2607 399 2629 ·
418 2584 637 2654 gistratu
684 2601 925 2637 exercere
972 2583 1103 2636 boui
1151 2584 1377 2656 exempli

378 2685 400 2710 ι
421 2681 559 2717 esse:
575 2663 872 2717 alienarum
886 2681 1009 2717 vero
1025 2664 1377 2717 simultatium

380 2765 401 2789 ι
423 2740 692 2796 tribunum
719 2739 891 2815 plebis
918 2743 1234 2815 cognitorem
1252 2737 1381 2814 fieri

380 2844 402 2868 κ
421 2833 593 2894 turpe.
615 2864 626 2875 .
647 2865 658 2876 .
703 2841 833 2875 esse.
857 2845 880 2869 υ
924 2823 1192 2893 integrum
1229 2819 1376 2873 hun'c

377 2900 554 2955 locum
577 2901 735 2975 posui
759 2899 830 2954 ob
854 2900 1085 2974 aliquam
1106 2921 1227 2954 cum
1251 2919 1378 2953 nos-

374 2994 457 3032 tro
496 2977 904 3034 similitudinem.
942 2979 1079 3032 Nam
1118 2993 1377 3051 patronus

380 3061 561 3123 etiam,
582 3061 674 3131 qui
694 3075 790 3130 pro
809 3075 973 3111 causa
991 3069 1197 3109 tantum
1216 3055 1381 3108 clien-

380 3138 447 3190 tis
470 3137 629 3191 verba
653 3136 830 3190 facere
852 3133 1039 3201 debet,
1063 3132 1278 3205 quando
1300 3134 1380 3204 ip·

382 3217 488 3269 sius
538 3216 760 3268 affectus
811 3213 1209 3284 simultatesque
1263 3227 1385 3264 suas

385 3295 535 3365 quasi
552 3293 709 3361 facit,
730 3306 808 3360 et,
825 3291 971 3366 quod
990 3292 1243 3363 litigatori
1264 3305 1389 3343 con-

385 3371 585 3441 dones,
611 3373 847 3425 convicia
876 3371 1032 3424 etiam
1058 3370 1114 3423 in
1142 3367 1389 3424 adversa-

384 3452 492 3505 rios
508 3452 667 3524 jacit,
686 3467 798 3504 uon
824 3453 935 3504 sine
955 3450 1005 3501 vi
1028 3463 1080 3502 et
1098 3447 1292 3503 invidia
1315 3449 1389 3500 ita
1412 3463 1417 3470 ⁵

384 3529 694 3596 traducitur,
712 3542 773 3583 ut
795 3533 886 3604 qui
904 3530 1230 3604 cognituram
1253 3526 1392 3580 male

389 3608 595 3664 dicendi
623 3611 830 3679 subeat,
862 3610 967 3662 hoc
1005 3622 1117 3675 est,
1149 3609 1393 3679 cognitor

390 3691 505 3762 ejus
530 3689 622 3744 flat
643 3691 697 3741 in
726 3687 1108 3743 maledicendo.
1137 3688 1392 3761 coquitu-

390 3787 504 3822 γαπ»
539 3771 677 3821 enim
711 3769 870 3820 subire
901 3765 1088 3820 eodem
1114 3766 1279 3818 modo
1309 3764 1392 3817 di-

389 3861 553 3916 ctum,
570 3861 632 3900 ut
651 3850 916 3921 negotium
931 3845 1122 3913 subire,
1138 3843 1395 3916 defensio-

392 3945 510 3979 nem
529 3927 722 3994 subire,
742 3939 795 3978 et
814 3925 1013 3979 similia.
1036 3923 1137 3980 Sed
1155 3924 1266 3976 haec
1281 3939 1392 3975 om·

392 4006 479 4057 nia
506 4023 602 4077 per
622 4006 763 4058 viros
790 4004 976 4057 doctos
1004 4005 1184 4075 ignota
1213 4019 1396 4056 mane-

394 4095 549 4152 rent,
586 4101 814 4158 quorum
856 4083 1098 4138 socordia
1145 4096 1397 4136 constans

398 4165 632 4217 omnium
658 4163 914 4217 librorum
943 4165 1234 4236 scriptura,
1262 4183 1293 4216 a
1321 4166 1397 4233 je-

1519 1417 1563 1453 1.
1602 1402 1752 1474 ¹Male
1788 1403 2009 1456 dicendi.
2038 1399 2241 1469 Turic.‚
2281 1403 2452 1455 madi-

1442 1482 1608 1533 cendi.
1635 1482 1803 1534 Cane.
1822 1521 1839 1548 ‚
1863 1480 2017 1534 malis
2048 1482 2269 1534 dicendi.
2303 1484 2449 1534 Jens.

1440 1560 1578 1631 (tac.
1623 1562 1825 1631 Gesn.)
1866 1576 1918 1615 et
1960 1561 2079 1614 edd.
2126 1575 2289 1633 posit.
2331 1574 2452 1613 ante

1442 1637 1568 1691 Bad.
1585 1678 1601 1708 ,
1627 1652 1678 1691 et
1699 1639 1843 1692 male
1865 1639 1990 1691 aud.

1517 1739 1563 1772 a.
1613 1720 2000 1773 Proesumenda.
2048 1745 2069 1767 α
2096 1721 2312 1792 Sumpta
2361 1738 2457 1791 pa-

1449 1820 1471 1843 ·
1493 1799 1674 1850 tientia
1690 1817 1987 1869 praeparare
2004 1818 2059 1851 se
2070 1796 2228 1850 debet
2240 1797 2308 1850 ad
2319 1796 2455 1850 male

1451 1901 1473 1924 ιι
1495 1877 1835 1930 audiendum.
1861 1903 1884 1926 ι

1518 1957 1567 2009 3.
1595 1953 1957 2008 Petulantium
1979 1955 2193 2027 patroni
2206 1976 2223 2014 ;
2252 1955 2324 2006 sic
2345 1953 2453 2026 Tu-

1448 2035 1542 2087 ric.
1568 2033 1709 2085 Flor.
1733 2033 1908 2087 Guelf.
1940 2032 2104 2084 Cam».
2134 2032 2347 2084 luverso
2374 2049 2458 2081 or-

1448 2111 1571 2164 dine
1595 2112 1801 2183 reliqui.
1828 2111 1936 2164 Illo
1964 2112 2071 2184 t'pso
2086 2151 2105 2179 ‚
2130 2109 2289 2165 Goth.
2316 2109 2454 2181 (tac.

1450 2189 1652 2261 Gesn.)
1676 2190 1840 2242 Csur.

1522 2267 1574 2336 4.
1607 2267 1755 2338 Quod
1769 2290 1786 2330 ,·
1819 2268 1891 2320 sic
1919 2263 2097 2318 Turic.
2125 2265 2267 2318 Flor.
2292 2261 2458 2316 CAur.

1457 2349 1606 2419 Quo,
1636 2347 1858 2421 reliqui:
1891 2343 2036 2419 quod
2065 2344 2305 2397 scabram
2337 2344 2462 2395 facit

1454 2429 1773 2492 orationem,
1793 2441 1843 2481 et
1864 2428 1915 2478 in
1939 2446 1994 2479 se
2015 2429 2188 2499 ipsum
2205 2423 2460 2497 quodam-

1454 2506 1617 2559 modo
1643 2504 1958 2559 redeuntem
1981 2523 2210 2558 sensum.
2236 2502 2334 2556 Sed
2358 2501 2463 2553 hoc

1454 2586 1662 2639 facilius
1686 2587 1909 2638 sentitur
1931 2604 2087 2655 quam
2112 2583 2283 2636 verbis
2305 2601 2465 2652 expo·

1458 2661 1617 2715 tiitur.
1653 2663 1831 2730 Quare
1865 2663 1988 2714 satis
2023 2659 2195 2714 habeo
2229 2674 2464 2714 nostram

1457 2744 1774 2813 scripturam
1798 2754 1851 2793 et
1872 2738 2134 2792 Codicum
2157 2740 2468 2792 auctoritate

1458 2819 1700 2886 firmare,
1739 2834 1792 2873 et
1828 2837 1927 2871 usu
1964 2819 2292 2888 Quintiliani.
2330 2815 2466 2870 Nam

1456 2901 1595 2951 infra
1610 2901 1768 2952 etiam
1782 2917 1899 2970 cap.
1921 2915 2001 2963 ιο,
2011 2897 2057 2965 S.
2075 2915 2153 2967 17,
2169 2895 2310 2967 quod
2319 2897 2471 2967 poui-

1459 2991 1546 3030 tur
1568 2980 1668 3045 ita‚
1690 2992 1748 3029 ut
1774 2980 2030 3030 rationem
2053 2976 2239 3027 reddat
2262 2988 2470 3028 senten-

1459 3055 1541 3108 tiae
1584 3058 1875 3127 proposita?
1895 3093 1912 3120 ‚
1959 3055 2254 3124 mutarique
2300 3055 2468 3124 possit

1464 3151 1585 3187 cum
1622 3134 1891 3206 particulis
1925 3153 2083 3200 nam,
2116 3135 2341 3207 quippe;
2381 3151 2474 3184 ne-

1468 3231 1570 3286 que
1589 3211 1841 3279 dubium,
1863 3215 1988 3283 quin
2008 3212 2172 3265 multa
2193 3233 2220 3264 e
2240 3212 2475 3284 superio-

1465 3294 1612 3347 ribus
1648 3296 1803 3347 etiam
1842 3289 2079 3365 e'xempla
2117 3293 2310 3345 afferre
2347 3310 2478 3362 pos-

1468 3391 1579 3426 sem
1598 3411 1616 3436 ‚
1667 3374 1712 3426 si
1755 3372 1927 3424 minus
1970 3371 2168 3442 hospes
2213 3369 2280 3422 ad
2325 3368 2470 3422 hunc

1468 3452 1779 3524 scriptorem
1805 3447 2158 3503 accessissem.

1542 3530 1593 3584 5.
1629 3528 1918 3582 maledicus
1949 3545 1984 3579 a
2017 3521 2271 3601 malefico.
2293 3526 2474 3578 Turic.

1469 3610 1610 3663 Flor.
1624 3646 1641 3673 ,
1661 3607 1966 3660 maledictus
1981 3626 2014 3657 a
2034 3601 2286 3677 malefitt'o
2305 3604 2474 3674 (Flor.

1473 3687 1773 3760 malevitt‘o)
1807 3701 1913 3740 non
1950 3685 2124 3739 dictat.
2169 3684 2479 3738 Maledictus

1474 3783 1553 3822 est
1580 3771 1739 3821 etiam
1766 3769 1821 3819 iu
1849 3763 2023 3819 Guelf.
2053 3767 2197 3817 Jens.
2232 3763 2480 3833 (tacente

1473 3843 1746 3917 Gesnero)
1778 3845 1830 3898 et
1863 3843 1984 3897 edd.
2015 3855 2177 3917 posit.
2209 3855 2331 3895 aute
2355 3841 2474 3894 Ald.

1474 3923 1576 3979 Sed
1602 3925 1682 3977 hae
1706 3938 1828 3977 sunt
1853 3924 2242 3976 abet-rationes:
2271 3941 2337 3974 ne
2362 3923 2479 3993 quis

1473 4005 1613 4057 forte
1647 4016 1810 4055 tentet
1843 4001 2176 4056 maledictum
2209 4019 2242 4052 a
2279 3998 2482 4074 malefi-

1477 4085 1589 4146 cio,-
1623 4077 1769 4155 quod
1799 4097 1980 4134 verum
2003 4097 2218 4134 sensum
2245 4091 2354 4131 nou
2389 4077 2484 4131 ha-

1475 4159 1643 4216 beret.
1679 4191 1749 4202 —
1769 4159 1951 4213 Nostri
1981 4158 2109 4211 dant
2142 4156 2230 4211 alii
2262 4157 2484 4211 maledi-
