3200 5159
757 447 903 528 »460

1341 449 1435 513 M.
1476 448 1704 512 mnu
1743 449 2302 531 QUmTtLtAM
2413 423 2426 428 ’

774 569 1299 670 quodammodo
1347 571 1680 645 mandata
1736 574 2035 672 perferet
2059 632 2079 666 ,
2135 596 2203 648 et
2252 603 2377 666 ea,
2434 601 2590 676 quae
2645 574 2780 648 sibi
2830 603 2872 648 a

762 685 1007 786 judice
1036 685 1222 759 credi
1250 687 1720 786 postulaturus
1759 710 1894 780 est,
1935 688 2164 762 aliena
2191 690 2329 764 fide
2366 691 2585 782 dicet3
2629 713 2700 765 et
2727 692 2871 791 ipse

771 799 1201 900 litigantium
1252 801 1617 877 auxiliator
1674 803 1907 903 egebit
1957 805 2213 879 auxilio
2244 820 2290 879 ¹.
2335 806 2550 897 Quod
2593 827 2670 878 ut
2720 807 2871 879 fieri

772 943 1292 1019 nonnunquam
1316 919 1587 991 minore
1620 918 2071 994 incommodo
2104 923 2350 1022 possit,
2376 951 2603 1025 quum
2634 923 2872 997 ’domi

772 1071 936 1125 Cim.
964 1075 1026 1124 In
1056 1072 1271 1144 vulgata
1296 1076 1433 1128 sicut
1461 1085 1514 1126 et
1542 1087 1787 1147 mnspo-

772 1166 907 1205 nunt
943 1153 1111 1207 Stoer.
1135 1151 1361 1207 Chouet.
1385 1153 1534 1207 Leid.
1558 1153 1783 1207 Gibson.

771 1231 946 1284 Burm.
968 1234 1267 1305 Capperon.
1299 1250 1462 1304 quum
1485 1235 1541 1284 in
1570 1234 1786 1285 minutis

770 1307 917 1363 bisce
939 1310 1165 1383 plurima
1190 1311 1401 1364 turbata
1426 1314 1560 1378 sint,
1586 1324 1786 1363 rectam

769 1391 1027 1441 rationem
1062 1407 1296 1442 servasse
1323 1389 1532 1442 videtur
1554 1390 1786 1462 Campa-

771 1487 872 1522 nus
905 1469 1013 1540 (et,
1038 1467 1210 1541 utfit,
1236 1480 1373 1523 certa
1397 1486 1516 1543 quoe
1543 1469 1599 1520 in
1624 1488 1669 1521 c.
1692 1469 1781 1541 s.).

768 1547 889 1615 Qua
932 1550 1189 1619 scriptura
1236 1548 1461 1601 admissa
1503 1550 1785 1622 participia

769 1629 870 1679 ista
912 1641 994 1679 sat
1042 1647 1323 1682 numerosa
1344 1667 1360 1696 ,
1406 1643 1466 1682 ut
1496 1642 1782 1723 precepta?

770 1708 1052 1779 composita
1069 1747 1088 1775 ,
1114 1711 1251 1761 sicut
1266 1722 1317 1762 et
1333 1728 1455 1760 mox
1468 1720 1635 1775 certa,
1653 1710 1788 1761 acci-

767 1789 983 1859 piantur
1022 1806 1122 1859 pro
1151 1787 1454 1841 nominibus
1496 1786 1786 1841 substanti·

768 1868 874 1933 vis,
917 1868 1127 1941 coquita
1153 1881 1359 1936 autem,
1400 1882 1670 1940 tamquam
1694 1887 1787 1920 ve-

769 1963 885 1998 rum
932 1949 1267 2020 participium
1291 1986 1309 2014 ,
1367 1946 1667 2020 applicetur
1709 1946 1786 2000 illi

767 2035 920 2079 certa.
954 2047 977 2071 ι
992 2027 1128 2078 Fieri
1150 2038 1331 2097 potest
1350 2027 1463 2078 siue
1488 2042 1682 2097 magno
1703 2027 1787 2077 in-

773 2103 1099 2158 «commodo
1122 2142 1140 2170 ,
1190 2117 1250 2157 ut
1306 2104 1479 2157 aliena
1502 2141 1520 2170 ‚
1579 2102 1786 2176 sibique

774 2207 797 2231 ι
818 2183 1031 2237 aliunde
1054 2182 1275 2252 tradita,
1310 2186 1631 2258 pronunciet
1664 2202 1787 2236 ora-

773 2286 796 2310 ·
816 2277 900 2315 tor
911 2275 1170 2333 quatenus
1183 2281 1300 2335 quae
1316 2281 1345 2314 a
1360 2261 1622 2334 litigatore
1637 2260 1786 2315 domi

773 2361 795 2388 α
810 2351 1067 2415 proecepta
1091 2365 1114 2388 ιι
1156 2339 1179 2410 (
1198 2343 1272 2393 sic
1312 2339 1563 2393 dicuntur
1583 2378 1600 2404 ‚
1644 2358 1785 2411 quo·

764 2424 908 2473 niam
925 2420 1154 2472 discente
1169 2433 1399 2491 patrono
1414 2420 1660 2493 proecipt't
1678 2419 1784 2473 liti·

767 2497 950 2570 flator)
997 2501 1274 2570 :accepit,
1308 2512 1362 2551 et
1382 2498 1694 2570 composita,
1729 2496 1783 2551 id

775 2599 797 2626 α
820 2592 928 2642 est,
957 2575 1201 2630 condicta
1217 2615 1235 2644 ‚
1258 2581 1383 2631 item
1414 2588 1555 2630 certa
1574 2595 1699 2649 quoe
1727 2579 1783 2631 t‘n

772 2681 795 2705 ι
815 2677 971 2712 causa
993 2668 1144 2724 sunt,
1172 2656 1227 2708 id
1254 2669 1361 2724 est,
1385 2667 1592 2728 partem
1615 2675 1784 2710 causoe

773 2760 795 2784 a
816 2734 955 2789 nulli
984 2735 1297 2788 dubitationi
1327 2736 1606 2787 obnoxiam
1632 2734 1783 2806 (vide

773 2839 796 2863 ι
817 2817 890 2882 11,
929 2816 991 2883 4,
1019 2814 1118 2876 33;
1157 2813 1257 2880 111,
1282 2813 1445 2880 4,·8ς
1480 2813 1577 2877 111,
1603 2812 1664 2880 5,
1690 2812 1780 2885 3),

773 2920 795 2942 ι
816 2914 975 2968 quam
998 2892 1171 2965 probe
1195 2895 1272 2959 ei,
1300 2905 1359 2945 ut
1382 2892 1492 2944 [ieri
1512 2890 1677 2958 solet,
1696 2894 1781 2944 in-

773 2997 796 3021 ·
817 2974 1044 3027 culcavit
1067 2974 1326 3043 litigator,
1352 2984 1615 3044 quatenus
1639 2971 1780 3039 haec,

774 3079 796 3100 ι
815 3057 1060 3126 inquam,
1087 3052 1259 3123 judici
1288 3061 1578 3123 exponet.»
1608 3050 1783 3104 Habet

768 3151 894 3187 sane
915 3131 1046 3185 illud
1069 3143 1132 3184 ut
1142 3128 1219 3204 fit
1241 3131 1571 3203 aliquantum
1593 3130 1783 3185 obscu-

765 3215 933 3266 ritatis
948 3250 966 3279 ,
1011 3215 1147 3265 sitne
1191 3209 1259 3264 ad
1297 3210 1507 3283 cognita
1552 3211 1782 3262 referen-

766 3290 922 3356 dum,
953 3293 1090 3343 sicut
1123 3287 1298 3341 adbuc
1321 3290 1435 3359 ipse
1462 3290 1778 3359 interpreta-

766 3381 852 3420 tus
868 3386 983 3419 sum
996 3405 1014 3433 ‚
1034 3385 1099 3419 an
1121 3366 1186 3418 ad
1209 3365 1451 3436 perferet.
1468 3370 1529 3419 ln
1544 3365 1647 3419 hae
1663 3368 1778 3438 qui-

766 3447 889 3500 dem
912 3449 1116 3499 ratione
1140 3446 1251 3498 {ieri
1282 3444 1440 3516 vulgo
1469 3445 1611 3499 dicet
1637 3450 1780 3500 Nos-

766 3540 873 3591 ter,
898 3539 957 3577 ut
975 3538 1112 3579 certa
1128 3528 1183 3577 in
1198 3543 1355 3577 causa
1367 3565 1384 3592 ,
1398 3544 1572 3597 neque
1587 3545 1779 3598 magna

760 3605 1127 3678 jurisconsulti
1142 3604 1375 3657 sollertia
1393 3606 1626 3657 eruenda
1638 3644 1655 3672 ,
1669 3624 1781 3658 ver-

766 3687 900 3740 bose
934 3696 1162 3737 tractent
1204 3697 1440 3737 oratores
1487 3683 1573 3737 illi-
1596 3703 1625 3737 a
1650 3688 1783 3758 juris

768 3763 933 3818 civilis
957 3765 1177 3815 seientia
1204 3760 1379 3815 alieni.
1417 3784 1440 3808 ιι
1461 3762 1733 3835 Quidquid
1751 3782 1783 3816 a

774 3867 797 3891 ι
818 3843 1047 3897 docente
1078 3843 1339 3912 litigatore
1369 3844 1655 3896 resciscere
1680 3863 1784 3915 po·

776 3948 799 3972 a
819 3939 918 3977 test
934 3938 1219 3995 patronus,
1243 3923 1297 3974 id
1313 3923 1525 3995 quidem
1546 3937 1631 3975 sat
1644 3923 1779 3977 bene

776 4027 800 4050 a
821 4002 1024 4054 orando
1053 4000 1475 4069 commendabit,
1513 4001 1596 4053 vel
1637 4002 1782 4056 nulla

776 4103 800 4126 a
813 4082 947 4150 juris
984 4081 1169 4152 peritia
1205 4079 1453 4149 adjutus:
1481 4079 1575 4132 sed
1618 4095 1780 4153 quota

777 4181 801 4206 ι
822 4158 933 4211 luc
959 4173 1081 4232 part
1107 4170 1187 4211 est
1220 4160 1276 4210 in
1316 4171 1425 4211 tota
1459 4160 1670 4213 actione
1698 4159 1780 4216 di-

1872 1076 2282 1130 ·-cendorumi'
2332 1075 2524 1151 [Hanc
2556 1079 2654 1130 viri
2685 1078 2875 1150 optimi
2927 1109 2942 1128 ι

1866 1152 2368 1210 demonstrationem
2387 1194 2405 1223 ‚
2447 1176 2552 1230 qua
2588 1154 2720 1209 mibi
2760 1157 2875 1227 qui·

1865 1230 1987 1283 dem
2008 1235 2223 1286 minime
2239 1237 2527 1307 persuasit,
2549 1253 2787 1307 premere
2803 1248 2878 1286 ta·

1865 1329 1987 1363 men
2005 1312 2154 1365 nefas
2178 1311 2330 1377 duxi3
2353 1315 2477 1380 etsi,
2497 1312 2643 1386 quod
2662 1312 2877 1366 volebat

1864 1386 2034 1456 idem,
2057 1392 2290 1462 recipere
2313 1393 2369 1443 in
2394 1404 2594 1444 textum
2617 1392 2876 1462 Campani

1864 1469 2178 1541 scripturam
2189 1472 2548 1524 nonsustinui
2560 1470 2696 1522 Nam
2708 1489 2879 1542 quum

1865 1550 2022 1601 toties
2053 1549 2300 1643 similium
2334 1570 2526 1604 vocum
2557 1550 2878 1603 confusione

1866 1705 1993 1759 levis
2018 1725 2145 1760 sane
2177 1727 2322 1762 error
2349 1722 2460 1761 erat
2478 1704 2556 1780 fit
2577 1719 2639 1760 ut
2673 1708 2876 1761 facien-

1865 1786 1996 1837 tium
2021 1804 2084 1838 ex
2099 1785 2191 1839 illo
2208 1788 2367 1853 sicut,
2394 1800 2446 1840 et
2468 1799 2606 1839 certa
2630 1806 2659 1840 e
2676 1797 2873 1849 aetem,-

1866 1863 2248 1935 manifestaque
2275 1862 2436 1938 hujus
2464 1868 2732 1939 scriptura
2756 1883 2872 1918 eor—

1864 1954 2073 1993 rectura
2098 1956 2177 1994 est
2195 1942 2328 1995 illud
2351 1943 2500 2016 quod
2515 1947 2569 1996 in
2597 1943 2711 1996 sola
2736 1946 2876 2016 priu-

1865 2021 1972 2091 cipi
1996 2019 2228 2072 editione
2250 2020 2457 2093 legitur.
2478 2023 2671 2075 Sensus
2695 2036 2874 2075 autem

1864 2096 2086 2168 vulgatae
2101 2097 2228 2149 mihi
2238 2098 2452 2170 quidem
2467 2100 2749 2172 impeditus
2763 2118 2872 2152 uon

1863 2176 2086 2230 videtur.
2119 2201 2141 2224 α
2160 2178 2283 2231 Νοιι
2309 2197 2502 2250 magno
2529 2178 2872 2232 incommodo

1871 2280 1894 2304 ιι
1914 2258 2025 2310 haec
2062 2260 2247 2324 etiam,
2288 2277 2403 2330 quae
2436 2272 2560 2312 sunt
2583 2278 2613 2311 e
2642 2264 2764 2332 jure
2794 2262 2873 2312 ci-

1872 2337 2004 2388 nvili
2036 2337 2295 2409 petenda,
2333 2337 2477 2391 domi
2511 2358 2540 2391 a
2564 2342 2871 2412 jurisperito

1872 2439 1895 2463 ι
1915 2429 2177 2489 pra-cepta
2198 2431 2252 2469 et
2278 2421 2574 2490 composita
2605 2417 2757 2489 (vide
2775 2420 2870 2485 lv,

1872 2518 1895 2542 ι
1923 2514 1942 2547 ι
1959 2534 1977 2562 ,
1990 2495 2088 2567 54)
2108 2508 2160 2547 et
2174 2514 2295 2547 cum
2311 2499 2536 2563 caeteris,
2560 2515 2674 2569 quae
2687 2500 2742 2549 in
2753 2499 2870 2570 ipsa

1870 2598 1893 2622 ι
1913 2594 2076 2628 causa
2112 2590 2264 2645 sunt,
2295 2578 2350 2629 in
2381 2576 2633 2630 discendo
2657 2580 2872 2648 cognita

1870 2676 1893 2700 ιι
1914 2654 1981 2707 ad
2014 2653 2250 2725 judicem
2291 2656 2536 2727 perferet.
2562 2679 2584 2703 a
2623 2655 2825 2708 Burni.
2850 2652 2871 2728 ]

1862 2734 2148 2806 Perfer-itt,
2173 2736 2446 2787 Tui-icens.
2472 2733 2611 2787 Flor.
2635 2734 2870 2808 Persen,

1861 2812 2039 2866 Ambr.
2070 2831 2130 2882 2,
2153 2832 2274 2866 cum
2298 2812 2458 2866 Goth.
2484 2816 2637 2866 Voss.
2662 2831 2721 2879 ι,
2746 2812 2871 2874 Ald.

1860 2894 2112 2965 Pae-fen,
2137 2893 2313 2949 Guelf.
2339 2893 2464 2946 Exe.
2490 2894 2634 2946 sant.
2664 2894 2729 2944 In
2761 2894 2868 2962 his,

1860 2973 2022 3026 Ciu».
2043 2976 2338 3025 Pronomen
2366 2974 2615 3024 omittunt
2636 2969 2798 3024 Goth.
2817 2985 2871 3024 ct

1861 3053 1982 3106 edd.
2008 3051 2121 3105 rell.
2149 3067 2271 3106 ante
2295 3052 2413 3105 Ald.
2445 3052 2868 3124 Quoest'tiont'bus‚

1859 3132 1998 3185 Flor.
2024 3133 2145 3204 Ipsa
2165 3133 2514 3186 sanctionibus
2537 3133 2705 3195 nasci,
2725 3130 2868 3184 Flor.

1862 3213 2021 3281 quiet
2042 3229 2164 3262 mox
2188 3229 2294 3263 non
2320 3213 2542 3275 omittit,
2561 3209 2652 3262 sed
2675 3208 2868 3263 lacuna

1859 3288 2059 3341 relicta.
2095 3290 2358 3360 Res-pectet
2391 3289 2492 3341 nisi
2520 3287 2733 3342 satuens·
2763 3307 2867 3358 πμ,

1857 3368 2034 3420 Turic.
2068 3366 2206 3421 Flor.
2241 3366 2360 3438 (bic
2390 3367 2604 3440 quidem
2632 3367 2864 3440 subseli).

1856 3447 1932 3498 fle
1949 3457 2140 3518 spectet
2161 3447 2297 3498 inter
2315 3466 2353 3498 s.
2375 3465 2446 3497 m.
2458 3485 2478 3513 ,
2502 3447 2666 3499 Cnn.

1937 3541 1981 3577 ι.
2014 3527 2203 3599 Egebit
2227 3525 2443 3578 metilia.
2473 3524 2668 3577 Similia
2701 3524 2870 3578 habes

1856 3605 1955 3669 Vl,
1983 3604 2048 3670 4.,
2073 3604 2135 3670 6,
2156 3621 2217 3674 7,
2241 3604 2362 3672 ubi,
2385 3617 2445 3656 ut
2466 3622 2590 3656 mox
2619 3602 2707 3657 hic
2736 3622 2869 3675 quo·

1863 3704 1994 3757 que,
2019 3685 2255 3737 minores.

1936 3782 1983 3816 2.
2014 3763 2188 3832 Quum
2206 3762 2407 3814 domi...
2431 3761 2744 3834 adjudicent
2755 3780 2872 3833 per*

1852 3841 2009 3915 feret.
2043 3841 2177 3893 Vide
2211 3856 2394 3894 notam
2425 3840 2460 3908 4
2501 3859 2681 3912 supra.
2723 3840 2869 3908 Quid

1860 3925 1926 3975 sit
1957 3939 2163 3974 causam
2195 3921 2416 3986 discere,
2451 3938 2573 3971 mox
2602 3918 2872 3973 enarrabit

1859 4004 2055 4054 Noster
2071 4003 2260 4073 *capite
2303 3999 2461 4070 hujus
2497 3997 2617 4050 libri
2655 4011 2864 4051 octavo.

1859 4080 1993 4132 Vide
2026 4078 2118 4131 lib.
2136 4080 2203 4144 V,
2226 4098 2344 4152 cap.
2373 4096 2403 4149 7
2421 4117 2438 4146 ,
2464 4075 2509 4150 §.
2538 4092 2599 4148 73
2627 4075 2727 4150 lib.
2745 4078 2870 4143 vu,

1863 4178 1979 4231 cap.
2015 4174 2033 4208 ι
2053 4195 2069 4225 ,
2096 4155 2142 4228 §.
2167 4157 2216 4223 4.
2823 4199 2834 4208 .
