3200 5159
643 504 1293 573 INSTITUTIONIS
1329 505 1590 571 ORAT.
1628 508 1787 571 Lm.
1827 510 1915 583 X,
1961 532 2019 595 7.
2258 507 2366 569 181

277 657 408 704 nec
439 630 601 703 satis
630 652 763 719 est,
794 640 951 701 non‘
977 629 1292 727 ignorare
1311 658 1342 719 ‚·
1370 655 1525 729 quae
1555 649 1722 701 sunt
1758 638 2124 702 causarum
2147 644 2163 673 ¹
2197 628 2379 729 judi-

275 743 565 817 cialium
600 764 865 843 parteS,
901 764 1021 815 aut
1052 743 1517 843 quaestionum
1559 744 1882 816 ordinem
1916 766 2095 817 recte
2135 744 2377 843 dispo-

279 888 481 949 nere,
506 887 935 959 quamquam
959 874 986 904 ²
1014 861 1141 932 ista
1164 859 1304 933 sint
1325 860 1675 961 praecipua
1698 891 1715 951 ;
1747 861 1867 933 sed
1897 861 2066 961 quid
2095 886 2376 960 quoque

278 975 433 1047 loco
463 976 776 1075 primum
812 974 897 1047 sit
927 1001 1004 1047 ac
1025 972 1053 1022 3
1082 975 1513 1079 secundum,
1546 996 1614 1048 et
1650 975 2056 1076 deinceps4:
2095 1001 2249 1075 quae
2285 975 2381 1047 ita

276 1111 462 1162 sunt·
492 1110 744 1162 natura
785 1091 1143 1190 copulata,
1193 1113 1272 1163 ut
1308 1091 1635 1183 mutat-3⁵,
1671 1113 1793 1163 aut
1842 1091 2181 1164 intervelli
2225 1090 2373 1162 sine

279 1203 744 1277 confusione⁶
788 1231 933 1275 non
979 1206 1268 1305 possint.
1311 1206 1652 1307 Quisquis
1692 1229 1926 1280 autem
1965 1208 2073 1278 via
2107 1205 2376 1295 vdicet,

278 1318 573 1391 ducetur
626 1340 784 1391 ante
837 1319 1126 1393 omnia⁸
1177 1348 1438 1394 rerum·
1467 1321 1615 1422 ipsa
1665 1321 1874 1413 serie,
1920 1322 2111 1394 velut
2160 1322 2376 1408 duce;

276 1455 563 1532 propter
604 1434 793 1531 quod
835 1435 1157 1508 homines
1199 1436 1407 1508 etiam
1457 1436 1735 1509 modice
1777 1437 2148 1529 exercitati,
2182 1436 2380 1509 facil-

279 1547 456 1621 lime
499 1538 810 1625 tenorem
856 1551 929 1625 in
974 1551 1489 1624 narrationibus
1529 1573 1838 1629 servant:
1872 1551 2166 1642 deinde,
2208 1552 2379 1652 quid

280 1691 564 1767 quoque
599 1665 753 1737 loco
787 1688 1133 1763 quaerant,
1168 1669 1420 1759 scient,
1445 1695 1572 1739 nec
1601 1668 2378 1767 9circumspectabunt3

279 1806 412 1855 nec
445 1780 899 1855 offerentibus
932 1809 1003 1857 se
1039 1782 1323 1855 aliunde
1365 1783 1682 1857 sensibus
1717 1783 2221 1872 turbabuntur,
2252 1812 2379 1862 nec

280 1893 786 1966 confisndent¹⁰
801 1923 880 1967 ex
900 1895 1177 1968 diversis
1201 1897 1615 1987 orationem,
1631 1897 1819 1969 velut
1840 1897 2181 1969 salientes¹
2197 1914 2213 1944 ¹
2242 1897 2380 1969 huc

281 2006 485 2097 illuc,
521 2037 649 2083 nec
678 2037 981 2109 usquam
1009 2026 1062 2057 ¹²
1090 2012 1479 2085 insistentes
1507 2010 1598 2083 ¹³:
1638 2032 1988 2111 postremo
2020 2011 2384 2085 habebunt

217 2170 222 2181 ·
285 2123 588 2195 modum
618 2147 683 2199 et
710 2127 965 2219 finem,
1000 2128 1122 2226 qui
1151 2156 1295 2231 esse
1327 2129 1496 2201 citra
1528 2128 1940 2203 divisionem
1976 2127 2212 2199 nullus
2247 2154 2381 2226 po-

362 2329 405 2362 1.
434 2314 732 2366 causarum.
753 2317 930 2369 Turic.
951 2316 1091 2369 Flor.
1115 2316 1238 2389 (hic
1262 2336 1292 2369 a
1372 2318 1528 2369 discet
1547 2315 1598 2367 d.
1613 2352 1631 2381 ,
1660 2314 1804 2388 quod
1826 2317 1881 2368 in
1905 2315 2097 2389 quibus
2119 2316 2383 2388 exempla·

285 2407 368 2460 pr.
395 2392 580 2462 manu)
603 2396 870 2446 omittunt.
1371 2397 1517 2449 ribus
1541 2400 1584 2450 is
1609 2399 1701 2468 qui
1724 2396 1830 2447 hoc
1852 2409 2076 2450 testatur
2093 2398 2286 2466 Regius
2306 2398 2380 2447 in·

356 2487 405 2522 a.
437 2473 829 2545 Quamquam...
853 2475 990 2539 sint5
1014 2478 1088 2528 sic
1111 2478 1290 2530 Turio.
1370 2477 1603 2542 venerit,
1638 2475 1884 2547 equidem
1911 2493 2020 2527 nou
2048 2478 2257 2546 reperio
2274 2512 2291 2541 ,
2320 2488 2380 2525 ut

287 2547 426 2601 Flor.
450 2548 657 2622 Reliqui
679 2572 769 2627 q...
793 2565 932 2605 sunt.

354 2628 407 2680 3.
443 2628 525 2680 Sit
556 2650 619 2682 ae
643 2633 942 2686 secundum.
967 2635 1142 2685 Turio.
1159 2672 1176 2699 ‚
1203 2632 1293 2686 sed

281 2704 352 2755 ad
378 2723 456 2765 s.‚·
493 2724 527 2757 a
563 2726 668 2761 see.
704 2729 864 2763 manu
895 2724 1132 2765 nostrum
1165 2730 1289 2763 cum

281 2787 454 2837 Ἶσις(
477 2802 524 2852 1,
557 2788 606 2839 3.
647 2788 748 2840 Sed
782 2791 952 2857 Floru,
982 2792 1026 2843 si
1056 2791 1128 2843 ad
1150 2810 1226 2856 s.;
1259 2809 1290 2843 a

287 2882 390 2915 see.
412 2882 574 2916 manu
591 2868 658 2919 sit
674 2868 807 2938 quid
821 2887 859 2921 s.
872 2907 891 2936 ,
913 2882 964 2921 et
983 2870 1058 2921 sic
1080 2868 1266 2939 reliqui
1279 2905 1296 2934 ,

287 2960 397 2994 exc.
413 2942 590 2995 Guelf.
604 2982 622 3011 ‚
636 2948 778 3017 quis.
795 2957 954 3020 atque
965 2966 1026 3015 s.,
1043 2961 1095 3000 et
1107 2947 1295 3012 Cium,

288 3024 379 3093 qui
399 3042 441 3076 s.
466 3024 694 3097 quidque
713 3045 752 3078 s.

295 3136 306 3143 ·
357 3102 407 3168 4.
445 3104 518 3154 Et
545 3104 811 3177 deincep53
840 3108 916 3159 sic
942 3107 1117 3158 Turic.
1147 3104 1286 3158 Flor.

283 3182 491 3254 Reliqui
513 3201 576 3234 ac
599 3184 850 3257 deinceps.

356 3260 408 3313 5.
433 3264 665 3330 Mutari,
691 3275 788 3315 aut
808 3264 1082 3318 intervelli.
1113 3287 1136 3311 ι
1155 3263 1290 3316 Vide

293 3358 316 3385 ιι
337 3340 462 3403 ΧΠ,
484 3358 548 3410 9,
575 3359 652 3411 17.
676 3366 700 3389 ιν
726 3343 1006 3396 Gesner-us.

353 3418 406 3470 6.
438 3420 769 3491 conflatione.
795 3422 1001 3490 caele,
1022 3422 1290 3494 confessio·

261 3508 368 3549 'ne.
388 3497 523 3550 Vide
546 3501 633 3565 IV,
661 3519 720 3566 2,
744 3500 830 3571 47.

359 3596 410 3649 7.
441 3578 496 3628 V
493 3578 545 3629 ia
573 3579 738 3645 dicet,
768 3580 1018 3641 ducetur-‚-
1053 3582 1126 3632 sic
1150 3579 1291 3631 Flor.

293 3655 360 3709 Vi
385 3656 561 3708 adicer
584 3656 737 3710 dueet
767 3659 995 3725 ducetur,
1014 3659 1188 3709 Turio.
1224 3658 1295 3713 Vi

287 3733 557 3787 adiciad.
577 3773 596 3800 ,
637 3754 666 3787 a
703 3754 1030 3789 accamanu.
1057 3735 1297 3788 Adducet

286 3813 338 3863 d.
351 3853 368 3879 ‚
382 3814 559 3866 Guelf.
582 3813 841 3888 Viamque
859 3816 1016 3869 discet
1032 3814 1084 3867 d.
1094 3854 1113 3880 ‚
1130 3816 1292 3867 cnm

294 3893 450 3945 Viam
463 3893 621 3945 discet
633 3895 684 3946 d.
699 3934 718 3961 ,
733 3895 892 3948 Goth.
905 3899 1059 3948 Voss.
1085 3912 1112 3946 2
1126 3934 1142 3961 ‚
1160 3894 1292 3947 Van.

289 3970 416 4024 nod.
443 3972 595 4024 Besil.
627 3973 780 4025 Viam
801 3974 953 4026 ducet
968 3973 1051 4038 d.,
1068 3975 1220 4027 Voss.
1242 3974 1292 4028 3.

296 4050 394 4103 Via
432 4050 651 4103 ducetur
683 4053 735 4104 d.
755 4091 774 4119 ,
810 4055 953 4106 Jens.
993 4072 1116 4105 cum
1146 4051 1295 4105 editt.

293 4142 517 4202 postet-r.
562 4143 685 4185 ante
718 4131 837 4183 Ald.
880 4131 1019 4203 (err.
1060 4134 1232 4184 Burm.
1253 4132 1293 4203 ).

1369 2556 1536 2627 ipsius
1558 2554 1789 2625 glossam
1810 2567 2012 2625 putem.

1449 2635 1498 2686 8.
1524 2634 1665 2685 Ante
1686 2635 1922 2684 omnia...
1949 2631 2149 2686 deinde.
2168 2631 2298 2684 Vide
2317 2634 2382 2699 V,

1384 2713 1445 2765 13
1461 2750 1479 2777 ‚
1505 2713 1558 2765 6.
1590 2712 1826 2765 Insolens
1854 2726 2063 2778 tamen,
2088 2710 2233 2783 quod
2260 2723 2385 2783 post

1375 2791 1609 2864 quisquis
1657 2790 1892 2844 seeundo
1948 2791 2069 2844 loeo
2124 2790 2383 2862 pluralem

1377 2882 1627 2941 usui-pan
1653 2869 1745 2923 sed
1769 2872 2156 2923 intervenerant
2176 2871 2261 2921 isti
2286 2870 2382 2924 Ιιο·

1373 2952 1566 3016 mines,
1590 2949 1659 3002 ad
1684 2968 1818 3021 quos
1842 2949 2052 3003 deflexit
2076 2952 2262 3001 oratio.

1444 3047 1495 3100 9.
1545 3029 2071 3100 circumspectabunt.
2105 3031 2377 3082 Tur-icens.

1374 3105 1542 3171 Flor„
1569 3123 1686 3157 rum
1708 3124 1785 3177 sp.
1811 3103 1902 3156 Ille
1927 3123 1957 3157 a
1981 3122 2085 3158 sec.
2108 3124 2268 3158 manu
2286 3109 2381 3183 ⁸ite·

1372 3204 1489 3237 rum
1512 3205 1584 3247 s.,·
1608 3183 1696 3237 hic
1721 3199 1976 3237 nostrum.

1449 3281 1528 3316 ιο.
1572 3263 1910 3335 Confundent
1937 3281 2017 3314 ex.
2037 3263 2213 3315 Turio.
2238 3264 2377 3318 Flor.

1371 3345 1609 3395 inserunt
1631 3343 1733 3394 secl.

1448 3440 1465 3473 1
1485 3439 1527 3473 1.
1549 3418 1708 3472 Velut
1722 3419 1961 3473 salientes
1979 3418 2081 3471 hue
2099 3417 2245 3472 illuc.
2270 3421 2380 3472 Το-

1372 3503 1463 3554 ric.
1498 3500 1636 3553 Flor.
1656 3539 1672 3567 .,
1706 3499 1843 3552 valet
1867 3498 2170 3552 salientibus
2198 3497 2283 3552 hic
2311 3498 2380 3550 il-

1373 3578 1499 3641 lud‚·
1540 3578 1629 3630 ille
1671 3598 1700 3630 a
1742 3597 1847 3631 sec.
1892 3596 2050 3631 manu
2099 3576 2243 3629 velut
2282 3576 2377 3630 sal.

1372 3658 1582 3730 (nescio
1607 3656 1909 3710 dativumne
1932 3676 1999 3710 an
2025 3658 2233 3730 accus.)
2258 3657 2380 3709 hine

1374 3738 1430 3789 in
1464 3735 1633 3798 ὶὶἱιιάς
1670 3735 1790 3803 hic,
1824 3735 1966 3789 velut
1989 3736 2226 3790 salientes
2258 3736 2382 3789 hinc

1373 3815 1521 3869 illue.

1453 3910 1533 3947 12.
1567 3893 1811 3965 Usquam.
1830 3896 2007 3946 Turio.
2036 3892 2176 3945 Flor.
2200 3893 2319 3964 (hie
2348 3913 2377 3948 a

1378 3992 1456 4044 pr.
1482 3972 1678 4042 manu)
1701 3972 1864 4025 Cam.
1884 4010 1901 4037 ‚
1931 3989 2183 4043 unquam.
2220 3970 2378 4025 Goth.

1337 4070 1344 4077 ·
1380 4053 1572 4104 omittit
1597 4069 1691 4102 nee
1716 4068 1951 4122 usquam.

1455 4131 1534 4182 13.
1559 4131 1869 4183 Insistentes.
1894 4127 2027 4182 Vide
2058 4141 2170 4180 not.
2198 4127 2263 4179 ad
2288 4128 2377 4180 lib.

288 4207 495 4279 Reliqui
525 4211 664 4261 viam
688 4227 793 4281 qua
817 4210 1211 4282 ingrediendum
1230 4212 1301 4264 sit
1376 4208 1476 4272 lx,
1498 4227 1615 4281 cap.
1641 4208 1703 4276 4,
1723 4209 1772 4275 5.
1803 4209 1882 4260 18.
