3200 5159
716 450 844 538 376

1283 450 1376 513 Μ.
1418 449 1643 513 FABII
1681 450 2235 532 QUINTILIANI

716 573 918 645 citata
955 572 1029 642 in
1063 592 1434 669 utramque
1468 584 1741 670 partem
1785 571 2087 659 nutatio,
2125 599 2342 670 quam
2380 573 2452 644 in
2497 572 2806 646 Curione

720 708 908 786 patre
935 701 950 730 ¹
993 686 1199 757 irrisit
1216 708 1284 758 et
1309 686 1537 759 Julius
1557 701 1611 775 ²,
1633 711 1945 784 quaerens
1962 744 1982 777 ,
2007 693 2159 787 quis
2188 695 2258 758 in
2285 687 2486 761 lintre
2516 690 2814 787 loquere

726 805 887 877 tur?
915 825 982 876 et
1009 803 1401 893 Sicinius³;
1438 831 1603 875 nam
1649 831 1909 903 quum,
1951 805 2292 878 assidente
2335 806 2644 904 collega,
2686 803 2810 902 qni

722 918 866 989 era't
890 939 1167 1017 propter
1186 918 1664 991 valetudinem
1689 939 1754 991 et
1777 919 2125 1018 deligatus
2149 941 2215 993 et
2239 920 2564 1021 plurimis
2594 918 2812 991 medi·

726 1033 1060 1103 camentis
1081 1030 1111 1087 4
1140 1031 1493 1105 delibutus
1512 1090 1531 1118 ,
1557 1031 1870 1104 multum
1901 1059 1973 1105 se
2005 1032 2221 1105 Curio
2245 1061 2328 1106 ex
2355 1060 2545 1119 more
2562 1034 2818 1136 jactas-

726 1166 860 1235 set,
896 1148 1307 1247 Nunquam,
1337 1145 1602 1245 inquit,
1643 1148 1917 1233 Octavi,
1946 1146 2226 1245 colleqoe
2255 1163 2371 1219 tuo
2398 1152 2692 1245 qratiam
2724 1172 2819 1218 re·

706 1263 923 1357 sera,
960 1265 1083 1360 qui
1111 1265 1240 1333 nisi
1263 1261 1546 1357 fuisset,
1588 1258 1790 1331 hodie
1816 1275 1878 1332 te
1907 1266 2052 1333 istic
2087 1287 2334 1333 muscoe
2359 1263 2813 1334 comedissent.

595 1391 692 1442 ι3ο
726 1374 1129 1449 Jactantur⁵
1174 1396 1240 1446 et
1277 1375 1590 1447 humeri:
1628 1374 1818 1472 quod
1857 1375 2104 1447 vitium
2139 1373 2688 1448 Demosthenes⁶
2726 1375 2820 1446 ita

732 1489 984 1592 dicitur
1011 1491 1448 1578 emendasse,
1483 1510 1593 1580 ut,
1626 1517 1850 1588 quum
1892 1490 1964 1560 in
1990 1511 2280 1589 angusto
2315 1490 2622 1590 quodam
2653 1490 2820 1589 pul-

731 1605 873 1704 pito
903 1626 1088 1677 stans
1111 1606 1394 1696 diceret,
1416 1606 1612 1677 hasta
1631 1605 1928 1677 humero
1958 1605 2359 1704 dependens
2387 1605 2820 1694 immineret,

731 1738 850 1806 ut,
899 1716 955 1789 si
994 1719 1218 1790 calore
1254 1718 1532 1790 dicendi
1565 1719 1774 1790 vitare
1816 1719 1889 1789 id
1917 1719 2319 1808 excidisset,
2365 1718 2821 1790 offensatione

737 1872 1732 1944 marg.Basil.—RR.9,10‚11,mutatio.
1814 1873 1974 1927 Goth.
2000 1874 2308 1943 (aberrante
2339 1887 2465 1925 nota
2495 1872 2714 1925 Gesner.
2754 1871 2824 1923 ad

739 1950 892 2003 Solus
914 1951 978 2003 R.
1007 1969 1087 2016 10,
1118 1954 1338 2006 Curione
1356 1965 1592 2025 praetore.
1619 1957 1711 2007 En.

820 2049 863 2083 1.
897 2032 965 2085 In
993 2033 1216 2086 Curione
1241 2045 1404 2105 patre.
1423 2075 1433 2086 .
1451 2075 1462 2087 .
1491 2034 1680 2087 Julius.
1699 2072 1738 2086 ..

739 2111 977 2163 Sicinius.
996 2112 1128 2164 Vide
1151 2111 1262 2164 Cic.
1292 2115 1467 2180 Brut.,
1500 2133 1620 2185 cap.
1645 2114 1741 2180 60,

741 2187 884 2241 unde
904 2187 1014 2240 haec
1034 2209 1277 2262 expressa
1295 2230 1312 2257 ,
1334 2211 1596 2264 quemque
1613 2210 1742 2243 con-

742 2265 962 2319 sulendo
995 2268 1287 2338 intelliges,
1325 2289 1431 2342 qua
1464 2273 1743 2323 occasione

742 2342 994 2395 affuerint
1014 2345 1070 2396 in
1094 2347 1354 2399 concione
1381 2349 1627 2401 consules
1646 2349 1742 2400 Cn.

743 2423 993 2475 Octavius
1032 2437 1084 2475 et
1120 2425 1177 2475 C.
1223 2423 1528 2479 Scribonius
1564 2429 1743 2479 Curio.

742 2499 886 2551 Nihil
910 2520 1008 2569 ego
1029 2502 1115 2554 hic
1139 2504 1517 2575 transponendi
1541 2504 1748 2556 medela

742 2579 1036 2630 sanandum
1063 2580 1315 2645 arbitror,
1344 2583 1552 2652 qualem
1580 2596 1748 2636 tentat

743 2656 1112 2709 celeberrimus
1124 2658 1474 2712 Schneiderus
1491 2660 1556 2712 ad
1570 2660 1747 2713 locum

745 2734 1013 2787 Ciceronis
1032 2734 1054 2804 (
1065 2735 1317 2806 p.Wezel.
1335 2739 1401 2806 37
1414 2739 1566 2810 seq.),
1583 2758 1747 2809 quum

746 2813 965 2866 abactus
1003 2814 1090 2868 ille
1127 2834 1426 2869 muscarum
1463 2831 1568 2870 tam
1607 2816 1751 2890 apud

745 2893 855 2946 Cic.
886 2913 1042 2967 quam
1073 2894 1216 2967 apud
1238 2899 1490 2949 Nostrum
1516 2898 1607 2950 fiat
1632 2901 1749 2970 ipso

748 2989 971 3043 corpore
986 2973 1275 3026 vacillantis
1288 2974 1534 3028 Curionis
1546 3014 1562 3041 ,
1578 2979 1751 3048 sitque

750 3049 908 3098 etiam
937 3053 1106 3100 acrior
1127 3056 1311 3122 jocus,
1344 3056 1389 3105 si
1422 3067 1563 3107 totus
1590 3056 1751 3108 homo

749 3125 944 3177 flabelli
979 3129 1143 3180 instar
1178 3131 1340 3182 fuisse
1374 3132 1606 3199 dicatur,
1644 3153 1754 3186 non

752 3218 956 3258 tantum
974 3208 1345 3276 gesticulantes
1369 3215 1482 3282 ejus
1503 3232 1714 3266 manus.-

825 3304 874 3336 2.
903 3286 1106 3349 Julius3
1149 3290 1222 3340 sic
1254 3291 1435 3343 Ambr.
1476 3310 1537 3357 2,
1576 3293 1753 3344 Guelf-

749 3365 910 3417 Goth.
937 3365 1060 3434 (tac.
1084 3366 1269 3438 Gesn.)
1292 3388 1414 3420 cum
1428 3373 1580 3423 Voss.
1616 3389 1633 3421 1
1653 3409 1670 3437 ,
1696 3388 1724 3422 α
1739 3410 1756 3438 ,

752 3443 813 3508 3,
841 3443 974 3496 van.
1009 3443 1164 3495 Basil.
1207 3445 1330 3513 (sed
1362 3446 1449 3498 hic
1485 3461 1533 3501 et
1570 3450 1622 3500 C.
1656 3451 1751 3520 J.).

750 3521 958 3593 Reliqui
978 3524 1196 3590 Junius,
1219 3525 1363 3596 quod
1384 3545 1547 3595 quum
1567 3532 1756 3599 optimi

749 3601 879 3654 dent
892 3601 1058 3655 codd.
1080 3623 1144 3655 eo
1163 3604 1385 3657 devenio
1408 3609 1753 3677 suspicionis,

750 3694 811 3733 ut
833 3682 1017 3749 Quint.
1052 3685 1167 3753 ipse
1204 3683 1402 3754 aliquid
1436 3685 1754 3754 turbaverit,

750 3760 945 3833 librarii
976 3776 1151 3814 autem
1188 3781 1218 3813 e
1249 3764 1502 3817 Cicerone
1537 3784 1749 3819 correc-

750 3841 949 3892 tionem
981 3842 1241 3911 petierint.
1272 3843 1343 3894 Et
1365 3856 1485 3895 ante
1504 3842 1624 3897 ‘hoc
1646 3866 1750 3899 no-

750 3938 872 3973 men
891 3922 1085 3972 omittit
1097 3922 1260 3974 Cam.
1278 3921 1505 3986 Inlustre
1520 3924 1752 3999 reloque-

753 4009 906 4065 retur,
934 4001 1108 4051 Turic.
1147 3998 1266 4067 (hic
1305 4001 1516 4072 quidem
1545 4002 1752 4056 divisim

753 4078 809 4128 in
832 4077 1137 4147 l.)F10rem.
1154 4077 1222 4129 In
1244 4077 1363 4131 lunt
1384 4079 1750 4153 reloqueretur,

754 4152 932 4206 Amhr.
955 4171 1001 4207 2.
1016 4157 1062 4208 Ι.
1083 4154 1266 4209 lintei-e
1280 4156 1339 4225 1.,
1356 4157 1529 4213 Guelf.
1548 4160 1614 4211 E.
1634 4159 1671 4212 Ι.
1690 4160 1751 4226 L,

1821 1953 2149 2005 declamasset
2165 1952 2209 2023 §.
2224 1970 2240 2005 1
2255 1951 2342 2022 26)
2355 1951 2520 2004 Ciu).
2534 1970 2656 2003 cum
2664 1951 2821 2002 Voss.

1826 2050 1883 2095 2,
1902 2031 2036 2084 vau.
2067 2031 2191 2084 Bad.
2232 2046 2284 2084 et
2308 2031 2511 2103 aliquot
2531 2027 2652 2082 edd.
2678 2029 2826 2100 apud

1822 2112 1998 2162 Burni.
2021 2134 2033 2161 ε
2066 2110 2211 2182 quod
2239 2129 2268 2161 e
2299 2110 2554 2161 Cicerone
2583 2127 2827 2179 assump-

1824 2204 1969 2241 tum:
2001 2207 2098 2241 nec
2131 2203 2377 2260 praestare
2409 2189 2476 2241 ad
2511 2189 2828 2240 sententiam

1821 2267 2043 2320 videtur.

1894 2347 1945 2399 3.
1975 2346 2048 2398 Et
2077 2346 2331 2410 Sicinius3
2367 2346 2441 2398 sie
2473 2346 2652 2396 Turio.
2685 2341 2828 2396 Flor.

1825 2425 2006 2479 Ambr.
2027 2444 2054 2478 2
2071 2463 2087 2490 ,
2109 2425 2282 2477 Guelf.
2302 2425 2420 2492 (hie
2434 2439 2608 2477 tamen
2620 2424 2833 2477 scimus.

1826 2503 2008 2570 Goth„
2027 2504 2235 2568 scirtius,
2258 2522 2380 2556 cum
2395 2505 2547 2556 Voss.
2573 2504 2624 2567 3,
2648 2521 2718 2553 an
2739 2502 2839 2571 αἶ’)

1825 2586 1987 2637 cim.
2005 2602 2125 2635 cum
2141 2581 2302 2635 Goth.
2323 2596 2376 2634 et
2394 2581 2516 2634 edd.
2532 2594 2656 2633 ante
2677 2580 2832 2632 Basil.

1827 2661 2036 2731 Reliqui
2072 2663 2310 2712 inserunt
2339 2679 2382 2711 e.
2427 2660 2555 2711 Mox
2582 2658 2839 2711 adsisten-

1834 2750 1962 2803 tem,
1991 2743 2168 2792 Tui-ic.
2201 2740 2343 2792 Flor.
2371 2738 2490 2809 (hic
2516 2752 2643 2810 post
2676 2752 2722 2791 st
2754 2742 2841 2791 in·

1831 2821 1956 2870 serit
1977 2817 2043 2883 ἱ).

1903 2895 1952 2960 4.
1998 2895 2391 2947 Medicamentis
2428 2894 2716 2954 delibutus3
2761 2898 2838 2947 sic

1831 2972 2006 3023 Turio.
2035 2971 2175 3023 Flor.
2201 2972 2385 3024 Ambr.
2416 2992 2475 3037 2,
2503 2973 2677 3025 Guelf.
2712 2990 2841 3024 cum

1831 3049 1968 3100 Alm.
1989 3050 2138 3103 Voss.
2165 3068 2209 3116 t,
2228 3068 2255 3101 2
2269 3090 2286 3116 ,
2303 3053 2351 3104 3.
2373 3050 2578 3122 Reliqui
2599 3054 2838 3103 inserunt

1829 3140 2042 3200 pmpter
2077 3128 2312 3181 dolorem
2351 3139 2566 3180 artuum
2606 3148 2634 3179 e
2678 3130 2839 3181 Cice-

1835 3225 1990 3268 rone;
2020 3205 2172 3258 male.
2207 3204 2447 3258 Pluribus
2476 3207 2744 3259 delibutus,
2763 3226 2840 3259 tn.

1831 3298 2004 3357 propt.
2036 3283 2144 3335 dol.
2177 3296 2275 3336 are.
2308 3283 2566 3349 multum,
2600 3285 2840 3337 Gotban-

1835 3363 2066 3434 (tacente
2079 3363 2261 3434 Gesn.)
2276 3366 2460 3431 Cum,
2476 3366 2574 3416 nisi
2590 3365 2738 3436 quod
2751 3365 2841 3417 hic

1831 3444 2095 3517 plurimis.
2141 3447 2269 3496 Mox
2316 3444 2620 3517 Numquid,
2673 3446 2842 3496 Can,

1834 3523 2094 3594 Refert-es,
2135 3521 2274 3573 Plor.
2320 3523 2557 3589 Teistioe,
2601 3522 2838 3575 Florem.

1835 3601 2013 3654 Ambr.
2044 3621 2090 3654 2.
2112 3601 2429 3672 Transp'onit
2452 3601 2681 3653 Gothan.
2706 3603 2835 3672 (tac.

1836 3681 2021 3751 Gesn.)
2043 3681 2153 3732 istic
2177 3692 2243 3739 te.

1906 3760 1955 3813 5.
1985 3761 2270 3812 Jaccantur
2293 3770 2344 3809 et
2373 3759 2594 3810 humeri.
2628 3762 2804 3813 Turic.
2822 3798 2840 3820 ,

1828 3858 1891 3891 ac
1929 3850 2082 3891 tantu
2121 3849 2174 3890 et
2211 3839 2391 3893 umeri·
2436 3840 2534 3889 Pro
2577 3838 2744 3891 vitam
2784 3842 2841 3890 id

1832 3921 2187 3970 Burmannum
2205 3928 2491 3970 tentantem
2507 3936 2554 3968 υ.
2574 3915 2733 3970 ictum
2747 3937 2838 3971 ne·

1834 4019 2100 4071 quaquam
2123 3999 2314 4069 probo.

1903 4080 1954 4130 6.
1987 4079 2403 4131 Demosthenes...
2439 4076 2630 4130 dicitur
2653 4095 2834 4129 emen-

1834 4156 1986 4210 dasse.
2012 4155 2144 4209 Vide
2175 4156 2219 4227 §.
2245 4156 2334 4211 68.
