3200 5159
714 484 1662 557 INSTITU'I'IONIS-ORAT.
1697 493 1858 560 LIB.
1895 495 2054 576 xn,
2103 522 2158 563 1.

2351 500 2516 588 4³⁷,
2572 541 2579 548 -

382 598 655 696 bitabit‚
690 609 863 707 quin
887 666 907 700 ‚
952 610 1008 683 si
1045 626 1063 657 ¹
1085 634 1417 686 nocentes
1454 618 1718 688 mutari
1758 619 1831 691 in
1876 620 2138 694 bonam
2167 644 2491 696 mentem·

383 716 619 819 aliquo
649 725 862 798 modo
892 727 1186 826 possint,
1216 730 1395 803 sicut
1426 758 1625 831 posse
1655 734 2006 809 interdum
2037 738 2438 811 conceditur
2459 775 2486 828 5

385 834 605 908 salvos
652 866 798 914 esse
847 844 1115 943 magis-⁶*
1160 872 1198 918 e
1245 847 1600 947 republica
1636 850 1767 943 sit,
1815 880 2031 953 quam
2086 854 2370 954 puniri:
2423 853 2483 925 si
2525 897 2538 916 «-

382 948 651 1050 liqueat
668 955 876 1055 igitur
893 960 1143 1034 oratori
1162 1018 1181 1051 ,
1206 964 1529 1037 futurum
1554 966 1827 1041 bonum
1859 969 2088 1043 virum
2116 1029 2136 1061 ‚
2178 971 2291 1043 cui
2322 995 2486 1042 vera

383 1065 845 1168 objicientur,
894 1100 1039 1146 non
1080 1075 1151 1149 id
1194 1098 1390 1176 aget,
1438 1099 1520 1150 ut
1560 1080 1786 1155 salvus
1833 1082 1964 1155 sit?
2008 1086 2116 1156 Da
2143 1112 2374 1174 nunc,
2406 1103 2485 1156 ut
2517 1091 2588 1160 43

383 1182 676 1258 crimine
719 1192 1100 1265 manifesto·
1129 1214 1485 1291 prematur
1526 1196 1667 1269 dux
1720 1199 1988 1291 boum,
2033 1220 2099 1273 et
2146 1202 2293 1274 sine
2341 1228 2486 1299 quo

379 1297 657 1374 vincere
712 1302 1035 1377 hostem—⁹·
1091 1307 1324 1381 civitas
1376 1335 1521 1382 non
1572 1314 1784 1409 possit
1812 1345 1844 1404 3·
1878 1342 2126 1388 nonne
2165 1317 2227 1387 ei
2285 1343 2482 1388 com-

381 1414 621 1488 munis
659 1417 919 1493 utilitas
968 1441 1312 1497 oratorem
1365 1425 1778 1500 advocabit?
1821 1431 2022 1503 Certe
2068 1430 2484 1505 4‘Fabricius

383 1527 797 1602 Cornelium
822 1533 1204 1628 Rufinum,
1232 1559 1300 1609 et
1322 1537 1584 1639 alioqui
1606 1540 1646 1586 5'
1666 1543 1939 1616 malum
1966 1547 2222 1637 civem,
2260 1566 2327 1619 et
2352 1545 2485 1619 sihi

385 1642 813 1737 inimicum‚·
837 1669 1111 1741 tamen,
1158 1652 1327 1751 quia
1356 1654 1601 1727 utilem
1639 1658 1897 1732 sciebat
1932 1660 2225 1752 ducem,
2256 1663 2489 1734 immi÷
2581 1697 2596 1701 -

385 1778 597 1831 nente
630 1759 814 1834 bello
842 1764 1079 1863 palam
1116 1767 1481 1842 consulem
1513 1771 1850 1873 suffragio
1878 1801 2004 1847 suo
2033 1776 2240 1866 fecit·;
2275 1778 2488 1877 idque

384 1874 937 1951 admirantibus⁶
962 1881 1387 1982 quibusdam
1419 1886 1808 1985 respondit,
1838 1892 1909 1961 A
1937 1896 2083 1963 cive
2107 1918 2174 1964 se
2205 1893 2486 1993 spoliari

386 2065 563 2117 But-m.
591 2067 683 2137 qui
702 2067 777 2122 At
799 2069 852 2121 Ιι.
875 2088 905 2123 e
926 2090 1090 2143 marg.
1114 2073 1270 2126 Basil.
1299 2072 1398 2127 ob·

389 2158 644 2215 sequente
680 2146 798 2199 solo
835 2148 1090 2203 Gesnero.
1113 2181 1185 2191 —
1213 2152 1397 2205 Nostri

387 2242 605 2296 quoque
624 2225 795 2279 Codd.
812 2266 829 2296 ‚
853 2228 942 2280 Ad
962 2229 1074 2282 hoc.
1106 2231 1201 2282 En.
1222 2230 1396 2283 -Ad

388 2303 501 2356 hoc.
538 2306 633 2358 Est
658 2308 975 2360 transeundi·
997 2310 1259 2377 formula,
1297 2328 1395 2383 po-

386 2394 577 2436 testate
603 2403 666 2436 ea
680 2422 698 2452 ,
723 2404 883 2458 quam
909 2386 1136 2442 vidimus
1151 2391 1250 2457 Vl,
1269 2390 1324 2457 3,
1343 2389 1395 2456 6,

387 2476 446 2514 et
467 2465 682 2535 passim.

394 2607 405 2612 -
464 2560 509 2594 ι.
548 2542 723 2614 Quin,
760 2545 820 2596 si.
849 2546 1149 2599 Turicensis
1185 2545 1311 2617 (qui
1342 2559 1395 2600 et

383 2621 686 2694 dubitavit),
709 2622 963 2691 Florem„
991 2625 1122 2697 quid
1142 2626 1201 2679 si.
1226 2627 1393 2693 δραι,

384 2701 596 2772 quando
619 2720 658 2756 s.
671 2740 690 2768 ‚
726 2720 848 2754 cum
872 2702 993 2756 edd.
1019 2717 1244 2777 posterr.
1270 2719 1394 2758 ante

383 2780 503 2833 Ald.
540 2780 776 2834 Correxit
812 2783 1023 2854 Regius.
1058 2785 1266 2837 Mutari
1302 2786 1394 2838 bo-

384 2880 547 2926 nam,
570 2863 842 2917 Turicens.
877 2864 1017 2916 Flor.
1052 2863 1269 2917 Imitare
1306 2866 1353 2917 lv.
1371 2902 1392 2931 ,

383 2942 547 2994 Cum
588 2943 734 2995 Inter
767 2944 1004 3008 conced„
1029 2945 1209 2996 Turic.
1244 2944 1394 2996 Prius

383 3021 637 3073 omittunt
663 3019 846 3073 Ambr.
878 3040 905 3074 τι
923 3058 941 3086 -,
964 3019 1235 3076 Guelferb.
1271 3039 1396 3073 cum

384 3099 539 3151 Voss.
565 3116 611 3162 ι,
632 3117 682 3164 2,
697 3097 750 3151 3.
765 3100 890 3151 Erat
905 3100 1149 3170 profecto
1166 3098 1391 3152 interim.

459 3196 508 3232 2.
538 3179 660 3231 Esse
696 3180 900 3252 ma9i55
929 3180 1004 3232 sic
1038 3180 1217 3231 Turio.
1251 3178 1392 3231 Flor.

385 3277 512 3312 cum
524 3261 677 3313 Voss.
713 3277 756 3311 1.
786 3259 892 3313 Eos
917 3261 1156 3312 inserunt
1184 3257 1391 3331 reliqui.

382 3339 436 3390 E
438 3350 459 3389 t
478 3337 848 3413 rempublicam
859 3379 879 3406 ,
894 3341 1074 3393 Turio.
1091 3339 1233 3391 Plor.
1257 3337 1398 3392 Utile

386 3420 463 3473 rei
495 3439 552 3492 p.
581 3417 801 3490 (omisso
838 3421 957 3492 sit),
988 3420 1154 3473 Cam.
1183 3418 1390 3485 Liceat,

384 3500 563 3553 Turio.
592 3499 732 3553 Flor.
762 3518 885 3552 cum
905 3499 1040 3552 Alm.
1059 3499 1192 3552 Vide
1214 3500 1302 3566 1V,
1328 3517 1357 3552 2
1373 3537 1391 3567 ‚

385 3579 475 3632 83.
503 3579 690 3632 Virum
727 3589 838 3632 tum
876 3597 995 3632 vem
1010 3619 1030 3647 ,
1061 3578 1202 3631 Flor.
1227 3579 1388 3631 Cau».

391 3657 457 3713 V.
493 3668 619 3710 tunc
654 3677 733 3722 v.,
764 3651 945 3710 Anibr.
978 3675 1006 3710 2
1023 3696 1042 3724 ‚
1065 3656 1241 3710 Guelf.
1266 3659 1390 3710 Exe.

385 3735 599 3791 Santeu.
634 3755 759 3788 cum
779 3739 933 3789 Voss.
966 3753 1013 3789 1.
1055 3736 1119 3789 V.
1157 3754 1275 3789 cum
1307 3756 1390 3803 v.,

386 3816 550 3872 Goth.
577 3836 700 3871 cum
720 3820 877 3870 Voss.
905 3836 933 3870 2
951 3855 969 3882 ‚
995 3816 1132 3870 vall.
1161 3829 1213 3869 et
1241 3815 1389 3868 editt.

391 3907 514 3947 ante
538 3894 657 3947 ΔΜ.
681 3895 768 3948 Ad
789 3905 911 3968 aget
928 3905 981 3947 et
999 3893 1195 3957 salvus,
1211 3896 1391 3948 Turio.

388 3975 464 4028 Et
498 3994 561 4027 ex
582 3973 783 4028 ’Μῶφι
819 3993 1033 4048 quoque
1063 3973 1301 4026 affertur.

460 4050 511 4104 3.
546 4051 755 4106 Hostem
772 4074 791 4114 ‚-
825 4054 900 4104 sic
933 4051 1170 4105 Colbert.
1201 4051 1312 4105 Ms.
1341 4064 1396 4104 et

387 4129 519 4182 ohr.
546 4132 686 4184 euris
709 4129 973 4184 secundis.
999 4130 1208 4197 Hostes,
1229 4131 1391 4184 Cane.

386 4203 703 4277 Honestem,
727 4208 909 4266 Ambr.
942 4224 991 4263 2.
1016 4208 1273 4275 Honeste,
1308 4227 1394 4262 re-

1475 2075 1629 2146 liqui:
1660 2077 1784 2130 Non
1813 2093 2006 2151 posset,
2037 2082 2308 2134 Tur-icens.
2342 2081 2484 2134 Flor.

1475 2157 1670 2209 Nonne
1688 2178 1901 2219 comm„
1913 2163 2091 2213 Turic.
2107 2161 2339 2213 Florent.
2362 2179 2486 2213 eum

1475 2235 1614 2288 Alm.
1632 2237 1826 2290 Nonne
1848 2239 1897 2289 ei
1918 2255 1985 2302 c.‚
2007 2237 2213 2308 reliqui.
2230 2239 2486 2290 Nostrum

1478 2332 1507 2366 e
1521 2313 1805 2386 conj.Vide
1825 2316 1925 2382 XI,
1940 2316 1992 2380 3,
2009 2317 2095 2386 87.
2111 2315 2336 2368 Videtur
2349 2316 2488 2367 Nos-

1477 2405 1557 2446 ter
1576 2393 1742 2463 magis
1766 2412 1941 2446 amare
1961 2393 2210 2466 simplex,
2241 2407 2299 2446 ut
2321 2393 2482 2445 modo
2583 2445 2592 2454 ,

1476 2471 1760 2542 aliquoties
1777 2475 1971 2544 posuit.
1989 2473 2293 2537 Advocavit,
2306 2475 2483 2524 Turio.

1474 2549 1845 2617 Advooabitur‚
1864 2550 2040 2603 Guelf.
2059 2551 2284 2623 Buff-am
2295 2590 2315 2617 ,
2338 2551 2369 2602 J
2373 2569 2483 2603 ens.

1476 2648 1600 2683 cum
1623 2628 1772 2683 editt.
1795 2632 2104 2703 posteriorr,
2130 2643 2253 2684 ante
2282 2629 2402 2682 Ald.
2429 2643 2489 2682 ut

1477 2711 1688 2762 iterum.

1549 2788 1601 2854 4.
1624 2787 1886 2841 Fabricius
1908 2788 2358 2841 Comelium.Vi‘de
2374 2788 2482 2841 Cic.

1478 2864 1545 2917 de
1568 2865 1661 2918 Or.
1687 2865 1767 2930 11,
1790 2866 1893 2928 663
1919 2868 2043 2918 item
2066 2867 2203 2920 Gell.
2225 2869 2312 2932 IV,
2338 2868 2390 2920 8.

1552 2942 1603 2997 5.
1636 2943 1710 2996 Et
1739 2941 1944 3016 alioqui
1952 2964 1972 3010 ‚fi
2010 2946 2085 2996 sic
2105 2946 2281 2999 Turic.
2306 2945 2482 2999 Guelf.

1476 3020 1638 3074 Goth.
1664 3022 1828 3074 Ceut».
1859 3036 1912 3074 et
1928 3022 2204 3095 adoptavit
2225 3024 2384 3077 Gesn.
2414 3024 2489 3075 Et

1475 3098 1609 3152 alios
1626 3099 1720 3172 qui
1727 3139 1747 3166 ,
1770 3100 1909 3153 Plor.
1925 3103 2000 3153 Et
2018 3101 2212 3174 aliqui,
2231 3102 2411 3154 Ambr.
2435 3120 2484 3154 2.

1477 3180 1549 3232 Et
1562 3178 1801 3251 alioquin
1812 3218 1829 3246 ‚
1841 3183 1996 3234 Voss.
2015 3183 2065 3236 3.
2087 3183 2160 3235 Et
2174 3181 2284 3256 aliq
2292 3182 2485 3248 nando,

1477 3260 1625 3312 Jens.
1656 3276 1780 3310 cum
1808 3257 1929 3311 edd.
1954 3274 2180 3332 posterr.
2211 3276 2332 3315 ante
2361 3259 2482 3314 Ald.

1476 3336 1696 3409 Alioqui
1708 3350 1785 3405 et,
1806 3337 1870 3390 de
1886 3342 2190 3412 conjectura
2203 3342 2353 3412 Regii
2364 3379 2382 3407 ‚
2404 3360 2488 3393 re-

1475 3417 1637 3488 liqui;
1658 3416 1726 3469 ad
1744 3436 1971 3489 quorum
1986 3437 2152 3471 unum
2166 3419 2248 3472 vel
2263 3418 2486 3472 alterum

1477 3516 1643 3570 quum
1656 3494 1838 3550 collati
1856 3500 1960 3551 sint
1973 3498 2197 3552 Codices
2213 3498 2378 3567 MSS„
2393 3518 2486 3552 eos

1477 3578 1569 3648 qui
1599 3575 1820 3628 silentur
1843 3574 2034 3630 dixeris
2066 3577 2193 3631 dare
2220 3579 2484 3631 inversum

1475 3654 1622 3709 hune
1646 3655 1918 3720 ordinem;
1957 3656 2105 3729 quod
2141 3657 2271 3710 mihi
2308 3672 2482 3711 tamen

1476 3753 1588 3787 non
1608 3733 1980 3805 iit-probabile.
2007 3736 2168 3808 Quem
2193 3755 2291 3808 pro
2315 3736 2483 3789 civem

1474 3815 1652 3866 Turic-
1668 3812 1807 3866 Flor.
1826 3832 1948 3865 eum
1962 3813 2099 3866 Alm.
2121 3814 2287 3881 Utde,
2306 3816 2483 3868 Turio.

1476 3892 1617 3945 Flor.
1636 3921 1709 3932 —
1725 3894 1833 3945 lut.
1857 3893 1917 3959 8,
1937 3910 1999 3962 9,
2023 3905 2080 3945 et
2090 3892 2308 3966 alioqui.
2330 3893 2483 3947 Poul.

1473 3970 1610 4024 van.
1637 3970 1731 4024 tib.
1756 3972 1864 4024 Rn.
1897 3972 1957 4036 3,
1987 3969 2047 4037 5,
2083 3989 2134 4042 7,
2159 3988 2247 4038 ιο,
2270 3983 2323 4024 et
2344 3971 2483 4026 alio-

1475 4050 1622 4123 quin.
1643 4049 1862 4103 Avicula
1903 4062 1954 4103 et
1983 4048 2203 4124 aliquid.
2229 4052 2291 4104 R.
2320 4068 2341 4104 1
2359 4071 2404 4120 1,
2432 4064 2486 4106 et

1475 4126 1728 4201 aliquem.
1760 4129 1854 4181 Eo.

1547 4206 1602 4261 6.
1625 4206 1793 4282 quue
1814 4204 2190 4264 admirantibus
2198 4231 2215 4276 3
2239 4210 2315 4264 sic
2333 4227 2433 4265 nes
2463 4229 2493 4266 e
