3200 5159
1092 498 1614 564 PRAEfflTlo·
2357 525 2397 591 9

297 662 419 705 nos
430 638 639 730 juvat,
656 640 766 718 ita,
790 636 1030 727 siquid
1050 636 1279 702 mendi
1300 637 1571 704 subesse
1592 637 1893 730 ejusdem
1912 641 2397 706 commentariis

297 755 471 821 forte
504 753 1113 845 deprehendemus,
1141 771 1459 824 annotare
1486 778 1622 821 non
1648 755 2126 824 dubitabimus:
2153 779 2396 847 nempe

298 894 373 936 ea
402 888 502 937 est
524 870 847 937 modestia
871 872 1027 951 viri,
1057 887 1133 935 ut
1164 871 1472 961 quaedam
1505 872 1652 938 loca
1686 894 1764 937 ex
1801 897 1916 938 sua
1948 875 2395 939 amicorumve

296 988 756 1054 observatione
781 985 1128 1051 emendata
1153 987 1342 1052 initio
1367 988 1724 1053 voluminis
1749 988 2128 1079 praefixerit,
2159 1010 2396 1078 aequo-

298 1128 447 1169 rum
475 1104 733 1196 judicio
771 1104 1095 1169 lectorum
1128 1120 1363 1169 caetera
1399 1107 1815 1192 permittens.
1850 1108 1985 1172 Has
2011 1129 2171 1171 vero
2209 1123 2396 1172 notas

295 1240 418 1306 pro
462 1241 645 1283 more
690 1234 915 1283 nostro
959 1221 1093 1284 suis
1141 1241 1441 1310 quasque
1484 1220 1648 1284 locis
1684 1220 2104 1309 reponendas
2142 1221 2397 1285 curavi-

300 1359 485 1414 muS,
533 1359 620 1402 ne
662 1359 884 1402 rerum
928 1337 1128 1402 series
1185 1339 1589 1404 solveretur:
1646 1355 1960 1428 praeterea
2005 1361 2140 1403 non
2183 1337 2398 1403 solum

297 1451 745 1540 reposuimus,
772 1450 890 1517 sed
918 1453 1115 1517 etiam
1146 1454 1591 1520 contraximus
1616 1455 1915 1544 longiora
1941 1453 2247 1544 quaedam
2269 1452 2397 1519 ad-

298 1559 691 1642 ditamenta,
729 1563 814 1629 ad
849 1564 1206 1656 Spaldingii
1249 1553 1506 1632 tantum
1552 1566 2160 1633 animadversiones
2198 1565 2396 1655 perti·

299 1677 555 1759 nentia,
603 1700 750 1767 quae
793 1676 1243 1744 Addendorum
1284 1656 1555 1744 nomine
1595 1681 1909 1770 inscripta
1945 1697 2241 1746 extremo
2278 1701 2396 1745 vo·

298 1794 535 1862 lumini
559 1798 993 1861 Buttmannus
1019 1795 1467 1886 subjunxerat.

384 1912 545 1975 Haec
569 1928 749 1988 sunt,
778 1934 927 2000 quae
950 1911 1234 1977 lectores
1262 1912 1554 1977 monitos
1580 1913 1944 1990 voluimus,
1972 1927 2048 1977 ut
2072 1933 2190 1977 sua
2211 1909 2393 1998 Spal-

295 2022 521 2113 dingio
550 2041 615 2090 et
643 2026 1515 2104 Buttmanno’servarentur,
1550 2023 1751 2090 simul
1782 2039 1859 2087 ut
1891 2023 2206 2112 illa,‘quae
2240 2039 2394 2087 sunt

296 2139 501 2203 nostri
517 2137 717 2229 juris,
741 2138 1257 2218 vindicaremus,
1285 2139 1437 2205 satis
1462 2140 1750 2227 amplam
1780 2135 2161 2202 mercedem
2185 2158 2222 2200 e
2245 2157 2395 2200 nos·

298 2256 409 2319 tris
446 2255 827 2343 percepturi
861 2255 1466 2334 lucubrationibus,
1506 2255 1560 2320 si
1600 2270 1829 2321 nostro
1860 2252 2071 2318 labori
2108 2250 2392 2316 faverint

302 2366 560 2433 eruditi.

1717 2544 1776 2608 J.
1806 2542 1868 2607 J.
1898 2535 1977 2606 D.
