3200 5159
670 467 1327 537 INSTITUTIONIS
1363 466 1625 542 ORAT.
1663 468 1826 534 LIB.
1866 469 2025 549 XII,
2077 493 2128 535 1.
2331 475 2459 560 419

332 621 572 693 quum
613 593 690 664 in
736 591 1175 691 gravissimas
1210 592 1611 690 frequenter
1642 591 1925 690 legum,
1973 619 2251 693 semper
2298 620 2458 667 vero

346 709 547 782 malae
569 707 1026 798 conscientiae,
1057 733 1295 807 poenas
1323 735 1362 779 a
1384 728 1608 780 semet
1631 706 1797 807 ipsis
1822 707 2197 807 improviso
2227 735 2463 781 rerum

344 826 532 900 exitu
582 824 994 900 induantur.
1039 823 1255 914 Quod
1303 823 1359 896 si
1402 822 1771 896 neminem
1819 824 2080 896 malum
2108 851 2287 915 esse,
2332 830 2464 897 nisi
2536 840 2574 908 4

344 940 628 1015 stultum
651 938 1023 1030 eumdem,
1053 965 1198 1011 non
1231 938 1446 1011 modo
1474 938 1910 1038 sapientibus
1935 952 1953 983 ¹
1989 938 2310 1029 dicitur2,
2344 940 2469 1012 sed

350 1055 566 1153 vulgo
601 1081 883 1154 quoque
918 1080 1196 1154 semper
1226 1075 1326 1127 est
1367 1052 1756 1146 creditum,
1791 1074 1969 1127 certe
2003 1081 2149 1127 non
2179 1054 2299 1128 fiet
2330 1083 2469 1128 un-

347 1198 568 1271 quam
589 1169 836 1243 stultus
871 1191 1119 1243 orator.
1163 1169 1366 1243 Adde
1399 1170 1589 1270 quod
1624 1198 1715 1244 ne
1738 1170 1971 1244 studio
1991 1171 2284 1272 quidem
2315 1200 2472 1272 ope·

348 1289 443 1361 ris
466 1287 923 1388 pulcherrimi
950 1314 1189 1360 vacare
1217 1314 1451 1379 mem,
1485 1286 1622 1360 nisi
1656 1288 1990 1362 omnibus
2009 1289 2190 1361 vitiis
2213 1289 2467 1380 libera,

338 1424 573 1503 ,potest
600 1430 616 1475 ε
654 1403 969 1502 primum
993 1403 1184 1503 quod
1208 1402 1284 1475 in
1309 1403 1559 1476 eodem
1585 1424 1861 1503 pectore
1887 1404 2168 1477 nullum
2194 1426 2294 1478 est
2332 1405 2470 1477 ho-

350 1540 714 1590 nestorum
747 1518 1209 1618 turpiumque
1243 1517 1714 1608 consortium,
1751 1539 1821 1590 et
1853 1519 2151 1618 cogitare
2199 1521 2472 1619 optima

336 1632 567 1707 simul
601 1660 680 1706 ac
723 1633 1094 1708 deterrima
1128 1661 1274 1706 non
1310 1633 1533 1733 magis
1560 1654 1660 1707 est
1697 1633 1913 1706 unius
1952 1634 2220 1726 animi,
2256 1662 2472 1735 quam

348 1752 668 1855 ejusdem
701 1751 1015 1823 hominis
1041 1751 1314 1823 bonum
1347 1777 1492 1823 esse
1520 1778 1599 1823 ac
1635 1751 1945 1824 malum·:
1979 1773 2134 1824 tum
2164 1751 2286 1823 illa
2314 1779 2475 1849 quo-
2547 1774 2579 1829 5

350 1893 493 1965 que
520 1894 600 1939 ex
624 1892 831 1940 causa
847 1923 869 1957 ‚
905 1865 1098 1965 quod
1119 1886 1434 1938 mentem
1453 1885 1660 1937 tantae
1682 1865 1782 1938 rei
1813 1866 2192 1955 intentam,
2234 1893 2472 1939 vacare

338 1981 735 2055 -omnibus³
762 1982 952 2072 aliis,
987 1981 1198 2054 etiam
1237 1981 1443 2080 culpa
1479 1981 1910 2072 carentibuS,
1946 1981 2129 2053 curis
2166 2003 2469 2082 oportet:

344 2097 453 2170 ita
474 2096 767 2170 demum
787 2096 981 2169 enim
1003 2096 1246 2186 libera,
1263 2123 1342 2168 ac
1362 2116 1525 2186 tota,
1544 2094 1772 2168 nulla4
1785 2095 2237 2196 distringente
2258 2119 2472 2197 atque

350 2214 502 2287 alio
533 2213 830 2287 ducente
860 2241 1102 2306 causa,
1133 2213 1467 2314 spectabit
1498 2213 1570 2285 id
1605 2213 1836 2286 solum
1857 2272 1876 2304 ,
1920 2214 2009 2286 ad
2040 2213 2230 2312 quod
2258 2215 2475 2287 accin-

354 2331 564 2432 gitur.
603 2331 819 2422 Quod
856 2333 911 2405 si
950 2330 1324 2431 agrorum⁵
1360 2332 1586 2404 nimia
1616 2358 1783 2405 cura
1800 2329 1858 2423 ⁶,
1889 2352 1957 2403 et
1988 2330 2343 2404 sollicitior
2375 2332 2475 2404 rei
2545 2351 2581 2402 6

359 2518 512 2572 Poul.
537 2538 570 2572 a
590 2537 697 2572 sec.
724 2537 887 2572 mnu
907 2519 1239 2573 inducentur.
1261 2520 1377 2573 (Σω-

1522 2520 1577 2574 5.
1599 2520 1921 2592 Aqrorum...
1938 2519 2232 2574 sollicitior.
2248 2521 2348 2571 Pro
2371 2518 2475 2584 his,

356 2599 457 2650 teri
472 2597 789 2663 induantur,
817 2616 930 2651 exc.
954 2598 1096 2667 R.5,
1121 2597 1379 2671 quiindu-
1454 2615 1764 2671 aqrocorum
1801 2617 1855 2651 n.
1890 2617 1981 2651 cur
2009 2599 2202 2652 tuendi
2240 2611 2291 2651 et
2325 2597 2475 2652 solli-

358 2688 563 2729 oantur.
585 2677 681 2728 Eu.

439 2772 485 2808 t.
518 2755 876 2829 Sapientibu35
907 2759 1001 2810 sic.
1030 2757 1207 2809 Turic.
1233 2756 1373 2809 Flor.

358 2853 486 2891 cnm
512 2835 651 2887 Alm.
682 2836 740 2887 A
760 2855 832 2904 s.,
861 2837 1067 2908 reliqui.
1094 2835 1246 2889 Adde
1268 2856 1376 2889 om.

359 2914 538 2967 Turio.
558 2913 709 2965 Flor.
735 2933 857 2967 cum
879 2915 1016 2968 Alm.
1050 2914 1184 2968 Vide
1201 2915 1376 2980 '·X,1,

361 2994 453 3048 33.
480 2992 667 3045 Studia
689 2995 963 3048 'run-icens.
979 2994 1222 3053 florent.
1251 2990 1382 3045 Pul-

362 3072 659 3138 cherrimae,
685 3072 824 3125 Flor.
852 3074 1007 3144 Quod
1022 3074 1068 3126 si
1086 3076 1176 3138 in,
1203 3074 1381 3126 Turic.

363 3151 505 3204 Flor.
521 3111 686 3204 Cani».
704 3170 827 3208 cnm
843 3152 979 3204 Alm.
998 3110 1203 3204 Bonuin
1221 3161 1383 3217 estac,

363 3233 543 3286 Tur-ic.
564 3231 707 3284 Flor.
735 3232 857 3285 Esse
870 3233 1064 3285 boumn
1082 3249 1165 3298 ac,
1184 3233 1346 3284 Qun.

442 3330 492 3365 2.
516 3311 850 3385 Sapientibus
874 3312 1083 3365 dicitur.
1108 3312 1270 3366 Velut
1288 3312 1387 3364 toti

364 3391 653 3444 Socraticae
682 3388 885 3444 domui.

437 3469 491 3521 3.
512 3467 823 3522 omuibus...
840 3469 992 3522 curis.
1013 3470 1192 3522 Turic.
1214 3469 1355 3522 Flor.
1369 3508 1388 3536 ‚

274 3545 277 3548 “
366 3549 612 3603 omnibus
625 3548 782 3601 etiam
799 3549 961 3621 culpa
972 3548 1095 3601 aliis
1103 3549 1392 3603 carentibus

365 3628 535 3681 aliam
566 3629 725 3681 etiam
763 3630 916 3682 curis.
943 3631 1217 3683 Turicens.
1248 3630 1386 3683 Flor.

367 3708 557 3772 Cana,
591 3718 852 3778 oporteat,
878 3727 1003 3761 cum
1025 3708 1163 3762 Alm.
1189 3721 1252 3762 ut
1273 3728 1390 3762 sus-

369 3788 540 3858 picor.
568 3785 725 3840 male.

1457 2679 1589 2729 tiora
1602 2715 1623 2742 ,
1645 2679 1822 2731 Turic.
1850 2678 1989 2730 Flor.
2015 2678 2135 2749 (hic
2157 2677 2471 2749 solliciora).

1463 2759 1747 2831 Corporum
1783 2778 1883 2831 pro
1920 2777 2173 2832 ayn-orum
2199 2759 2323 2811 Ald.
2352 2778 2476 2812 cum

1460 2834 1581 2888 edd.
1596 2848 1739 2907 post.
1758 2850 1879 2889 ante
1896 2837 2062 2889 Stoer.
2086 2838 2153 2890 de
2167 2841 2478 2909 conjectura

1458 2914 1612 2984 Regii
1623 2914 1723 2966 levi
1737 2913 1827 2966 illa
1844 2929 1894 2967 et
1905 2917 2302 2987 intemperanti,
2316 2933 2476 2987 quam

1462 3005 1640 3044 tamen
1672 2991 1882 3044 reduxit
1905 2992 2128 3045 Gibson.
2156 2993 2231 3046 Et
2253 2994 2480 3045 venandi

1464 3071 1719 3121 omittunt
1741 3071 2016 3124 Turicens.
2032 3072 2170 3125 Flor.
2196 3092 2318 3126 cum
2339 3072 2476 3124 Alm.

1466 3163 1521 3201 et
1546 3149 1713 3202 latere
1735 3150 1943 3203 videtur
1965 3154 2022 3204 in
2053 3152 2145 3204 illo
2175 3152 2322 3224 quod
2343 3172 2480 3225 prte-

1466 3243 1804 3300 sumpserunt
1838 3231 2036 3283 tuendi.
2078 3234 2217 3285 Ante
2252 3232 2484 3286 venandi

1467 3309 1720 3360 omittunt
1739 3319 1790 3360 et
1805 3308 1981 3361 Guelf.
1997 3309 2158 3361 Goth.
2181 3312 2326 3364 Jens.
2343 3313 2478 3383 (tac.

1465 3387 1661 3458 Geso.)
1680 3388 1842 3440 Csnr.
1864 3389 1988 3460 (qui
2005 3394 2303 3461 transponit
2322 3393 2481 3444 etiam

1470 3467 1575 3520 vol.
1602 3468 1778 3538 vem),
1809 3488 1933 3520 cum
1953 3473 2107 3523 Voss.
2138 3488 2198 3538 2,
2240 3487 2294 3524 et
2329 3471 2478 3524 editt.

1469 3559 1593 3599 ante
1607 3547 1762 3600 Basil.
1779 3567 1878 3601 nec
1894 3546 2158 3621 displicet,
2179 3553 2223 3602 si
2235 3553 2385 3622 paria
2401 3568 2486 3603 ac-

1470 3628 1736 3697 cipiantur
1758 3627 1867 3680 duo
1898 3633 2338 3702 occupationum,
2368 3634 2486 3701 qui-

1470 3707 1572 3759 bus
1619 3708 1838 3778 singulis
1879 3710 2224 3779 interjiciatur
2269 3710 2480 3783 copula.

1473 3787 1711 3856 Quorum
1731 3788 2178 3860 impotentissime,
2203 3791 2477 3842 Turicem.

443 3863 495 3931 4.
534 3862 762 3918 Nulla...
789 3865 1010 3919 ducente
1044 3882 1218 3919 causa.
1260 3868 1387 3919 Non
1465 3865 1720 3931 Somnus,
1744 3864 1921 3916 Turic.
1946 3865 2088 3919 Flor.

371 3944 620 4016 profecto
659 3942 905 4016 displicet
936 3944 1132 3997 Rollini
1171 3949 1387 4018 conjec-

373 4035 523 4087 tura,
564 4040 689 4074 cura
715 4025 906 4096 reponi
935 4024 1231 4095 cupientis.
1268 4042 1390 4077 nam

342 4143 359 4151 -
374 4101 528 4173 quod
546 4101 709 4155 modo
730 4117 810 4155 est
827 4102 982 4157 aliis..
990 4103 1184 4168 .curis,
1204 4105 1388 4172 Quint.

376 4177 824 4246 condonandutm
848 4200 948 4236 nec
973 4181 1164 4254 procul
1182 4200 1353 4237 causa.

1538 3945 1591 3997 6
1626 3945 1828 4015 Quodsi
1845 3964 2093 4019 agrorum
2117 3948 2477 4002 nimiacura..

1471 4024 1583 4077 dati
1602 4024 1900 4095 spectaculis
1927 4025 2048 4079 dies.
2082 4019 2293 4100 Aliquid
2317 4029 2487 4082 simile

1471 4100 2480 4181 hiscelib.1,cap.12,§.18,p.253;

1473 4183 1547 4236 ibi
1568 4183 1688 4237 vide
1713 4198 1894 4238 uotam
1924 4203 1968 4238 t.

2129 4292 2211 4344 27.
