3200 5159
686 488 1338 566 INSTITUTIONIS
1370 498 1630 565 ORAT.
1670 500 1832 566 LIB.
1870 501 2027 583 XII,
2079 525 2175 567 ιο.
2353 501 2480 567 533

385 619 583 715 paene
618 646 762 693 non
790 623 1108 696 humana
1138 649 1334 713 voce,
1364 622 1471 695 vel
1500 622 1796 696 omnino
1829 651 1972 696 non
2003 652 2169 697 voce
2205 625 2438 724 potius
2460 679 2480 713 ,

386 732 565 806 inter
619 736 1023 812 discrimina
1079 739 1395 811 dentium
1452 738 1758 812 efflanda
1810 761 1908 813 est
1943 768 1959 812 τ
2016 769 2169 839 quae
2196 799 2216 831 ‚
2273 740 2483 813 etiam

384 875 612 948 quum
644 853 953 926 vocalem
984 855 1295 954 proxima
1321 869 1338 899 ¹
1374 853 1625 952 accipit
1657 883 1903 953 quassa
1930 856 2484 955 quodammodo,

384 956 675 1070 utique²
706 969 976 1067 quoties
1011 969 1323 1068 aliquam
1357 990 1861 1041 consonantem
1880 968 1908 1015 3
1936 971 2195 1070 frangit
2212 968 2268 1061 4,
2299 992 2379 1043 ut
2408 970 2485 1042 in

383 1075 522 1151 hoc
556 1080 702 1180 ipso
710 1085 1018 1184 franqit,
1059 1085 1281 1157 multo
1317 1086 1393 1156 fit
1422 1084 1788 1156 horridior.
1832 1087 2164 1159 AEolicoe⁵
2204 1112 2487 1185 quoque

383 1193 631 1269 litterae
650 1254 670 1289 ,
703 1227 844 1299 qua
867 1229 1137 1275 servum
1161 1228 1580 1301 cervumque
1607 1201 1944 1292 dicimuS,
1969 1204 2231 1276 etiamsi
2259 1204 2488 1275 forma

383 1335 435 1380 a
467 1312 668 1384 nobis
701 1315 1060 1415 repudiata
1092 1337 1222 1409 cst,
1244 1315 1390 1391 vis⁶
1424 1336 1664 1391 tamen
1692 1345 1821 1392 nos
1851 1318 1996 1419 ipsa
2022 1318 2484 1419 persequitur.

379 1506 501 1562 ἦρε
516 1527 742 1566 sonaret.
765 1517 994 1590 Impuroe
1005 1519 1184 1589 itaque
1198 1515 1396 1569 flebant
1476 1535 1601 1568 cum
1622 1517 1812 1569 Almel.
1842 1520 1997 1571 Voss.
2026 1536 2084 1582 2,
2111 1519 2256 1569 Jens.
2288 1528 2341 1568 et
2365 1515 2488 1567 edd.

382 1594 694 1660 ¹postpositae
718 1592 818 1645 inis
841 1594 1051 1662 litteroe,
1074 1609 1133 1648 ut
1155 1598 1209 1648 in
1232 1615 1395 1647 voca-

1475 1608 1596 1646 ante
1607 1593 1726 1646 Ald.
1741 1614 1852 1647 acc.
1865 1594 1991 1648 Bad.
2004 1593 2348 1647 Basil.Vidov.
2363 1596 2495 1646 Con·

390 1662 529 1719 libus
551 1670 914 1743 pervulgatum
937 1687 1048 1725 est:
1076 1674 1169 1727 sed
1184 1672 1251 1727 de
1271 1694 1396 1727 con·
1470 1675 1794 1741 sonantium,
1809 1674 2089 1746 reliqui.--
2103 1675 2286 1726 Nostri
2298 1671 2493 1740 codd„

386 1749 704 1803 sonantibus
719 1753 877 1804 etiam
888 1751 1189 1819 dicebatur,
1209 1771 1297 1806 eas
1311 1753 1393 1805 vel
1473 1754 1783 1804 consonanti
1788 1771 1893 1806 um.
1920 1757 2012 1808 En.

386 1825 668 1892 πιθῳὺιιν
689 1830 773 1883 vel
795 1850 932 1898 non,
967 1830 1072 1884 hoc
1110 1846 1189 1885 est
1225 1832 1305 1884 vel
1330 1833 1412 1885 ab

394 1901 494 1955 alia
528 1922 855 1961 consonante
889 1910 1118 1981 praecedi
1154 1911 1237 1962 vel
1270 1929 1399 1963 non.

390 1986 543 2037 Hanc
572 1987 730 2057 igitur
765 2008 797 2040 a
836 1988 1170 2061 praecedente
1211 2009 1401 2043 conso-

389 2077 554 2117 nante
568 2066 712 2118 velut
734 2068 1064 2121 imminutam
1081 2082 1401 2140 potestatem

391 2146 636 2215 exprimit
656 2146 1074 2213 Quintilianeum
1096 2148 1226 2200 illud
1241 2149 1401 2221 fran-

388 2223 449 2296 9⁸·
467 2245 482 2273 .-
508 2224 928 2298 frangunturque
954 2247 1000 2280 ε.
1030 2247 1081 2299 g.
1102 2228 1287 2281 litterae
1313 2238 1403 2279 tet

395 2321 423 2354 r
440 2305 495 2355 in
523 2305 794 2359 vocabulis
819 2319 999 2378 ptem,
1032 2326 1163 2381 pro,
1184 2308 1400 2381 sranqo.

394 2384 511 2435 Hoc
543 2386 722 2458 itaque
746 2385 871 2439 dicit
904 2387 1087 2454 Quint.
1121 2387 1348 2439 litteram
1367 2386 1415 2457 f

386 2466 497 2534 jam
516 2477 631 2516 tum
647 2483 890 2536 quassam
906 2465 1306 2538 quodammodo
1323 2485 1404 2519 so-

396 2559 558 2608 nare,
590 2561 755 2614 quum
781 2544 1020 2597 vocalem
1045 2547 1289 2618 proxima
1315 2563 1403 2597 ac-

380 2615 525 2694 'cipit
532 2660 550 2688 ,
567 2621 622 2674 id
638 2636 716 2675 est
726 2662 744 2690 ‚
755 2626 989 2695 proxime
1004 2624 1269 2677 antecedit
1280 2646 1295 2688 ;
1308 2623 1402 2676 sed

395 2699 562 2753 multo
577 2700 926 2754 horridiorem
941 2703 1051 2755 fleri
1062 2740 1078 2767 ‚
1096 2704 1302 2774 quoties
1316 2702 1405 2754 ali-

394 2797 550 2852 quam
573 2791 940 2833 consonantem
953 2781 1193 2854 frunqit,
1218 2781 1275 2834 id
1296 2794 1405 2848 est,

397 2860 606 2929 quoties
638 2861 775 2911 inter
810 2878 927 2912 eam
951 2873 1004 2912 et
1030 2860 1267 2912 vocalem
1301 2860 1404 2912 alia

396 2956 697 2990 consonans
732 2936 1028 2991 intercedit.
1062 2969 1135 2979 —
1171 2940 1298 3009 Quoe
1332 2950 1407 2991 est

395 3026 563 3078 sea-tm
593 3018 668 3068 sie
686 3018 988 3069 Turicensis
1000 3054 1018 3082 ,
1036 3018 1404 3083 Florentinus,

398 3097 573 3150 Guelf.
596 3093 757 3148 Goth.
775 3096 1017 3165 (tacente
1034 3097 1192 3149 Gesn.
1205 3095 1227 3164 )
1241 3099 1403 3149 Cau».

401 3177 463 3247 Q.
486 3195 525 3231 s.
547 3196 622 3242 e.‚
649 3175 767 3228 edd.
796 3175 918 3229 inde
939 3194 968 3227 a
990 3178 1134 3228 Jens.
1169 3178 1297 3229 Non
1313 3196 1406 3228 vo-

395 3275 526 3323 cem,
541 3256 682 3308 Hor.
698 3255 750 3307 A
737 3255 1246 3333 fflnda,'1'uricens.
1265 3255 1403 3307 Flor.

395 3335 600 3411 Deflat,
621 3335 797 3389 Guelf.
830 3339 950 3388 Exc.
982 3335 1124 3387 Sant.
1150 3335 1313 3387 verbo
1336 3345 1411 3388 est

399 3413 467 3465 ad
484 3416 755 3486 sequentia
770 3412 954 3466 relato.
972 3413 1149 3464 Etiam
1167 3432 1281 3464 cum
1299 3432 1406 3466 non

399 3491 631 3545 vocalem
645 3532 662 3559 ,
681 3489 841 3545 Goth.
860 3493 986 3565 (tac.
1006 3492 1165 3545 Gesn.
1180 3491 1202 3562 )
1217 3494 1281 3544 Ε.
1300 3513 1406 3546 non

401 3592 447 3626 υ.
460 3610 479 3638 ,
499 3572 680 3624 Guelf.

477 3667 520 3702 ι.
554 3650 835 3712 Proxima3
864 3653 938 3702 sic
965 3652 1235 3703 Tur-icens,
1260 3651 1402 3704 Flor.

400 3733 552 3784 Voss.
575 3731 637 3793 3,
662 3730 811 3781 Bern.
840 3742 891 3780 et
916 3730 991 3781 sic
1013 3727 1273 3799 Gibson.(
1295 3746 1405 3781 non

397 3808 573 3876 Leid„
598 3828 696 3861 err.
723 3806 930 3877 Bur-m.)
953 3809 1138 3872 tacite,
1163 3806 1255 3859 sed
1273 3810 1407 3879 opti-

399 3908 489 3940 mo
507 3889 739 3960 judicio;
757 3886 1080 3959 reliquorum
1096 3890 1235 3939 enim
1250 3890 1409 3960 scrip-

400 3980 521 4018 tura
542 3969 833 4039 proximam
851 4005 868 4032 ,
912 3970 954 4018 si
983 3981 1125 4020 recte
1149 3967 1377 4020 attendis
1393 4006 1410 4032 ‚

402 4064 563 4099 sensu
574 4066 721 4099 cassa
734 4046 1110 4099 est.—Eadem
1121 4050 1302 4100 nostri.
1316 4050 1409 4100 En.

479 4141 527 4177 α.
560 4125 769 4198 Utique.
795 4127 983 4195 Caum,
1013 4140 1065 4181 et
1087 4128 1281 4200 utique.

477 4204 529 4258 3.
551 4206 927 4259 consonantem
938 4229 959 4269 ‚·
975 4209 1048 4260 sic
1058 4208 1233 4261 Turic.
1250 4209 1413 4263 Cant.

1551 1830 1603 1897 4.
1641 1832 1886 1906 Frangit,
1934 1852 1987 1884 u.
2027 1834 2063 1884 i.
2106 1831 2158 1882 Ιι.
2197 1832 2233 1883 t’.
2260 1830 2488 1905 franqit.

1480 1913 1580 1962 Pro
1619 1910 1700 1963 his
1728 1911 1899 1964 verbis
1928 1912 1999 1964 ob·
2035 1910 2494 1964 homoeoteleuton

1478 1991 1699 2041 unicum
1742 1989 1961 2042 verbum
1986 1990 2201 2065 frangit
2226 1990 2416 2059 legitur
2436 1991 2494 2041 in

1479 2069 1657 2121 Turio.
1685 2070 1826 2122 Flor.
1854 2069 1986 2141 (nisi
2014 2069 2160 2141 quod
2184 2069 2240 2122 hi
2260 2068 2495 2140 frinqit)

1482 2167 1605 2199 oum
1620 2146 1757 2198 Alm.
1782 2163 1834 2199 et
1850 2148 1970 2200 edd.
1988 2149 2111 2201 inde
2132 2166 2160 2200 a
2179 2149 2363 2199 Locat.
2384 2147 2496 2198 fere

1484 2227 1761 2294 omnibus,
1782 2229 2013 2298 exceptis
2027 2230 2314 2280 vascosan.
2341 2225 2494 2292 1542,

1482 2307 1642 2359 Gesn.
1679 2309 1791 2379 Bip.
1809 2305 1943 2358 Vide
1974 2304 2043 2358 ad
2071 2306 2164 2358 lib.
2197 2308 2248 2372 1,
2276 2323 2397 2376 cap.
2431 2306 2494 2373 4,

1486 2384 1532 2457 §2
1566 2402 1587 2436 r
1602 2387 1919 2438 1.—Nostri
1945 2384 2168 2437 Codices
2190 2383 2393 2437 habent
2413 2403 2494 2437 re-

1484 2477 1712 2537 ceptam.
1731 2469 1825 2518 En.

1555 2542 1607 2596 5.
1633 2544 1869 2596 AEolr'coe.
1895 2543 2100 2611 Colicoe,
2115 2543 2290 2598 Guelf.
2315 2544 2374 2597 Si
2393 2563 2497 2615 pro

1481 2623 1685 2676 etiamsi
1708 2622 1863 2676 idem.
1895 2624 1948 2677 V
1945 2625 1985 2677 is
2007 2635 2183 2676 tamen
2213 2642 2320 2676 non
2342 2641 2497 2677 sonus

1484 2701 1589 2774 ipse
1612 2701 1964 2774 persequitur,
1990 2702 2170 2754 Turic.
2211 2721 2332 2754 cum
2355 2700 2494 2753 Alm.

1483 2782 1543 2831 it.
1568 2780 1710 2832 Flor.
1736 2782 1901 2833 Qasr.
1928 2782 2028 2833 nisi
2052 2780 2199 2852 quod
2223 2780 2278 2832 hi
2293 2798 2496 2854 proseq.

1485 2872 1539 2911 et
1561 2861 1723 2911 Cun’.
1751 2861 1840 2910 vix
1863 2879 1962 2931 pro
1980 2860 2069 2912 υἷε.
2094 2859 2197 2912 Sed
2217 2860 2306 2910 vix
2323 2868 2497 2908 tamen

1486 2956 1579 2990 nos
1602 2940 1712 3008 ipsa
1724 2978 1742 3005 ,
1765 2941 1911 2990 Jens.
1932 2940 2132 2990 Tarvis.
2162 2938 2344 2989 Locat.
2362 2942 2496 2989 Ven.

1490 3017 1543 3072 V
1539 3019 1580 3069 is
1602 3027 1636 3068 t.
1659 3018 1769 3089 ipsa
1785 3036 1902 3080 nos,
1925 3016 2195 3069 Guelferb.
2222 3017 2274 3070 V
2271 3017 2326 3067 ix
2346 3027 2380 3066 t.
2408 3035 2500 3068 nos

1484 3111 1637 3146 sonus
1660 3097 1766 3164 ipse
1798 3095 1976 3146 effecit
1999 3093 2118 3145 Ald.
2167 3114 2272 3166 quo
2309 3113 2496 3159 sensu,

1487 3174 1688 3224 nescio.
1721 3173 1945 3225 Videtur
1980 3174 2142 3225 fuisse
2169 3196 2181 3225 ε
2226 3175 2299 3227 vis
2324 3184 2498 3226 tamen

1488 3269 1581 3304 nos
1593 3264 1646 3304 et
1660 3269 1817 3304 sonus
1830 3254 1936 3324 ipse
1944 3245 2353 3324 persequitun—
2368 3254 2502 3304 Nos-

1487 3332 1553 3380 tri
1573 3330 1797 3383 Codices
1812 3332 1887 3384 vae’s
1907 3342 2082 3383 tamen
2103 3351 2196 3385 nos
2210 3334 2318 3403 ipsa
2331 3349 2505 3402 perse-

1487 3408 1695 3481 quitur,
1723 3426 1835 3461 exc.
1855 3409 1917 3460 R.
1948 3427 2006 3474 7,
2034 3414 2126 3483 qui
2150 3411 2237 3462 vix
2253 3420 2290 3461 t.
2315 3427 2503 3464 nosso-

1490 3505 1587 3539 nus
1609 3489 1718 3558 ipse
1735 3506 1794 3558 p.
1823 3489 1916 3539 En.

1559 3568 1612 3620 6.
1660 3567 1713 3620 V
1711 3567 1806 3619 is...
1842 3569 2179 3640 persequitur.
2207 3568 2342 3622 Vide
2384 3581 2498 3620 not.

1489 3665 1667 3718 super.
1712 3648 1770 3697 ln
1807 3665 1864 3698 re
1908 3660 2086 3698 autem
2118 3646 2238 3699 vide
2261 3649 2312 3712 1,
2351 3646 2412 3713 4,
2448 3665 2500 3718 7.

1486 3731 1836 3803 Displicuisse
1858 3745 2034 3784 autem
2060 3731 2267 3782 videtur
2292 3731 2505 3798 Quinti-

1486 3809 1629 3865 liano
1654 3830 1686 3861 v
1704 3813 2047 3862 consonantis
2069 3827 2259 3874 soum,
2285 3809 2502 3860 nonnisi

1491 3909 1686 3963 quum,
1712 3905 1771 3943 ut
1795 3893 1848 3943 in
1874 3891 2043 3943 allatis
2068 3888 2349 3961 exempliS‚
2370 3907 2505 3941 con-

1493 3990 1691 4024 sonans
1707 3971 1807 4023 alia
1822 3973 2060 4042 proxime
2079 3967 2417 4040 praecederet.
2433 3992 2509 4008 -—-

1494 4048 1706 4101 AEolica
1731 4049 1901 4100 littera
1942 4061 2020 4100 est
2056 4047 2336 4117 digamma.
2373 4042 2508 4096 Vide

1495 4125 1564 4178 ad
1605 4127 1697 4178 lib.
1731 4129 1777 4194 1,
1818 4145 1934 4198 cap.
1962 4127 2021 4193 4,
2061 4127 2107 4192 S.
2147 4143 2205 4194 ς’,
2233 4138 2415 4175 notam
2447 4139 2484 4175 a

1494 4225 1618 4279 pag.
1647 4206 1714 4262 83
1735 4205 1958 4277 hujusce
1984 4204 2248 4260 editionis.
2268 4205 2365 4258 En.
