3200 5159
682 548 1338 620 INSTITUTIONIS
1375 550 1633 615 ORAT.
1675 550 1836 612 LlB.
1876 550 2034 628 Xll,
2079 573 2138 637 7.

2332 551 2458 630 485

353 703 479 777 per
504 677 859 776 agendum
890 677 975 748 sit
997 691 1044 768 ¹,
1080 675 1349 747 tractari
1369 689 1394 720 ²
1430 694 1658 775 potest
1685 702 1700 745 ε
1739 674 1931 774 quod
1965 701 2045 746 ex
2073 673 2304 773 prima
2329 696 2463 747 sta-

356 795 488 867 tim
533 795 762 867 fronte
808 794 1238 895 dijudicare,
1288 791 1848 893 imprudentium
1903 813 2038 864 est:
2091 817 2253 862 nam
2305 790 2462 890 quis

355 909 697 1012 ignorat³‚
728 913 905 1012 quin
942 911 1252 1010 id‘longe
1283 911 1373 985 sit
1407 892 2015 999 honestissimum.
2047 935 2124 980 ac
2158 906 2465 979 liberali-

355 1027 488 1101 bus
519 1028 905 1129 disciplinis
936 1050 1001 1100 et
1036 1025 1202 1100 illo4
1231 1053 1445 1126 quem
1480 1025 1825 1124 exigimus
1853 1023 2091 1096 animo
2128 1021 2464 1120 dignissi-

353 1170 589 1234 mum,
629 1144 1107 1217 non'vendere
1146 1169 1466 1243 operam,
1506 1168 1635 1214 nec
1679 1138 1992 1213 elevares·
2024 1139 2196 1212 tanti
2240 1138 2462 1210 bene-

357 1260 498 1332 ficii
525 1261 1047 1335 auctoritatem?
1075 1288 1301 1361 quum
1336 1259 1665 1359 pleraque
1695 1257 1827 1330 hoc
1868 1257 2018 1356 ipso
2059 1256 2323 1356 possint
2354 1255 2465 1327 vi-

359 1376 506 1449 deri
537 1377 731 1468 vilia,
769 1378 959 1478 quod
994 1377 1293 1476 pretium
1324 1376 1610 1448 habent.
1650 1374 1867 1447 Caecis
1890 1374 2058 1463 hoc,
2090 1394 2168 1445 ut
2192 1370 2461 1463 ⁶aiunt‚
2498 1399 2535 1454 9

354 1491 519 1564 satis
560 1490 875 1563 clarum⁷
927 1511 1066 1582 est3
1110 1517 1242 1564 nec
1277 1490 1682 1589 quisquam,
1720 1487 1841 1586 qui
1878 1485 2296 1559 sufficientia
2332 1485 2464 1557 sibi

357 1607 680 1704 (modica
717 1629 952 1681 autem
991 1608 1138 1679 haec
1176 1609 1382 1704 sunt)
1429 1605 1842 1706 possidebit,
1887 1604 2079 1675 hunc
2117 1622 2462 1702 quaestum

355 1720 504 1793 sine
532 1722 826 1794 crimine
851 1721 1162 1794 sordium
1180 1719 1211 1768 ⁸
1239 1720 1517 1793 feeerit:
1551 1742 1624 1792 at
1655 1720 1711 1791 si
1742 1733 1894 1792 res9
1928 1715 2293 1790 familiaris
2316 1744 2463 1788 am·
2493 1755 2498 1760 ·

357 1835 539 1935 plius
556 1835 823 1934 aliquid
842 1837 930 1910 ad
952 1863 1118 1909 usus
1135 1836 1552 1910 necessarios·
1566 1835 1819 1934 exiget,
1836 1833 2227 1907 secundum
2255 1847 2461 1904 ¹⁰om-

432 2067 477 2101 ι.
518 2050 616 2104 Sit.
649 2051 859 2104 Omittit
885 2052 1119 2105 Florent.
1153 2056 1280 2107 Mox
1302 2053 1371 2106 sit

356 2128 541 2202 longe,
567 2129 841 2182 Guelferb.

429 2225 478 2260 2.
517 2208 769 2262 Tractat-i.
802 2233 824 2256 ιι
847 2211 909 2261 In
931 2223 1213 2282 utramque
1242 2229 1365 2283 par-

360 2311 384 2334 »
401 2303 504 2340 tem
525 2286 801 2360 disputari.
821 2313 843 2335 ιο
866 2288 1047 2341 Sum.
1061 2288 1196 2342 Vide
1212 2292 1288 2358 X,
1304 2289 1365 2356 5,

356 2369 416 2433 8,
436 2384 487 2436 9.

424 2446 476 2520 3.
519 2446 645 2517 Quis
674 2447 914 2521 ignorat,
956 2449 1105 2522 quin.
1144 2447 1361 2500 Insolita

352 2526 556 2588 formu
602 2525 671 2579 de
714 2544 819 2597 qua
859 2526 1037 2597 Spald.
1082 2527 1208 2579 olim
1245 2530 1320 2580 sic
1346 2549 1358 2578 e

357 2626 382 2651 ι
400 2604 634 2673 Quaestio
667 2623 767 2676 pro
796 2607 1107 2676 negatione,
1146 2618 1205 2657 ut
1229 2607 1362 2680 quin

360 2704 384 2729 ι
403 2684 573 2754 possit
602 2683 809 2753 subjici.
836 2708 858 2732 ιι
901 2686 1078 2737 Recte&
1124 2686 1246 2736 Haec
1274 2703 1366 2736 au-

352 2775 488 2828 tom,
526 2780 680 2815 nemo
709 2763 947 2835 ignorat,
988 2763 1129 2816 idem
1158 2763 1364 2830 valent,

351 2843 473 2893 acsi
488 2840 691 2894 dictum
715 2856 880 2908 esset,
904 2843 1125 2896 dubium
1147 2863 1253 2896 non
1274 2854 1361 2895 est.

352 2922 436 2973 Ne
460 2921 598 2974 forte
620 2921 834 2989 credas,
861 2922 967 2974 dici
994 2925 1152 2975 etiam
1174 2941 1362 2995 posse,

352 3018 462 3052 non
486 2999 696 3072 iquoro,
722 3001 933 3072 quim...

425 3080 475 3146 4.
502 3080 576 3130 Et
604 3078 758 3131 illo...
798 3080 1068 3152 equimus.
1106 3082 1181 3133 Et
1200 3083 1255 3133 in
1282 3081 1365 3134 lo-

349 3160 556 3232 quendo
593 3159 879 3233 exigimus,
919 3179 949 3213 e
976 3161 1150 3215 Guelf.
1178 3176 1365 3214 enota-

352 3243 429 3293 vit
467 3240 645 3312 Spald.
696 3243 752 3293 in
789 3259 954 3312 marg.
992 3256 1171 3294 autem
1208 3242 1362 3296 Basil.

355 3322 505 3391 signo
530 3321 706 3392 posito
731 3334 853 3373 ante
877 3331 955 3388 et,
989 3320 1181 3392 legitur
1207 3340 1365 3393 quem

354 3400 409 3452 in
440 3398 701 3472 loquendo
740 3418 785 3451 e.
832 3398 974 3469 (err.
1017 3399 1235 3471 Burm.)
1264 3399 1368 3452 sed

351 3481 504 3532 Bern.
536 3493 617 3545 et,
658 3497 724 3531 ex
746 3481 961 3550 Argent.
993 3482 1207 3550 utique,
1231 3478 1363 3532 obr.

354 3555 538 3630 Etillo
556 3576 711 3631 quem
733 3558 787 3609 in
811 3557 1086 3631 eloquente
1102 3559 1368 3632 exeqt’mus

354 3635 515 3708 (Obr.
541 3637 849 3711 exigemus).
887 3638 1068 3706 Quum
1106 3637 1237 3690 nihil
1262 3637 1367 3691 tale

355 3717 411 3767 in
421 3716 620 3767 caeteris
631 3716 775 3768 MSS.
793 3732 1119 3790 compareat,
1130 3717 1262 3770 illud
1275 3735 1368 3770 au-

354 3807 461 3845 tem
499 3793 554 3845 ἰη
584 3794 844 3867 loquendo
871 3798 925 3848 in
948 3797 1125 3850 Guelf.
1156 3813 1265 3852 tam
1287 3800 1366 3851 fa-

353 3871 454 3924 cile
475 3891 539 3924 ex
558 3871 809 3945 illoquem
836 3876 1120 3927 exstiterit:
1148 3875 1264 3927 duae
1288 3876 1366 3927 al-

354 3963 476 4002 terae
513 3953 784 4023 scripturae
821 3951 950 4003 mihi
987 3951 1202 4023 quidem
1245 3966 1368 4005 sunt

355 4031 697 4082 correctionis
710 4031 1159 4084 manifestissimae.
1178 4034 1366 4103 Neque

353 4121 602 4180 apparet,
644 4128 740 4161 cur
761 4109 1091 4182 eloquentem
1116 4130 1222 4182 prae
1245 4130 1367 4165 ora-

353 4197 463 4239 tore
497 4187 857 4255 Quintilianus
904 4189 990 4242 hic
1030 4192 1367 4261 potissimum

350 4268 675 4332 nominarit,'
693 4267 788 4320 ubi
808 4270 907 4322 viri
928 4272 1077 4324 notio
1102 4287 1369 4343 proe·qua-
1390 4270 1399 4274 “

1446 2051 1608 2105 litatis
1640 2052 1918 2105 excitanda
1954 2064 2084 2104 erat.
2110 2082 2182 2091 —
2209 2050 2363 2104 Solus
2394 2050 2457 2102 R.

1454 2141 1612 2199 103et
1630 2134 1685 2184 in
1702 2132 1964 2206 loquendo
1979 2131 2255 2206 exeqimus.
2274 2132 2461 2183 Caeteri

1445 2225 1498 2266 et
1516 2213 1640 2278 ino,
1672 2231 1826 2285 quem
1861 2212 2141 2284 exigimus,
2185 2212 2284 2262 nisi
2314 2206 2461 2280 quod

1447 2293 1593 2343 Avic.
1613 2290 1760 2342 Poul.
1783 2291 1890 2342 RR.
1908 2290 1940 2342 3
1955 2327 1972 2355 ‚
1991 2288 2051 2354 5,
2067 2287 2345 2362 exeqlnms.
2363 2289 2458 2339 En.

1516 2370 1567 2422 5.
1581 2371 1695 2422 Nec
1709 2367 1913 2420 elevare
1929 2366 2079 2420 tanti.
2096 2366 2274 2417 Turic.
2288 2364 2429 2416 Flor.
2441 2402 2459 2431 ,

1446 2468 1539 2501 nec
1561 2446 1816 2501 celebrare
1841 2447 1977 2499 tanti
1991 2486 2007 2510 ,
2050 2464 2171 2498 cum
2201 2444 2457 2496 Almelov.

1442 2528 1632 2601 Neque
1651 2525 1857 2579 elevare
1872 2537 1908 2578 t.
1921 2566 1940 2594 ,
1955 2528 2118 2579 Cnn.
2142 2522 2346 2577 Merula
2364 2541 2460 2574 au·

1446 2622 1551 2660 tem
1584 2614 1639 2660 in
1677 2608 2035 2660 annotationis
2074 2624 2179 2658 suae
2212 2603 2459 2655 lemmate

1446 2686 1533 2757 (in
1563 2705 1727 2758 marg.
1757 2684 2044 2756 Locatelli)
2079 2683 2243 2736 habet
2279 2695 2333 2735 et
2364 2685 2464 2734 im·

1444 2766 1644 2838 probat
1673 2766 1877 2828 levare3
1906 2765 2088 2817 neseio
2114 2763 2257 2815 unde
2281 2781 2463 2833 sump-

1446 2858 1578 2897 tum.
1598 2874 1667 2885 —
1685 2846 1868 2898 Nostri
1895 2863 1988 2897 nec
2011 2842 2239 2910 elevans»,
2266 2861 2376 2894 exc.
2395 2842 2459 2894 R.

1446 2944 1499 2996 7,
1527 2928 1618 2996 qui
1647 2944 1741 2976 nec
1772 2922 1960 2978 levare.
1991 2926 2084 2975 En.

1516 3004 1565 3056 6.
1591 3004 1845 3055 Utaiunt.
1872 3003 1940 3055 Ut
1952 3001 2145 3066 andiu,
2172 3018 2294 3051 cum
2309 3001 2461 3070 apice

1448 3082 1679 3154 quodam
1707 3099 1867 3153 super
1890 3093 2120 3133 extrema
2149 3078 2320 3131 littera
2349 3079 2460 3130 Tu—

1446 3163 1634 3213 ricens.
1652 3178 1776 3211 cum
1791 3158 1927 3210 Alm.
1945 3171 2235 3210 annotante
2249 3156 2430 3209 Uli-ico
2442 3196 2461 3224 ‚

1447 3262 1560 3294 esse
1585 3242 1810 3293 fortasse
1830 3238 2066 3301 audiv1‘25
2092 3252 2145 3292 et
2168 3240 2244 3290 sic
2266 3237 2462 3290 diserte

1448 3342 1478 3375 e
1499 3321 1640 3374 Flor.

1521 3418 1570 3471 7.
1592 3399 1823 3452 Clarum.
1840 3400 2105 3452 Omittunt
2117 3399 2146 3449 J
2150 3415 2262 3450 eno.
2274 3408 2327 3448 et
2339 3394 2458 3448 edd.

1445 3495 1672 3555 postet-r.
1701 3494 1824 3533 ante
1847 3480 1967 3532 Ald.
1988 3481 2067 3532 Hi
2090 3498 2156 3531 ne
2178 3490 2430 3552 quoestum
2442 3515 2460 3543 ‚

1445 3561 1721 3616 Guelferb.

1520 3642 1570 3695 8.
1595 3640 1862 3695 Sor-dium.
1886 3639 2093 3705 Guelf.‚
2118 3638 2396 3692 sordidum.

1517 3739 1569 3791 9.
1586 3721 1662 3773 At
1675 3720 1720 3773 si
1743 3738 1835 3773 res.
1860 3719 1976 3771 Aut
1994 3719 2041 3773 si
2064 3738 2163 3782 res,
2185 3719 2457 3770 Tui-icens.

1446 3801 1584 3854 Flor.
1609 3799 1683 3851 At
1698 3817 1799 3866 res,
1815 3797 2058 3870 sphalma
2072 3799 2126 3850 in
2139 3799 2299 3849 Ruso.
2317 3792 2460 3865 (non

1445 3883 1660 3942 laneat„
1686 3899 1786 3931 err.
1815 3878 2023 3947 Burni.)

1527 3976 1606 4013 10.
1639 3958 1889 4012 Omnium
1902 3981 1922 4020 ,-
1936 3960 2012 4010 sic
2026 3958 2302 4010 Tui-icens.
2318 3955 2458 4008 Flor.

1448 4043 1612 4094 Cant.
1628 4038 1790 4092 Goth.
1814 4040 1957 4092 Jena.
1978 4037 2321 4110 (tac.Gesn.)
2338 4055 2462 4089 cum

1449 4118 1641 4170 Almel.
1668 4120 1821 4171 Voss.
1856 4135 1873 4170 ι
1892 4155 1909 4182 .,
1942 4133 2000 4182 2,
2020 4118 2083 4183 3,
2113 4130 2166 4169 et
2194 4114 2313 4168 edd.
2340 4129 2465 4168 ante

1452 4194 1609 4247 Basil.
1653 4195 1865 4266 Reliqui
1911 4192 1932 4265 (
1966 4196 2020 4246 in
2075 4193 2270 4267 quibus
2321 4208 2463 4246 certe

1450 4272 1653 4346 Guelf.)
1670 4292 1864 4327 omnes.
1881 4271 2158 4327 —Eadetn
2172 4273 2355 4326 nostri.
2367 4273 2461 4324 Eu.
