3200 5159
847 441 941 514 ‘So

1318 431 1325 436 ’
1418 444 1511 508 Μ.
1550 441 1777 508 mnu
1814 441 2370 527 QUINTlLtAm

854 590 1051 641 motu
1086 588 1300 656 caret,
1331 586 1408 638 ut
1439 567 1510 638 in
1546 593 1686 665 qua
1719 565 1917 638 nulla
1952 567 2236 638 varietas
2257 580 2307 654 ¹,
2341 564 2580 639 nullus
2615 543 2937 658 affectus,

853 682 1053 755 nulla
1078 708 1397 781 persona,
1430 679 1626 751 nulla
1659 679 2078 780 cujusquam
2097 693 2121 724 ²
2155 680 2241 752 sit
2263 680 2517 769 orati03
2544 681 2802 753 sufficit
2829 701 2936 753 ta-

855 824 1020 869 men
1045 793 1304 893 operi³‚
1336 794 1448 866 cui
1491 822 1559 865 se
1591 792 1873 893 pat-cml*
1898 793 2207 866 credidit.
2239 794 2682 868 Admirabilis
2711 794 2787 868 in
2812 822 2935 868 suo

853 936 1104 1010 genere
1140 907 1574 982 Theocritus-‘³
1592 938 1611 997 ;
1637 905 1757 979 sed
1787 909 1988 979 musa*
2022 906 2140 979 illa
2170 909 2421 980 rustica
2451 930 2518 980 et
2541 907 2936 1008 ⁶pastoralis

848 1052 998 1097 non
1031 1026 1261 1095 forum
1302 1022 1544 1111 modo,
1573 1048 1814 1092 verum
1852 1021 2073 1120 ipsam
2104 1021 2312 1094 etiam
2342 1023 2592 1095 urbem
2619 1024 2938 1095 reformi-

746 1152 814 1206 ⁵6
854 1140 990 1213 dat.
1020 1139 1281 1210 Audire
1312 1138 1548 1208 videor
1576 1137 1892 1235 undique
1917 1160 2364 1235 congerentes
2396 1138 2686 1212 nomina
2720 1139 2937 1237 pluri-

724 1258 731 1264 ’
851 1281 1133 1327 morum
1178 1274 1580 1352 poetarum:
1622 1251 1825 1349 quid?
1857 1252 2178 1324 Herculis
2219 1273 2374 1326 acta
2409 1280 2551 1326 non
2594 1252 2773 1330 bene
2802 1252 2937 1326 Pi-

848 1367 1200 1443 samir-037?
1223 1364 1434 1464 quid?
1456 1365 1928 1439 Nicandrum⁸
1951 1367 2202 1440 frustra
2223 1367 2437 1440 secuti
2463 1371 2708 1440 Macer
2726 1388 2933 1467 atque

856 1479 1271 1582 quiliuss?
1324 1478 1546 1579 quid?
1598 1479 2120 1580 Euphorionem
2179 1481 2673 1555 transibimus?
2717 1509 2928 1582 quem

851 1697 943 1768 qui
973 1708 1213 1767 tempore
1244 1695 1494 1764 A'ntigoni
1525 1693 1852 1748 Macedonu-

849 1793 966 1827 rum
989 1776 1123 1844 regis
1146 1772 1349 1838 floruit,
1373 1773 1690 1825 carminibus
1715 1772 1851 1825 cele·

847 1852 1017 1905 bravit
1053 1851 1275 1903 caelcstia
1324 1851 1687 1922 phaenomena.
1736 1854 1851 1903 Hoc

848 1950 1041 2005 poema
1063 1931 1387 1997 aCiccrone,
1407 1930 1594 1984 ovidio
1608 1970 1625 1998 ,
1641 1930 1854 1983 Germa·

848 2014 999 2076 nico,
1027 2023 1080 2062 ct
1110 2009 1249 2061 Rufo
1286 2007 1511 2061 Albieuo
1549 2011 1605 2060 in
1636 2007 1850 2060 latinam

849 2090 1078 2160 ling-uam
1102 2088 1202 2140 fnit
1224 2087 1549 2141 translatum.
1576 2090 1670 2140 En.

924 2185 966 2219 ι.
985 2167 1244 2232 Van-ictas,
1261 2185 1335 2218 nu
1362 2166 1442 2218 lus
1454 2165 1709 2237 affectus,
1725 2163 1851 2217 nul-

846 2247 915 2300 la.
944 2249 1119 2300 Turic.
1154 2245 1294 2297 Flor.
1326 2165 1445 2316 (hic
1479 2263 1509 2296 a
1535 2263 1621 2315 pr.
1652 2243 1849 2315 manu)

844 2328 1095 2378 omittunt
1122 2342 1247 2376 cum
1271 2321 1409 2372 Alm.
1434 2323 1578 2374 Jens.
1611 2321 1848 2391 (tacente

838 2404 1032 2475 Genu.)
1055 2416 1108 2454 et
1130 2401 1251 2454 edd.
1277 2414 1500 2471 posterr.
1526 2413 1648 2452 ante
1672 2398 1790 2451 Ald.

921 2499 968 2534 2.
998 2479 1167 2533 Nulla
1196 2482 1498 2551 cujusquam
1515 2501 1535 2542 ;
1568 2481 1641 2532 sic
1672 2480 1845 2531 Turic.

845 2558 983 2614 Flor.
1008 2559 1183 2613 Guelf.
1209 2557 1338 2629 (nisi
1358 2557 1503 2630 quod
1526 2559 1848 2632 cujuspiam)

842 2641 1009 2693 Cam».
1034 2638 1149 2710 (sed
1171 2637 1433 2710 cnjusque)
1457 2656 1578 2690 cum
1599 2638 1847 2691 Gothano

841 2720 995 2773 Voss,
1032 2736 1096 2785 2,
1130 2719 1197 2780 3,
1231 2716 1365 2780 Alm.
1400 2715 1519 2768 AM.
1557 2730 1610 2769 et
1647 2716 1848 2789 aliquot

844 2798 966 2851 edd.
998 2817 1083 2871 ap.
1114 2798 1394 2848 Burmann.
1422 2795 1615 2867 quibus
1644 2797 1848 2850 accedit

842 2878 1002 2930 Gesn.
1045 2874 1183 2928 Roll.
1225 2892 1289 2926 ex
1329 2872 1471 2926 Harl.
1514 2874 1597 2926 cd.
1642 2874 1847 2947 Reliqui

842 2959 1093 3009 omittunt
1121 2953 1274 3006 nulla
1304 2966 1356 3004 et
1379 2953 1628 3006 dirimunt
1652 2954 1742 3004 cui
1762 2973 1847 3008 us-

842 3053 1024 3107 quam,
1036 3035 1477 3103 Regiomonente‚
1490 3046 1539 3083 et
1553 3032 1715 3084 Badio
1730 3051 1850 3085 cau·

845 3126 1025 3179 sante,
1059 3129 1172 3163 esse
1206 3108 1417 3179 quidem
1452 3109 1594 3181 apud
1628 3114 1847 3162 Aratum

842 3209 1123 3265 personas,
1149 3187 1241 3240 sed
1263 3206 1374 3239 non
1394 3185 1691 3258 loquentes,

916 3272 967 3325 3.
997 3269 1170 3342 Operi.
1190 3269 1367 3320 Turic.
1396 3267 1535 3319 Flor.
1566 3267 1688 3339 (hic
1713 3286 1743 3320 a
1765 3288 1846 3341 pr.

842 3350 1025 3420 manu)
1049 3348 1227 3420 operis.

915 3428 965 3495 4.
987 3428 1175 3479 Parem
1193 3425 1425 3479 credidit.
1447 3424 1622 3477 Guelf.
1636 3464 1652 3491 ,
1675 3443 1848 3498 oequa-

846 3508 949 3562 lem
977 3527 1020 3559 c.
1047 3523 1260 3579 parem,
1285 3524 1405 3557 cum
1427 3508 1582 3558 Voss.
1615 3523 1635 3558 1
1653 3544 1669 3572 ‚
1699 3508 1747 3560 3.
1781 3508 1843 3558 P.

844 3603 889 3639 c.
914 3584 1000 3637 vel
1019 3581 1268 3655 equalem
1284 3622 1303 3650 ‚
1330 3585 1548 3635 Jensou.
1579 3601 1702 3636 cum
1724 3584 1844 3636 edd.

842 3676 1068 3738 posterr.
1095 3676 1217 3715 ante
1240 3661 1357 3713 Ald.

919 3744 968 3797 5.
997 3741 1310 3794 Theocritus.
1336 3742 1639 3809 Turicens.‚
1668 3753 1717 3794 te
1741 3759 1845 3796 cus·

842 3822 983 3875 Flor.
998 3859 1013 3886 ,
1035 3831 1187 3873 tecus.
1206 3819 1297 3871 llle
1313 3838 1340 3871 a
1359 3839 1460 3872 sec.
1480 3840 1637 3873 manu
1653 3833 1844 3890 textus,

844 3900 934 3954 hic
946 3901 1333 3952 nostrumMox
1345 3918 1442 3971 pro
1451 3900 1539 3952 sed
1546 3915 1765 3971 uterque
1777 3912 1843 3952 et.

804 3999 811 4006 ·
915 3980 971 4032 6.
995 3976 1290 4030 pastoralis.
1311 3978 1515 4045 Turio„
1538 3977 1844 4049 postularis,-

848 4078 879 4111 ιι
900 4077 1002 4110 sec.
1026 4075 1185 4109 manu
1200 4053 1495 4126 popularis,
1516 4069 1569 4109 et
1586 4059 1662 4108 sic
1680 4055 1842 4110 ΟΨ.

799 4159 809 4170 ‘
844 4135 1158 4200 Putamus,
1183 4135 1326 4188 Flor.
1386 4140 1393 4148 ’

2006 1712 2054 1766 7.
2099 1697 2377 1750 Pisandros
2394 1698 2421 1747 ?
2459 1694 2784 1749 Nicandrum
2800 1716 2820 1756 ‚-
2862 1697 2934 1749 sie

1930 1776 2109 1828 Turic.
2134 1776 2273 1829 Flor.
2305 1795 2427 1828 cum
2450 1775 2586 1829 Alm.
2615 1774 2823 1846 Reliqui
2848 1777 2931 1828 in·

1932 1869 2111 1907 serunt
2153 1856 2331 1925 Quid?
2364 1855 2537 1907 Guelf.
2575 1853 2668 1905 dat
2703 1853 2932 1906 Menan-

1931 1936 2101 1987 drum.
2141 1937 2214 1986 Ex
2245 1938 2400 1987 Voss.
2439 1934 2471 1985 3
2503 1933 2728 1985 refertur
2755 1933 2936 1985 Nean-

1929 2013 2098 2065 drum.
2118 2043 2192 2053 —
2211 2012 2505 2065 Pisandros.
2526 2012 2732 2064 Camiro
2745 2047 2763 2076 ‚
2784 2012 2936 2082 oppi-

1930 2089 2000 2141 do
2017 2089 2193 2142 Rhodi
2208 2089 2482 2157 oriundus,
2498 2088 2781 2155 Heracleae‚
2797 2090 2931 2160 epici

1930 2171 2173 2222 carminis
2188 2169 2447 2241 deperditi
2463 2181 2667 2221 auctor.
2683 2169 2762 2220 De
2779 2186 2844 2219 eo
2866 2170 2935 2219 vi·

1929 2245 1997 2300 de
2017 2247 2335 2300 luculentam
2363 2246 2778 2320 disputationem
2797 2248 2934 2319 Hey-

1928 2330 2002 2380 nii
2020 2329 2074 2379 in
2098 2331 2224 2380 Exc.
2248 2325 2270 2379 1
2295 2324 2363 2378 ad
2384 2328 2551 2398 virg„
2574 2326 2667 2378 lib.
2693 2327 2756 2376 Π.

1999 2407 2049 2460 8.
2085 2406 2425 2459 Nicandrum.
2447 2447 2458 2458 .
2479 2445 2491 2457 .
2511 2446 2524 2458 .
2567 2407 2751 2456 Macer
2781 2415 2931 2478 atque

1932 2483 2201 2558 Virqilius.
2234 2485 2314 2536 De
2347 2487 2561 2548 Macro,
2591 2481 2709 2535 vide
2737 2481 2930 2550 v1‚,3‚

1929 2565 2027 2634 963
2051 2564 2242 2635 quibus
2267 2563 2387 2616 add.
2411 2565 2459 2615 J.
2485 2566 2548 2615 Η.
2576 2566 2731 2615 Voss.
2757 2560 2825 2613 ad
2845 2562 2933 2613 ‘ri-

1927 2641 2058 2695 hull.
2093 2644 2274 2714 praefl,
2310 2662 2365 2713 p.
2401 2659 2482 2693 10.
2524 2638 2806 2712 Virgilium
2841 2657 2929 2691 cx-

1927 2724 2152 2793 pressise
2176 2719 2426 2773 Nicandri
2449 2728 2661 2770 carmen
2683 2717 2812 2770 hinc
2834 2716 2932 2768 dis-

1928 2801 2094 2850 cimus
2106 2837 2122 2864 ,
2141 2815 2239 2850 nec
2255 2800 2468 2850 memini
2483 2799 2573 2868 qui
2591 2809 2783 2868 preter
2797 2797 2930 2847 Nos-

1929 2890 2064 2930 trum
2076 2877 2284 2948 prodat.
2299 2878 2421 2929 Erat
2434 2875 2708 2949 quidemin
2724 2893 2930 2946 promp-

1927 2969 1986 3009 tu
2017 2957 2314 3024 Georgicon
2354 2973 2487 3026 opus
2526 2954 2806 3020 Nicandri,
2838 2973 2930 3008 sae-

1925 3038 2141 3109 pissime
2164 3034 2297 3087 illud
2318 3035 2386 3088 ad
2401 3048 2579 3106 partes
2596 3048 2843 3086 vocatum
2863 3032 2928 3085 ab

1927 3116 2209 3181 Athenaeo,
2230 3133 2337 3186 quo
2363 3118 2438 3165 uti
2462 3127 2645 3185 posset
2665 3112 2927 3183 Virgilius.

1927 3193 2029 3247 sed
2045 3194 2199 3245 velim
2222 3212 2283 3244 ex
2301 3192 2448 3245 hisce
2472 3192 2730 3263 deperditi
2751 3194 2928 3244 carmi-

1927 3274 2009 3324 nis
2024 3271 2258 3343 reliquiis
2280 3269 2479 3342 aliquid
2499 3269 2732 3336 ostendi,
2749 3272 2804 3322 in
2826 3288 2927 3342 quo

1927 3352 2214 3402 imitantem
2244 3366 2590 3420 agnoscamus
2617 3362 2834 3421 poetam
2857 3347 2931 3399 la-

1927 3431 2111 3481 tinum.
2129 3428 2431 3482 Macrobius
2447 3431 2500 3480 in
2516 3428 2929 3482 saturnaliorum

1929 3527 2092 3580 opere
2120 3507 2442 3560 Nicandrum
2466 3507 2679 3580 quidem
2710 3529 2818 3562 non
2854 3527 2928 3561 re-

1923 3600 2107 3638 censet
2129 3589 2264 3638 inter
2281 3586 2489 3638 Graecos
2513 3602 2606 3638 eos
2621 3622 2637 3650 ‚
2656 3604 2718 3636 ex
2740 3586 2930 3657 quibus

1925 3667 2211 3737 profecerit
2241 3663 2504 3734 Virgilius.
2537 3663 2646 3716 Ubi
2681 3683 2807 3715 vero
2846 3681 2929 3716 cx-

1925 3763 2162 3816 pressum
2175 3743 2429 3813 aVirgilio
2439 3742 2764 3794 Nicandrum
2778 3761 2931 3813 agno-

1924 3836 2113 3875 verunt
2139 3825 2243 3874 VV.
2269 3821 2383 3873 DD.
2417 3821 2649 3873 theriaca
2688 3822 2926 3893 exemplo

1924 3901 1999 3953 illi
2033 3901 2195 3953 fuisse
2233 3913 2485 3973 apparet:
2519 3899 2639 3953 vide
2673 3901 2842 3975 Heyn.
2873 3904 2928 3954 in

1924 3981 2183 4031 Prooemio
2208 3980 2274 4031 ad
2296 3979 2497 4050 Virgilii
2519 3981 2712 4050 Georg.

1993 4077 2043 4129 9.
2074 4058 2390 4133 Virgilius&
2407 4097 2447 4111 ..
2471 4058 2735 4132 Viryilius.
2761 4059 2926 4113 Inter-

1915 4140 2059 4211 jecta
2076 4137 2222 4194 hisce
2240 4155 2362 4192 cum
2381 4139 2550 4192 altero
2569 4142 2688 4213 ipso
2709 4143 2930 4195 nomine-
