3200 5159
826 506 944 589 154
1383 508 1477 613 M:
1518 507 1747 570 FAssn
1783 504 2339 588 Qum‘rrmml

818 630 1041 731 operis
1082 650 1216 722 est,
1249 617 1572 730 adjicere}
1615 626 2010 716 detrahere‚·
2038 644 2333 702 mutare.-
2368 626 2488 700 sed
2524 626 2798 701 facilius
2842 626 2918 699 in

817 744 902 817 iis
922 759 944 792 ¹
980 744 1499 844 simpliciusque
1521 742 1876 845 judicium
1896 800 1915 833 ‚
1948 768 2109 842 quae
2138 740 2474 841 replenda
2495 756 2547 833 ²,
2580 741 2689 813 vel
2731 740 2918 841 deji-
2991 811 2994 815 ,

818 858 1112 933 cienda-'⁴¹
1146 880 1309 933 sunt
1329 890 1346 950 ;
1386 886 1702 960 premere
1740 886 1902 931 vero
1938 857 2327 946 tumentia,
2358 856 2661 930 humilia
2696 856 2921 927 extol-

820 974 959 1048 lere
982 1033 999 1064 ,
1031 975 1451 1051 luxuriantia
1478 975 1857 1075 astringere
1870 973 1929 1063 4,
1964 972 2401 1047 inordinata⁵
2434 972 2782 1071 digerere3
2813 997 2921 1042 so-

819 1088 1014 1163 luta⁶
1043 1117 1499 1190 componere,
1521 1090 1932 1164 exsultantia
1963 1116 2311 1179 coercere,
2332 1086 2632 1188 duplicis
2658 1112 2921 1188 operae:

820 1232 988 1279 nam
1035 1227 1104 1280 et
1146 1206 1554 1280 damnanda
1598 1226 1802 1298 sunt,
1850 1232 2008 1306 quae
2058 1206 2512 1306 placuerant⁷
2538 1232 2556 1293 ;
2604 1225 2677 1276 et
2724 1203 2925 1274 inve-

799 1310 1111 1411 nienda,
1139 1350 1294 1423 quae
1317 1324 1677 1422 fugerant:
1720 1348 1850 1395 nec
1888 1322 2316 1395 dubium·est
2346 1320 2701 1423 optimum
2730 1315 2925 1389 ⁸esse

819 1436 1246 1510 emendandi
1280 1463 1536 1536 geum,
1572 1436 1629 1508 si
1662 1436 1958 1534 scripta9
1984 1436 2058 1508 in
2093 1436 2379 1534 aliquod
2417 1455 2696 1533 tempus
2725 1458 2923 1531 repo-

821 1572 1089 1625 nuntur
1109 1566 1190 1643 ¹⁰,
1227 1573 1304 1624 ut
1331 1552 1423 1624 ad
1454 1578 1537 1624 ea
1567 1573 1722 1652 post
1758 1552 2203 1625 intervallum
2223 1607 2243 1641 ,
2278 1551 2466 1623 velut
2501 1575 2679 1621 nova
2710 1568 2923 1647 atque

703 1732 710 1740 ·
817 1768 1082 1819 memoriae
1095 1766 1366 1839 proditum
1375 1767 1666 1833 desidera&
1685 1769 1832 1840 quod

819 1844 1063 1917 equidem
1084 1844 1445 1899 demonstrare
1463 1865 1574 1899 non
1588 1865 1827 1919 possum.

1909 1767 2073 1822 Badio
2089 1807 2107 1835 ‚
2139 1771 2439 1820 Burmanno
2478 1766 2663 1819 saltem
2698 1764 2921 1816 ferente.

1907 1846 2042 1899 Vide
2056 1848 2130 1899 X!
2143 1886 2157 1913 ‚
2181 1865 2199 1898 ι
2211 1886 2226 1912 ,
2239 1847 2274 1900 6
2287 1886 2302 1913 ,
2317 1848 2493 1898 Burm.
2510 1857 2779 1897 monente.
2796 1844 2923 1894 Mox

817 1954 891 1965 —-
940 1925 1117 1994 Quum
1158 1925 1309 1978 delet.
1348 1926 1462 1979 stili
1498 1945 1621 1998 pars
1667 1927 1830 1980 altera

819 2018 899 2057 est
922 2006 1252 2070 acuminata,
1277 2024 1381 2077 qua
1410 2005 1722 2079 scribimus3
1751 2007 1832 2059 al·

819 2096 931 2134 tera
954 2082 1143 2135 obtusa
1168 2096 1222 2134 et
1244 2082 1415 2150 latior,
1441 2102 1545 2155 qna
1573 2083 1830 2138 delemus.

818 2164 954 2215 Hinc
986 2161 1119 2214 illud
1153 2163 1527 2216 Horatiannm:
1561 2164 1710 2237 Saepc
1739 2167 1830 2218 sti-

820 2240 936 2294 lum
961 2252 1142 2294 vertas.
1164 2244 1330 2295 Tuan.

898 2336 942 2370 ι.
979 2320 1085 2381 Iis‚·
1113 2321 1189 2372 sic
1223 2322 1399 2372 Turio.
1425 2319 1658 2372 Gotban.
1684 2321 1827 2374 Jens.

819 2395 944 2468 (tac.
969 2398 1156 2470 Gesn.)
1175 2418 1296 2451 cum
1317 2398 1437 2452 edd.
1459 2412 1689 2471 posterr.
1709 2414 1832 2453 ante

821 2477 977 2529 Basil.
1001 2476 1212 2547 Reliqui
1238 2476 1332 2530 his.

893 2573 942 2609 2.
963 2555 1285 2628 Replenda...
1307 2555 1615 2629 dejicienda.
1639 2556 1835 2629 Exqui-

819 2632 969 2686 sitius
995 2635 1195 2686 variata
1221 2633 1382 2685 verba
1410 2653 1508 2705 pro
1538 2635 1831 2708 afficiendo

818 2725 872 2764 et
908 2710 1243 2764 detrahendo.
1279 2711 1424 2764 nlius
1462 2712 1743 2765 commoda
1776 2716 1833 2766 in

818 2790 998 2842 lexicis
1036 2790 1334 2842 afferuntur
1366 2791 1606 2864 exempla
1630 2794 1829 2863 Digest.

747 2914 754 2923 .
818 2872 987 2937 XLII,
1023 2886 1069 2936 t,
1109 2871 1142 2938 4
1158 2907 1174 2935 ,
1217 2892 1239 2916 α
1262 2869 1377 2941 lege
1420 2871 1653 2943 repletur
1687 2871 1834 2943 qnod

825 2973 849 2997 κ
870 2951 1140 3002 sententiae
1153 2948 1290 3002 deest
1299 2972 1317 3012 ,-
1333 2974 1357 2999 ιο
1378 2965 1430 3003 et
1444 2951 1595 3004 ovid.
1617 2953 1740 3004 Her.
1755 2954 1831 3019 X,

819 3031 907 3100 37.
952 3050 976 3075 κ
1079 3028 1226 3100 qnod
1244 3032 1361 3082 voci
1380 3029 1556 3083 deerat
1574 3031 1837 3104 plangore

825 3131 847 3155 ι
869 3108 1148 3179 replebam.
1167 3132 1189 3157 n
1227 3110 1429 3179 Hujus,
1463 3100 1675 3163 rarioris
1707 3112 1833 3161 item

817 3178 1141 3258 significatus
1157 3226 1174 3253 ‚
1197 3189 1522 3239 mentionem
1545 3186 1711 3240 habet
1734 3190 1832 3241 Er-

817 3279 999 3331 nestus
1024 3266 1078 3317 in
1102 3263 1260 3319 Clave
1284 3266 1394 3318 Cic.

890 3345 940 3399 3.
958 3344 1275 3416 incienda.
1293 3342 1470 3396 Guelf.
1483 3382 1502 3410 ,
1515 3343 1830 3417 adjicienda.

887 3423 938 3489 4.
956 3421 1253 3496 Astrinqere
1261 3443 1280 3483 ,·
1297 3424 1371 3477 sic
1387 3424 1547 3475 Cmr.
1568 3441 1691 3475 cum
1705 3421 1828 3474 edd.

817 3516 939 3556 ante
959 3504 1135 3555 Burni.
1154 3501 1290 3573 (exc.
1309 3501 1509 3576 Gryph.
1535 3502 1711 3575 nou).
1734 3505 1832 3556 Re-

812 3582 944 3653 liqui
967 3581 1296 3654 adstringere.
1319 3581 1472 3634 Solus
1496 3581 1650 3645 obn,
1672 3582 1829 3634 strin-

810 3679 948 3734 qere.
974 3660 1114 3713 Male
1129 3698 1147 3727 ,
1170 3659 1289 3712 vide
1312 3661 1389 3724 11,
1418 3676 1445 3710 2
1464 3697 1481 3725 .‚
1506 3659 1555 3726 4.
1589 3659 1827 3712 Alterum

815 3752 894 3792 est
911 3738 1209 3803 brevitatis,
1229 3751 1288 3790 ut
1306 3741 1394 3804 lv,
1417 3755 1463 3804 1,
1486 3737 1827 3791 128.—Nos-

813 3822 880 3872 tri
904 3837 1087 3870 omnes
1111 3818 1440 3891 adstrinqere.
1467 3818 1561 3869 En.

885 3898 934 3952 5.
955 3898 1265 3952 Inordinata
1284 3898 1525 3971 diqerere.
1545 3898 1821 3950 TurieenS.

809 3977 948 4030 Flor.
983 3976 1047 4047 (a
1082 3997 1163 4049 pr.
1190 3982 1379 4041 manu)
1414 3979 1666 4029 omittunt
1700 3995 1822 4028 cnm

811 4056 945 4108 Alm.
973 4058 1071 4109 Pro
1091 4055 1258 4111 altero
1276 4056 1547 4110 Guelferb.
1574 4055 1818 4128 diriqere,

1910 1923 2133 1978 resoluta
2155 1926 2332 1977 Turic.
2357 1924 2501 1977 Flor.
2526 1923 2589 1992 (a
2618 1942 2701 1996 pr.
2730 1920 2925 1992 mann)

1908 2005 2073 2057 Cam».
2121 2005 2226 2058 Sed
2268 2005 2374 2056 hoe
2419 2002 2813 2056 adhaere-scebat
2859 2018 2925 2053 ex

1914 2083 2118 2133 omissis
2135 2082 2235 2134 illis
2254 2095 2307 2134 et
2322 2081 2670 2135 antecedente
2687 2098 2918 2152 quoque.

1910 2190 1984 2200 —
2005 2161 2204 2213 Eadem
2226 2165 2410 2213 nostri.
2435 2163 2529 2213 En.
2633 2229 2637 2233 “

1983 2240 2036 2292 6.
2060 2239 2304 2292 Soluta...
2329 2239 2664 2293 exsultantia.
2682 2237 2820 2290 Vide
2840 2239 2892 2289 X
2906 2276 2923 2304 ‚

1916 2335 1978 2383 2,
2013 2319 2093 2371 16.
2133 2320 2371 2389 Apparet
2410 2316 2521 2370 haec
2558 2318 2827 2389 pertinere
2858 2314 2923 2366 ad

1911 2415 2179 2449 numeros.
2206 2397 2310 2448 Sed
2333 2399 2449 2468 ipsa
2476 2395 2775 2447 inordinata
2801 2411 2928 2464 qno·

1914 2494 2018 2547 que
2035 2475 2224 2528 eodem
2237 2474 2512 2529 referenda
2529 2477 2791 2547 suspicor,
2806 2473 2925 2526 vide

1882 2576 1889 2581 ·
1912 2556 2012 2623 lx,
2038 2556 2098 2624 4,
2128 2555 2318 2621 2332,
2345 2557 2594 2627 quoniam
2620 2555 2689 2607 de
2710 2553 2925 2625 disposi-

1915 2634 2055 2687 tione
2074 2672 2090 2699 ,
2118 2653 2277 2706 qnam
2301 2653 2429 2687 sane
2452 2634 2744 2705 intelligere
2768 2645 2924 2705 pote-

1910 2732 1995 2766 ras
2011 2755 2028 2781 ‚
2056 2732 2199 2767 nunc
2228 2733 2341 2767 non
2370 2716 2477 2785 agit
2498 2714 2713 2780 Noster,
2737 2712 2835 2765 sed
2860 2712 2929 2764 de

1913 2794 2028 2846 sola
2056 2794 2378 2846 elocutione.

1986 2889 2037 2944 7.
2078 2872 2413 2925 Placuerant.
2447 2871 2725 2923 Turicens.
2764 2871 2922 2923 (λιιι.

1913 2952 2066 3002 Tarv.
2085 2989 2102 3016 ,
2123 2949 2462 3021 placuerunt.
2494 2946 2704 3013 Placet,
2738 2962 2794 3001 et
2816 2961 2925 3003 tum

1913 3028 1981 3081 ad
2005 3030 2151 3081 hunc
2185 3028 2403 3080 modum
2436 3026 2803 3097 refingendum
2824 3027 2925 3099 fu-

1908 3119 2135 3181 qertmt,
2161 3108 2307 3180 quod
2332 3128 2441 3160 non
2464 3108 2593 3158 facit
2615 3109 2770 3158 Tarv.
2802 3108 2923 3159 Mox

1913 3197 1965 3239 et
1986 3188 2133 3239 inv...
2156 3187 2274 3238 dub.
2297 3199 2386 3240 est.
2406 3188 2586 3238 Turio.
2608 3184 2749 3239 Flor.
2771 3184 2825 3257 (a
2845 3195 2921 3257 pr.

1911 3268 2096 3339 mann)
2117 3267 2280 3319 Cnn’.
2307 3270 2575 3319 omittunt.

1986 3348 2035 3399 8.
2057 3346 2193 3399 Esse.
2214 3348 2487 3399 Turicens.
2513 3344 2576 3417 (a
2601 3364 2707 3398 see.
2734 3344 2923 3416 manu)

1909 3425 2074 3479 Cani».
2090 3464 2107 3491 ‚
2133 3437 2225 3478 est.

1980 3522 2033 3574 9.
2067 3504 2123 3570 Si
2154 3505 2400 3576 scripta...
2436 3516 2781 3576 reponuntur.
2807 3505 2921 3556 Ho-

1908 3586 2071 3636 ratius
2092 3583 2158 3635 ad
2176 3586 2419 3649 Pisones,
2438 3601 2571 3635 vers.
2594 3583 2698 3635 388
2715 3623 2731 3649 ‚
2751 3584 2920 3655 poetis

1910 3661 2097 3715 suadet
2140 3661 2292 3714 talia:
2344 3685 2367 3708 κ
2486 3662 2531 3713 si
2573 3660 2704 3732 quid
2746 3675 2921 3713 tamen

1912 3766 1935 3789 ε
1956 3742 2080 3794 olim
2107 3743 2445 3813 Scripseris...
2471 3758 2783 3811 nonumque
2807 3758 2918 3812 pre·

1913 3843 1934 3867 a·
1954 3834 2128 3873 matur
2155 3823 2207 3872 in
2238 3838 2453 3873 annum.
2484 3816 2806 3871 Membranis
2834 3820 2915 3869 in·

1912 3922 1935 3947 ι
1957 3914 2040 3953 tus
2076 3902 2262 3972 positis
2298 3899 2474 3952 delere
2512 3898 2725 3965 licebit,
2758 3895 2915 3967 Quod

1909 4004 1933 4029 κ
1954 4000 2062 4032 non
2088 3980 2332 4033 edideris.
2357 4005 2378 4028 n
2409 3981 2500 4030 En.

1982 4078 2063 4136 ιο.
2081 4062 2255 4133 Repon
2267 4072 2431 4113 untur
2442 4082 2461 4121 ,·
2491 4061 2565 4113 sic
2575 4060 2754 4114 Turio.
2777 4058 2909 4110 Flor.

811 4154 934 4187 eum
966 4136 1126 4188 Goth.
1156 4140 1307 4191 Voss.
1346 4156 1409 4202 2,
1436 4135 1572 4189 van.
1609 4135 1732 4188 Bad.
1770 4150 1824 4189 et
1901 4137 1970 4211 (a
1997 4159 2075 4213 pr.
2112 4140 2310 4212 manu)
2337 4141 2499 4195 Cntr.
2532 4138 2743 4211 Reliqui
2772 4155 2914 4209 repo·

814 4214 1015 4290 aliquot
1043 4219 1219 4271 Burm.
1237 4257 1253 4286 ,
1286 4219 1481 4272 frustra
1508 4217 1823 4273 defendente

1906 4227 2120 4271 uantur.
