3200 5159
686 486 1337 556 INSTITUTIONlS
1372 486 1631 552 ORAT.
1672 488 1833 550 LIB.
1873 488 1962 566 X,
2011 510 2065 551 1.
2340 483 2418 560 25

311 606 626 709 judicia¹
675 638 820 682 non
873 612 1190 682 referant.
1227 608 1466 681 Lectio
1513 591 1731 680 libera
1779 629 1912 698 est,
1956 635 2087 680 nec
2133 607 2421 680 actionis

323 725 598 826 impetu
615 741 643 772 ²
678 727 1121 817 transcurrit3
1152 727 1271 799 sed
1309 746 1613 825 repetere
1638 725 1888 825 saepius
1919 725 2107 813 licet,
2133 725 2269 797 sive
2294 725 2420 798 du-

321 840 529 933 bites,
562 843 702 914 sive
736 843 1090 915 memoriae
1115 842 1395 941 affigere
1416 839 1444 887 3
1471 841 1672 914 velis:
1707 838 2151 940 repetamusff*
2184 861 2418 912 autem

324 975 391 1026 et
424 975 830 1045 tractemus;
862 977 932 1028 et
961 979 1041 1028 ut
1074 955 1264 1027 cibos
1299 953 1623 1027 mansos⁵
1643 981 1732 1036 ¹ac
1767 981 1982 1054 prope
2018 955 2421 1053 liquefactos

322 1068 788 1160 demittimuS,
849 1099 990 1171 quo
1044 1071 1317 1143 facilius
1369 1070 1777 1169 digerantur
1790 1068 1844 1159 ⁶,
1883 1070 1975 1141 ita
2019 1069 2223 1142 lectio
2276 1095 2419 1142 non

325 1185 543 1257 cruda
565 1242 584 1275 ,
619 1187 738 1257 sed
775 1186 1001 1258 multa
1035 1187 1431 1263 iteratione?
1467 1184 1740 1257 mollita
1768 1206 1836 1257 et
1861 1184 2051 1256 velut
2077 1185 2421 1269 confecta,

325 1299 687 1373 memoriae
716 1301 1229 1401 imitationique
1261 1302 1592 1374 tradatur.
1629 1302 1729 1371 Ac
1760 1300 1880 1371 diu
1911 1326 2054 1370 non
2091 1299 2224 1371 nisi
2254 1299 2424 1398 opti·
2461 1337 2528 1371 20

323 1441 486 1486 mus
526 1415 863 1515 quisque,
908 1437 978 1489 et
1022 1417 1144 1516 qui
1195 1415 1591 1488 credentem
1635 1412 1816 1487 sibi⁸
1856 1414 2150 1486 minime
2196 1413 2425 1504 fallat,

322 1529 663 1628 legendus
697 1554 830 1622 est,
874 1532 994 1603 sed
1025 1532 1426 1630 diligenter,
1462 1558 1540 1601 ac
1577 1557 1775 1629 paene
1806 1531 1894 1602 ad
1928 1530 2271 1601 scribendi
2300 1528 2429 1601 sol-

325 1642 845 1735 licitudinem93
874 1674 1001 1720 nec
1038 1673 1158 1746 per
1186 1667 1408 1745 partes
1437 1645 1652 1716 modo
1682 1645 2131 1717 scrutanda¹⁰
2160 1644 2427 1735 omnia,

322 1758 444 1830 sed
478 1761 820 1858 perlectus
844 1761 1026 1856 'liber
1056 1762 1300 1857 utique
1324 1788 1403 1832 ex
1434 1760 1707 1858 integro
1738 1758 2234 1847 resumenduS,
2264 1786 2430 1858 prae-

322 1875 528 1975 cipue
553 1891 600 1921 ¹¹
640 1879 857 1950 oratio
887 1892 967 1969 ¹²,
1003 1878 1204 1979 cujus
1237 1877 1524 1948 virtutes
1546 1878 1949 1974 frequenter
1983 1903 2061 1947 ex
2094 1875 2436 1982 industria=

323 2018 610 2091 quoque
628 1995 1089 2066 occultantur:
1109 2018 1288 2092 saepe
1304 1992 1493 2064 enim
1521 2012 1889 2090 praeparat,
1922 1988 1977 2035 ¹3
1996 1990 2429 2083 dissimulat,
2468 2035 2527 2071 ,ι

403 2159 446 2194 t.
476 2142 879 2216 Pravajudicia.
897 2145 1030 2197 Vide
1052 2147 1150 2210 111,
1172 2162 1223 2214 7,
1251 2145 1330 2198 18.
1412 2141 1480 2195 de
1503 2142 1724 2210 Quintil.
1752 2141 1843 2193 lib.
1869 2142 1971 2206 xl,
1998 2160 2114 2213 cap.
2143 2142 2205 2208 3,
2232 2140 2386 2214 §.19.

398 2239 445 2272 2.
486 2222 713 2294 Impetu-
748 2223 923 2274 Turic.
966 2222 1107 2274 Flor.
1155 2219 1330 2274 Guelf.

321 2301 508 2363 Caum,
521 2300 1026 2372 impetita—Eadem
1040 2302 1226 2353 nostri.
1238 2301 1331 2352 En.

396 2379 449 2430 3.
488 2380 756 2432 Memoiioe
795 2376 1039 2451 affigere,-
1078 2381 1152 2431 sic
1188 2378 1331 2432 MSS.

326 2472 379 2510 et
407 2461 585 2510 excusi
617 2473 740 2511 ante
770 2458 923 2510 Basil.
952 2457 1163 2529 Reliqui
1190 2461 1334 2510 inse·

322 2553 446 2590 runt
466 2539 771 2609 penitus.—-
786 2540 1054 2590 Omittunt
1076 2557 1200 2590 vero
1227 2557 1335 2588 om-

324 2634 421 2668 nes
446 2619 631 2669 nostri.
655 2619 749 2670 En.

393 2695 445 2762 4.
463 2697 788 2768 Repetamus.
803 2699 979 2749 'surim
996 2697 1138 2749 Flor.
1156 2696 1330 2748 Guelf.

323 2773 513 2840 Caum,
531 2777 804 2849 repetimus
817 2816 835 2843 ,
857 2794 978 2828 cum
1000 2774 1162 2828 Goth.
1181 2779 1332 2828 Voss.

327 2872 387 2921 2,
412 2868 464 2906 et
494 2854 616 2907 edd.
642 2871 761 2908 ante
792 2858 906 2909 Bas.
935 2854 1038 2909 Sed
1065 2867 1339 2908 tractemus

324 2947 543 2985 tuentur
559 2936 737 2986 Tur-ic.
760 2936 897 2987 Flor-
925 2935 1130 3007 Reliqui
1154 2948 1207 2987 et
1231 2934 1335 2986 hoc

326 3028 679 3084 corrumpunt
706 3016 759 3065 in
791 3013 1146 3066 indicativum.
1173 3015 1231 3063 ln
1255 3013 1338 3064 de-

326 3092 585 3144 mittimus
619 3095 1005 3165 praepositionis
1050 3095 1069 3144 i
1108 3094 1336 3146 litteram

324 3169 454 3223 dant
474 3172 618 3226 MSS.
643 3187 697 3225 et
719 3175 896 3224 excusi
922 3187 1040 3225 ante
1064 3171 1338 3246 Gryphae-

324 3249 447 3300 Non
458 3249 649 3304 dubito
666 3253 792 3324 quin
810 3252 969 3303 fuerit
983 3271 1013 3303 a
1029 3253 1133 3320 Qu.
1153 3261 1339 3304 retrac-

325 3339 506 3380 temus.
518 3329 637 3381 vid.
652 3332 717 3395 ll,
728 3329 783 3396 4,
803 3329 883 3393 13,
896 3330 991 3381 ubi
999 3328 1138 3381 Flor.
1151 3330 1334 3381 Ambr.

327 3425 357 3458 α
371 3446 388 3474 ,
404 3421 756 3476 retractatam,
771 3408 951 3461 Ambr.
976 3427 992 3459 ι
1003 3447 1020 3473 ,
1041 3420 1333 3462 tractatam.

393 3486 444 3538 5.
480 3490 710 3542 Mausos.
735 3489 914 3541 Turio.
948 3487 1003 3559 <a
1034 3507 1115 3559 pr.
1155 3487 1338 3560 manu)

323 3585 529 3620 mense.
554 3568 692 3618 Flor.
722 3566 777 3636 (a
800 3586 880 3638 pr.
908 3566 1092 3636 manu)
1119 3585 1331 3619 menses.

393 3645 445 3697 6.
479 3646 813 3714 Digerantur.
850 3646 1113 3698 potestate
1147 3661 1335 3697 conco-

322 3724 515 3797 quendi
551 3742 661 3775 non
695 3723 908 3794 quidem
948 3722 1203 3788 labentiS,
1241 3722 1333 3775 sed

324 3804 627 3856 recentioris
649 3817 729 3854 est
747 3801 1048 3868 latinitatis,
1071 3801 1215 3874 quod
1234 3805 1335 3874 pri-

326 3903 468 3936 mum
492 3882 700 3934 videtur
722 3885 777 3935 in
799 3883 1032 3935 dentibus
1054 3883 1231 3934 cibum
1254 3882 1333 3934 di-

322 3962 636 4035 gerentibus,
666 3963 702 4012 i.
727 3980 805 4028 e.,
836 3960 1194 4012 minuentibus
1217 3959 1332 4011 dic-

329 4054 466 4109 tum,
490 4042 636 4094 velut
658 4041 788 4094 Ptin.
817 4044 948 4093 Hist.
974 4043 1095 4093 Nat.
1118 4042 1219 4106 xl,
1245 4038 1332 4111 37,

326 4133 450 4170 sect.
489 4119 576 4171 61.
617 4120 817 4172 Seneca
856 4131 1031 4171 tamen
1063 4131 1115 4171 et
1148 4118 1332 4172 Celsus

325 4214 501 4250 nostro
513 4202 624 4270 jam
642 4199 939 4269 significatu
954 4201 1332 4271 usurpant.Vi-

1488 2240 1537 2293 7.
1555 2223 1854 2275 Itemtione.
1870 2223 2046 2274 Turic-
2063 2223 2103 2272 F
2105 2222 2202 2274 lor.
2219 2223 2394 2276 Guelf.
2409 2262 2427 2291 ‚

1414 2301 1722 2353 alteratione
1736 2337 1752 2364 ,
1786 2319 1908 2351 cum
1943 2298 2077 2351 Alm.
2108 2299 2214 2353 Pal.
2251 2299 2423 2354 Gebh.

1416 2381 1507 2451 qui
1542 2377 1863 2430 vocabulum
1901 2377 2115 2430 mirifice
2148 2379 2428 2451 amplecti-

1416 2472 1523 2525 tur,
1550 2472 1694 2511 reete
1723 2460 2008 2528 castigatus
2036 2477 2068 2509 a
2093 2460 2391 2513 But-manno
2408 2499 2426 2526 ,

1415 2539 1692 2592 artificium
1712 2540 1938 2610 propriae
1956 2541 2012 2589 in
2030 2537 2176 2590 hisce
2195 2538 2262 2591 ad
2277 2540 2427 2592 cibos

1417 2618 1779 2689 spectantibus
1796 2619 2048 2669 orationis
2068 2616 2431 2672 demonstran·

1417 2711 1484 2750 te.
1513 2728 1579 2737 -
1606 2696 1804 2750 Eadem
1828 2698 2010 2749 nostri.
2037 2698 2128 2747 En.

1495 2779 1545 2829 8.
1560 2775 1685 2829 Sibi.
1702 2777 1827 2826 Tur.
1847 2773 1899 2843 (a
1915 2794 1997 2845 pr.
2014 2774 2111 2845 m.)
2127 2775 2289 2838 Flor.‚
2304 2776 2423 2829 sive.

1488 2876 1537 2927 9.
1566 2855 1829 2908 Scribendi
1855 2852 2278 2906 sollicitudinem.
2305 2857 2426 2907 Non

1418 2957 1554 3009 opus
1592 2936 1888 3004 corrigente
1924 2931 2270 2986 Lochmanno
2303 2936 2426 2987 scri-

1417 3016 1577 3070 bentis
1590 3054 1610 3081 ‚
1650 3030 1970 3084 quamquam
2012 3011 2118 3065 hoc
2159 3016 2332 3085 ipsum
2371 3017 2426 3067 in

1416 3093 1851 3164 interpretatione
1875 3091 2029 3162 ponit
2050 3090 2378 3144 Melanthon.

1500 3187 1576 3223 to.
1594 3169 1902 3222 scrutanda.
1924 3168 2098 3219 Turic.
2119 3169 2255 3221 Flor.
2273 3169 2324 3240 (a
2341 3190 2422 3243 pr.

1416 3267 1579 3301 manu
1594 3247 1841 3316 uterque)
1852 3247 2133 3314 scrutandi,
2151 3266 2272 3300 cum
2288 3248 2421 3301 Alm.

1415 3326 1734 3390 δεηιιαηάο,
1759 3324 1934 3376 Guelf.

1496 3424 1515 3458 1
1533 3425 1576 3459 t.
1617 3404 1918 3475 Proecipue,·
1949 3403 2025 3455 sic
2047 3402 2222 3457 Turic.
2248 3406 2424 3459 Guelf.

1415 3488 1578 3539 Cute.
1606 3504 1727 3537 cum
1751 3484 1888 3536 Atm.
1912 3482 2074 3534 Goth.
2098 3487 2253 3536 Voss.
2281 3502 2307 3536 2
2325 3522 2342 3551 ,
2373 3499 2425 3538 et

1416 3564 1539 3619 edd.
1569 3579 1693 3617 ante
1724 3562 1875 3615 Basil.
1897 3561 2026 3616 Rell.
2046 3565 2423 3638 praecipueque.

1416 3676 1485 3689 —
1499 3648 1699 3700 Omnes
1719 3647 1886 3696 nostri
1901 3646 2150 3697 omittunt
2169 3663 2288 3716 que.
2310 3647 2406 3698 Eu.

1494 3743 1511 3776 t
1526 3743 1570 3776 τι.
1591 3724 1858 3795 Proecipue
1875 3726 2058 3778 oratio.
2079 3747 2101 3770 ι
2117 3725 2182 3776 Et
2204 3727 2427 3778 maxime

1420 3827 1443 3851 κ
1463 3806 1505 3858 si
1523 3804 1659 3856 liber
1675 3803 1763 3857 ille
1783 3806 1848 3855 sit
1868 3805 2038 3855 oratio
2061 3803 2297 3874 quiedam
2312 3803 2424 3855 cla-

1419 3907 1443 3931 «
1466 3887 1511 3936 ri
1535 3884 1759 3954 alicujus
1782 3884 2012 3954 patroni.
2033 3906 2055 3929 υ
2085 3883 2298 3935 Gesner.

1493 3979 1510 4014 1
1521 3962 1573 4014 3.
1590 3959 1921 4026 Dissimulet,
1938 3960 2216 4013 insidiatur
2230 3971 2423 4029 orator,

1412 4059 1589 4113 eaque.
1613 4039 1790 4092 Turic.
1811 4039 1948 4092 Flor.
1971 4037 2314 4111 (quamquam
2337 4039 2424 4093 hic

1412 4122 1635 4191 primam
1650 4138 1839 4173 vocem
1853 4138 1961 4171 non
1975 4118 2183 4172 videtur
2195 4121 2424 4192 mutare)

1412 4199 1780 4252 dissimulatim
1822 4198 2076 4253 insidiatis
2110 4212 2311 4254 oratore
2344 4213 2423 4254 σε·
