3200 5159
633 478 1279 550 ms‘rt‘ru'rtoms
1313 478 1568 544 onAT.
1609 480 1769 543 Lm.
1809 481 1931 558 xl,
1982 503 2035 543 t.

2248 502 2373 572 2⁰9

291 605 593 680 Socrati¹
633 605 873 694 fuisse,
896 629 1108 700 quarn
1140 600 1195 673 si
1230 623 1404 673 esset
1431 599 1764 672 ususillo²
1780 602 2099 703 judiciali
2127 630 2377 701 genere

294 721 755 807 defensionis,
774 739 842 791 et
870 719 1181 811 oratione
1205 717 1575 788 summissa
1606 718 2036 789 conciliasset
2048 719 2377 819 judicum

293 834 572 906 animos
622 834 789 921 sibi,
831 831 1238 929 crimenque
1275 830 1507 928 ipsum
1562 829 1847 903 sollicite
1890 833 2381 931 redarguisset?

298 952 566 1023 Verum
613 948 685 1019 id
727 974 892 1019 eum
932 947 1228 1017 minime
1264 945 1577 1035 decebat3
1623 945 1920 1043 ideoque
1957 948 2054 1018 sic
2101 949 2273 1046 egit,
2307 969 2383 1020 ut
2427 975 2490 1018 16

297 1064 425 1160 qui
456 1089 731 1161 poenam
755 1061 784 1107 3
811 1088 1009 1133 suam
1045 1060 1430 1132 honoribus
1471 1061 1768 1132 summis
1797 1083 1970 1133 esset
2009 1064 2387 1135 aestimatu-

302 1205 455 1249 rus:
485 1176 731 1251 maluit
757 1176 945 1247 enim
965 1176 1065 1246 vir
1084 1173 1662 1273 sapientissimu5‚
1690 1176 1878 1271 quod
1903 1199 2282 1274 superesset
2305 1204 2388 1249 ex

295 1292 477 1380 ,vita,
502 1291 630 1363 sibi
657 1291 900 1388 perire,
936 1316 1151 1387 quam
1181 1288 1366 1385 quod
1395 1286 1870 1386 praeterisset-'⁴3
1902 1312 1970 1362 et
1991 1291 2274 1388 quando
2296 1292 2385 1362 ab

301 1407 713 1479 hominibus
737 1406 843 1479 sui
871 1405 1196 1503 temporis
1225 1430 1472 1502 parum
1511 1403 2052 1502 intelligebatur,
2084 1428 2391 1504 postero-

309 1520 513 1593 rum⁵
557 1547 625 1591 se
661 1519 945 1621 judiciis
971 1519 1366 1605 reservavit,
1406 1518 1592 1589 brevi
1622 1518 2035 1590 detrimento
2054 1519 2206 1619 jam
2235 1520 2395 1591 ulti-

307 1661 443 1709 mae
462 1633 494 1679 ⁶
529 1635 902 1706 senectutis
932 1661 1156 1706 aevum
1179 1633 1572 1705 seculorum
1610 1634 1935 1704 omnium
1959 1656 2390 1707 consecutus.

311 1753 561 1848 Itaque
590 1749 906 1848 quamvis
941 1747 1214 1845 Lysias,
1252 1746 1375 1844 qui
1407 1761 1605 1817 tum7
1639 1746 1710 1817 in
1739 1746 2035 1819 dicendo
2068 1770 2397 1846 praestan-

313 1981 572 2052 praeferat.
593 2008 665 2020 —-
687 1979 1031 2052 Profuturum
1065 1978 1137 2032 ad
1171 1980 1318 2031 abso—

312 2059 566 2111 {urionem
591 2059 805 2111 Socrati.
833 2061 911 2111 De
947 2058 1047 2110 hac
1081 2077 1138 2110 re
1162 2058 1317 2127 vulgo

317 2151 442 2190 nota
465 2140 670 2202 omnia,
695 2151 746 2189 et
763 2151 906 2189 recte
926 2136 1174 2189 lectorem
1195 2137 1320 2189 Ges·

313 2234 473 2269 uerus
490 2217 704 2267 remittit
723 2215 790 2267 ad
805 2214 1076 2287 Apologiae
1090 2216 1319 2267 Socratis

315 2293 715 2367 Xenophontem
750 2294 1065 2364 principium
1081 2329 1098 2356 ‚
1136 2291 1227 2342 ubi
1265 2294 1320 2343 in

314 2374 550 2427 editione
575 2373 1063 2424 Baebio-Zeuuiana
1087 2373 1320 2423 referun-

318 2468 402 2506 tur
437 2466 671 2505 veterum
719 2452 838 2503 loca
886 2452 990 2502 huc
1037 2452 1282 2503 facientia
1302 2471 1317 2513 ς

316 2538 441 2586 item
471 2531 786 2585 consulendi
809 2535 918 2583 VV.
945 2533 1059 2583 DD.
1095 2530 1162 2583 ad
1191 2533 1320 2582 Dio·

309 2630 508 2682 genem
533 2612 796 2662 Laertium
822 2611 866 2660 tt
884 2648 901 2674 ,
934 2609 1020 2675 40.
1047 2608 1211 2675 Quod
1239 2622 1317 2661 est

316 2710 440 2743 mox
463 2689 531 2742 de
553 2691 704 2758 Lysia
721 2729 739 2754 ,
755 2688 886 2740 Vide
909 2690 981 2751 ΙΙ,
1010 2688 1099 2753 16,
1124 2688 1211 2739 3ο.

393 2788 438 2822 1.
453 2771 669 2822 Soc-mci.
690 2768 919 2821 Florent.
940 2766 1113 2819 Guelf.
1135 2770 1319 2830 Cant,

316 2850 566 2914 Socratis,
590 2866 711 2900 cum
740 2848 861 2900 edd.
887 2861 1008 2898 ante
1033 2846 1156 2899 Bad.
1182 2846 1319 2898 Nos—

321 2943 458 2980 trum
482 2930 618 2979 tueri
639 2926 844 2978 videtur
865 2927 1043 2976 Turic-

390 3025 439 3059 2.
465 3006 589 3058 Illo.
611 3007 788 3057 Turic.
816 3003 987 3071 Flor'.‚
1012 3003 1122 3057 ille.
1144 3003 1318 3057 Guelf.

323 3086 517 3138 omittit
541 3102 674 3135 usus.

390 3163 443 3215 3.
472 3161 748 3212 Poenant...
765 3161 1121 3212 (estimatum.
1143 3161 1322 3226 Quum

320 3242 466 3305 lites,
488 3239 544 3291 id
570 3238 712 3310 quod
739 3251 918 3290 monet
937 3238 1228 3303 Gesner-us,
1250 3237 1324 3289 di-

321 3333 511 3371 cantur
532 3320 774 3370 estimari
801 3320 1182 3387 quinquaginta
1203 3335 1253 3366 v.
1274 3336 1320 3369 c.

319 3399 564 3462 talentis,
591 3398 864 3466 ingeniose
897 3398 1069 3466 potuit
1102 3416 1130 3447 a
1161 3395 1323 3447 Fabio

317 3478 427 3530 dici
450 3478 690 3530 Socrates
716 3493 925 3545 poenam
1000 3477 1032 3525 i.
1059 3494 1103 3525 e.
1124 3512 1140 3536 ,
1179 3475 1324 3546 quod

321 3555 602 3608 adversarii
631 3555 960 3622 imperitique
998 3554 1135 3605 cives
1168 3572 1324 3623 poena

317 3635 538 3705 dignum
563 3632 871 3700 censerent)
894 3632 1160 3683 aestimasse
1185 3649 1327 3682 sum-

323 3715 420 3765 mis
444 3710 750 3776 bonoribus,
791 3712 882 3781 qui
917 3711 1017 3762 silvi
1048 3712 1242 3763 victum
1272 3713 1326 3760 in

323 3794 581 3864 Prytaneo
615 3788 827 3860 publice
859 3789 1198 3861 prebendam
1230 3788 1326 3840 ad-

318 3870 626 3940 judicasset.
641 3866 781 3919 Idem
797 3869 1062 3919 Gesnerus
1079 3867 1183 3918 hoe
1198 3868 1329 3917 Nos-

329 3950 392 4001 tri
409 3948 533 4000 loco
554 3963 720 4017 poenae
737 3945 1054 3997 vocabulum
1079 3945 1329 3996 vindicari

327 4037 508 4078 censet
527 4022 670 4095 apud
689 4024 800 4075 Cic.
823 4023 891 4075 de
910 4026 1002 4077 Or.
1023 4026 1073 4087 1,
1093 4022 1189 4089 54,
1209 4041 1333 4074 con·

329 4117 409 4154 tra
453 4103 758 4154 criticorum
803 4102 1195 4185 dubitgtiones,
1245 4104 1331 4153 cui

333 4179 539 4235 accedit
560 4179 825 4233 Ernestus.

548 4266 600 4332 4.

1468 1977 1517 2045 4.
1537 1977 1790 2030 Maluit...
1802 1979 2221 2050 preterisseth
2242 1980 2402 2032 'subli-

1397 2052 1533 2109 mius
1577 2057 1742 2108 ullum
1785 2072 1837 2109 et
1881 2059 2145 2127 gravitatis
2191 2059 2398 2129 plenius

1397 2137 1596 2187 dictum
1625 2139 1851 2206 reperias
1886 2154 1947 2187 ex
1980 2139 2264 2206 ingeniosis
2297 2138 2399 2189 illis

1400 2229 1451 2266 et
1486 2235 1517 2264 a
1549 2213 1781 2286 periculo
1816 2214 1990 2285 petitis
2027 2214 2133 2284 (ΙΙ,
2175 2232 2262 2280 tt,
2300 2216 2399 2286 3),

1402 2312 1515 2364 quae
1570 2306 1827 2343 vocantur
1880 2289 2116 2358 ὀξὸμωρα.
2170 2293 2361 2345 Doleas
2382 2331 2401 2359 ,

1401 2369 1547 2439 quod
1581 2384 1727 2421 suain
1764 2370 2154 2440 quodammodo
2186 2372 2286 2421 vim
2319 2374 2404 2422 in-

1398 2450 1610 2518 fringit,
1647 2447 1851 2520 sibique
1885 2451 1997 2519 ipse
2022 2450 2185 2500 officit
2210 2452 2405 2503 Noster

1397 2546 1520 2578 mox
1545 2527 1727 2578 eadem
1757 2528 2014 2579 iterando.
2046 2531 2231 2600 Neque
2265 2532 2404 2581 enim

1400 2607 1537 2657 brevi
1557 2606 1922 2658 detrimenta...
1946 2606 2144 2658 ultImoe
2170 2620 2404 2659 senectu-

1398 2687 1462 2737 tis
1491 2702 1663 2736 cenum
1690 2685 1978 2737 seculomm
2010 2687 2241 2738 omnium
2273 2707 2402 2739 con-

1396 2774 1595 2816 secutus
1609 2764 1847 2815 Socrates
1862 2762 2202 2834 (quamquam
2221 2781 2271 2817 et
2293 2767 2403 2819 luec

1397 2860 1567 2913 pense
1591 2846 1799 2912 egregie
1819 2842 2089 2914 dicuntur)
2113 2845 2403 2915 quidquam

1403 2921 1542 2973 aliud
1568 2936 1675 2983 est,
1705 2940 1862 2991 quam
1889 2922 1991 2973 hoc
2016 2924 2189 2993 ipsum
2206 2962 2223 2987 ,
2259 2924 2406 2994 quod

1399 3018 1543 3053 nuuc
1566 2999 1858 3051 laudamus.
1888 3002 1951 3052 Et
1976 3002 2146 3054 secula
2170 3003 2257 3054 illa
2284 3022 2407 3056 mox

1403 3086 1619 3149 quoque
1642 3092 1918 3130 recurrunt
1939 3081 1987 3145 S.
2018 3082 2094 3131 13.
2126 3082 2407 3134 Pra‘stabat

1403 3157 1548 3225 prius
1590 3154 1761 3205 solum
1800 3173 2030 3225 ponere,
2074 3158 2217 3228 quod
2260 3159 2408 3213 haud

1403 3233 1564 3285 dubie
1588 3233 1775 3284 melius
1801 3248 1874 3285 est
1907 3234 2090 3286 altero.

1477 3314 1524 3365 5.
1543 3314 1861 3365 Foster-orum
1871 3314 2062 3365 ,Turic.
2079 3316 2216 3368 Flor.
2229 3316 2406 3371 Guelf.

1403 3393 1595 3455 Cama,
1627 3392 1995 3463 posteriorum,
2029 3412 2148 3445 curn
2172 3399 2325 3449 Voss.
2353 3399 2405 3452 3.

1404 3472 1569 3523 —Sic
1584 3488 1798 3542 quoque
1822 3475 2015 3538 nostri,
2030 3492 2142 3526 exc.
2157 3474 2289 3527 van.
2315 3476 2406 3529 lib.

1406 3550 1509 3599 RR.
1537 3550 1598 3611 8,
1623 3566 1684 3617 9.
1715 3550 1802 3608 13,
1829 3552 1919 3619 qui
1938 3562 2278 3620 posterorum.
2313 3555 2406 3609 Eo.

1476 3628 1527 3677 6.
1539 3628 1659 3677 Jam
1681 3625 1893 3679 ulcimoe.
1910 3630 2020 3680 Nisi
2036 3630 2219 3682 abesse
2235 3635 2412 3703 prius,

1408 3708 1682 3777 transponi
1712 3721 1887 3758 tamen
1910 3708 2079 3760 velim.

1480 3801 1528 3853 7.
1554 3785 1659 3855 Qui
1678 3796 1805 3836 tum.
1831 3789 2069 3837 luserunt
2091 3806 2223 3839 unus
2242 3808 2407 3861 marg.

1409 3863 1562 3914 Basil.
1601 3877 1655 3914 et
1691 3863 1774 3914 ed.
1800 3864 2000 3936 Gryph.
2038 3866 2230 3935 (1536)
2264 3871 2411 3940 quod

1409 3940 1678 3993 collaudat
1722 3945 1893 3992 Burin.
1950 3942 2050 3995 Sed
2097 3950 2409 3999 auctoritate

1411 4038 1490 4071 ca·
1503 4031 1569 4069 et.
1587 4048 1653 4057 ——
1672 4020 1845 4070 Nostri
1870 4022 2089 4092 quitum
2108 4060 2123 4085 ‚
2152 4040 2262 4076 exc.
2288 4028 2350 4077 It.
2377 4029 2411 4079 3

1411 4118 1440 4151 a
1469 4117 1574 4150 sec.
1611 4118 1769 4152 manu
1801 4100 1961 4152 dante
1995 4103 2090 4174 qui
2116 4115 2322 4174 tamen,
2361 4121 2423 4163 ee

1413 4181 1477 4230 lt.
1509 4198 1570 4233 ιο
1596 4180 1691 4251 qui
1716 4182 1836 4233 vim,
1863 4183 1953 4232 Eu.

2077 4271 2140 4337 ¹4
