3200 5159
648 511 1301 579 INSTITUTIONIS
1342 514 1597 579 ORAT.
1643 513 1805 580 LIB.
1846 518 1934 596 X,
1984 541 2035 582 ι.

2296 522 2378 606 47

276 650 449 721 test,
484 632 605 706 sed
644 629 998 706 intellectu
1028 633 1222 733 sequi
1246 648 1289 705 ¹.
1327 637 1598 706 Verum
1643 636 1756 707 hic
1791 663 2035 710 omnes
2064 638 2209 710 sine
2241 638 2381 710 du·
2422 653 2485 708 5ι

281 747 446 839 bio,
478 748 644 821 etin
676 749 872 820 omni
904 774 1152 847 genere
1181 749 1595 847 eloquentiae
1630 752 1873 849 procul
1902 779 1941 822 a
1971 778 2040 824 se
2069 752 2379 852 reliquit;

280 864 564 962 epicos²
608 886 842 937 tamen
882 866 1257 964 praecipue,
1292 865 1602 937 videlicet
1634 867 1804 965 quia
1842 867 2262 942 clarissima3
2308 870 2380 941 in

282 980 588 1052 materia
615 980 827 1052 simili
846 979 879 1042 4
903 981 1326 1079 comparatio
1351 1002 1471 1052 est.
1498 984 1683 1054 Raro
1707 982 1999 1081 assurgit
2021 985 2380 1072 Hesiodus,
2425 1001 2491 1056 52

288 1117 697 1193 magnaque
723 1119 875 1192 pars
908 1093 1056 1194 ejus
1086 1094 1159 1166 in
1193 1094 1608 1167 nominibus
1637 1111 1735 1167 est
1762 1118 2123 1194 occupata;
2146 1118 2388 1171 tamen

290 1210 501 1282 utiles
518 1208 547 1255 ⁵
571 1210 747 1281 eirca
779 1229 1124 1308 praecepta
1150 1210 1533 1300 sententiae,
1564 1210 1983 1310 levitasque⁶
2014 1212 2386 1284 verborum

291 1344 369 1396 et
411 1324 934 1424 compositionis
976 1324 1434 1423 probabilis73
1481 1323 1870 1424 daturque⁸
1910 1326 1976 1397 ei
2023 1326 2263 1424 palma
2311 1327 2392 1400 in

292 1438 465 1511 illos
486 1438 723 1511 medio
741 1452 799 1484 ¹⁰
819 1465 1070 1538 genere
1091 1438 1384 1511 dicendi.
1408 1440 1669 1512 Contra
1686 1440 1760 1515 in
1782 1440 2200 1513 Antimacho
2218 1456 2234 1487 ¹
2251 1456 2268 1486 ¹
2292 1442 2391 1516 vis
2432 1464 2499 1519 5³

380 1625 425 1660 ι.
443 1610 617 1681 Sequi.
638 1610 700 1660 R.
726 1608 786 1660 ¹3
809 1609 952 1660 solus
971 1610 1184 1681 assequi.
1210 1610 1301 1660 En.

376 1705 424 1740 2.
453 1688 675 1759 Epium,-
705 1689 778 1740 sic
804 1681 981 1741 Turio.
1008 1686 1148 1740 Flor.
1184 1705 1305 1739 cum

296 1761 452 1821 Bodl.
469 1765 755 1820 Alm.v0ss.
773 1785 800 1820 2
812 1766 1017 1837 (contra
1029 1787 1089 1819 ac
1100 1767 1309 1839 Goth.),

296 1844 458 1898 Basil.
497 1858 551 1898 et
588 1857 751 1916 marg.
787 1845 988 1919 Gryph.
1030 1843 1309 1918 Epicuros,

300 1929 460 1978 Voss.
489 1925 540 1977 3.
567 1923 775 1996 Reliqui
807 1923 1046 1978 heroicos.
1067 1925 1173 1975 Tot
1196 1937 1314 1975 tan-

300 2005 481 2076 tisque
506 2004 811 2056 auctoribus
836 2003 1203 2074 obtemperare
1226 2002 1315 2054 de·

301 2081 430 2148 bui,
446 2084 679 2154 quamvis
697 2081 978 2135 deterritus
998 2080 1206 2134 silentio
1229 2101 1315 2134 eo-

300 2163 559 2234 rnm‚qui
574 2160 781 2234 plurimi
797 2162 1142 2233 acerrimique
1154 2161 1315 2233 hujus

304 2242 416 2294 loci
434 2243 833 2312 investigatores
854 2239 1064 2312 vulgata
1089 2243 1315 2313 scriptu-

304 2333 371 2374 ra
400 2323 793 2393 acquieverunt.
822 2321 953 2374 Sunt
977 2324 1015 2374 ii
1038 2339 1163 2374 sane
1188 2320 1318 2373 illud

310 2403 510 2468 secuti,
535 2400 679 2472 quod
702 2413 990 2453 metrorum
1012 2417 1207 2471 genera
1228 2397 1317 2453 hic

310 2479 574 2553 dirempta
595 2481 988 2547 existimabant,
1009 2499 1169 2552 quum
1189 2499 1318 2553 prae·

314 2562 494 2612 sertim
516 2555 802 2612 Hesibdum
821 2559 1063 2631 protinus
1086 2560 1317 2611 Homero

313 2636 506 2708 subjici
520 2638 771 2690 viderent.
789 2636 891 2692 Sed
905 2639 993 2709 qui
1004 2635 1319 2696 Antimacho

314 2716 579 2770 mundas
602 2715 754 2769 dates
778 2717 965 2782 refert,
984 2717 1027 2769 is
1047 2718 1321 2789 epicorum

312 2795 559 2868 profecto
574 2813 795 2848 numero
812 2797 988 2848 eximit
1002 2794 1291 2847 Hesiodum
1301 2832 1319 2859 ,

317 2889 510 2947 quem,
543 2875 588 2927 si
620 2871 954 2927 heroicorum
983 2891 1172 2927 census
1201 2892 1325 2945 age-

315 2965 481 3018 retur,
491 2950 684 3005 diserte
698 2966 791 3005 aut
807 2953 1032 3024 praeferri
1045 2990 1061 3018 ‚
1078 2965 1168 3005 aut
1183 2967 1328 3026 post-

316 3029 506 3082 haberi
536 3031 853 3083 Antimacho
888 3033 1184 3103 oportebat.
1214 3033 1326 3084 Nec

326 3131 352 3155 α
373 3107 556 3161 similit
589 3108 809 3160 materia
831 3132 852 3156 n
896 3123 1073 3180 potest
1111 3108 1177 3159 ad
1213 3128 1326 3160 me-

323 3197 463 3240 trum
488 3187 644 3240 trahi.
664 3187 797 3240 vide
822 3184 868 3258 §-
895 3187 979 3241 88.
1012 3218 1079 3227 —
1103 3187 1331 3240 Easdem

320 3268 492 3318 varias
510 3264 764 3319 lectiones
782 3264 1017 3337 praebent
1035 3267 1217 3318 nostri.
1236 3267 1328 3317 En.

396 3345 450 3399 3.
478 3344 785 3398 Clarissima.
807 3344 982 3396 Tur-ic.
1000 3382 1017 3410 ,
1042 3344 1328 3397 durissima.

397 3422 451 3490 4.
477 3422 668 3477 Simili.
689 3423 862 3474 Turic.
888 3422 1025 3474 Flor.
1048 3423 1209 3475 Cam.
1226 3461 1241 3488 ‚
1264 3421 1332 3474 si-

325 3500 493 3568 milis,
520 3518 642 3553 cum
658 3500 822 3554 Goth.
840 3502 993 3553 Voss.
1023 3520 1082 3568 2,
1106 3499 1253 3552 Bodl.
1281 3513 1333 3553 et

330 3580 480 3633 editt.
526 3583 647 3632 ante
686 3578 885 3652 Gryph.
927 3577 1296 3633 Similitudinis
1312 3619 1331 3646 ‚

328 3657 506 3710 Guelf.
535 3685 600 3697 -—
624 3655 820 3709 Eadem
844 3660 1028 3710 nostri.
1054 3659 1146 3711 En.

405 3737 456 3790 5¹.
493 3721 656 3789 Utifes
684 3735 818 3788 cirea
845 3745 1103 3808 praecepta
1133 3746 1338 3788 senten-

334 3816 435 3868 tiae‘.
461 3813 700 3886 Exempli
722 3831 880 3868 causa
904 3813 1337 3868 Pseudo-Turne·

335 3895 435 3948 bus
476 3894 806 3948 demonstrat
851 3896 1028 3947 locum
1070 3896 1337 3948 Ciceronis

337 3974 538 4028 Pamin.
555 3976 652 4038 vt,
676 3977 762 4030 18:
787 3995 808 4022 ιι
826 3976 990 4048 Lepta
1006 3969 1340 4027 suavissimus

347 4065 369 4098 ι
388 4050 589 4104 ediscat
618 4052 939 4118 Hesiodum,
972 4067 1025 4106 et
1055 4052 1249 4106 habeat
1284 4057 1340 4107 in

346 4136 371 4175 ἃ
391 4143 482 4183 ore
502 4130 591 4187 Τῒς
613 4121 665 4180 δ’
695 4129 853 4200 ἐμαῖς
876 4129 1067 4201 matra.
1090 4153 1112 4180 n

390 4212 460 4262 -6,
482 4207 813 4285 Ιευὶίαςᾳιως
834 4214 907 4265 sic
925 4213 1196 4266 'furies-ns,
1221 4227 1338 4265 cum

1385 1610 1530 1660 JenS.
1546 1622 1599 1662 et
1620 1608 1737 1662 edd.
1761 1623 1981 1681 posterr.
2000 1623 2123 1663 ante
2138 1609 2256 1662 Ald.
2277 1630 2389 1664 acc.

1387 1688 1614 1759 Capper.
1631 1727 1647 1752 ‚
1683 1688 1971 1759 probante,
2010 1705 2118 1741 non
2157 1690 2394 1744 imitante

1387 1768 1641 1819 Gesner-o.
1677 1764 1886 1839 Reliqui
1923 1767 2239 1840 lenitasque,
2276 1771 2398 1840 qui-

1389 1843 1490 1896 bus
1520 1841 1655 1896 falso
1685 1847 1910 1897 eximere
1933 1844 2160 1896 Gothan.
2191 1845 2398 1898 videtur

1389 1921 1671 1974 Gesnerus.
1691 1921 1824 1974 Vide
1849 1919 1954 1989 IX,
1980 1923 2045 1990 4,
2076 1923 2200 1992 ι44;
2230 1925 2307 1991 11,
2332 1923 2399 1990 5.,

1392 2018 1443 2071 9.
1470 1999 1716 2068 Accedit,
1739 2001 2077 2054 monentibus
2097 2001 2320 2074 Capper.
2349 2014 2403 2054 et

1392 2082 1551 2132 Geso.
1567 2118 1584 2145 .,
1605 2082 1959 2132 testimonium
1976 2081 2240 2154 Dionysii,
2256 2079 2402 2153 apud

1397 2165 1552 2230 quem
1573 2197 1590 2224 ‚
1629 2177 1683 2229 p.
1720 2157 1843 2210 Rsk.
1882 2158 2018 2227 419,
2062 2172 2141 2210 est
2174 2155 2402 2214 λιιὸσιντος

1392 2232 1631 2300 ’ὄνομιίτυν
1651 2235 1718 2288 tle
1738 2234 1996 2287 Hesiodo:
2014 2235 2133 2288 vide
2148 2249 2198 2289 et
2214 2233 2258 2307 §.
2287 2253 2342 2289 12
2355 2254 2400 2290 t.

1394 2345 1468 2355 —
1490 2314 1685 2366 Eadem
1708 2316 1892 2367 nostri.
1915 2314 2009 2365 En.

1452 2410 1500 2463 7.
1516 2393 1948 2447 Probabilissl'ur.
1960 2395 2121 2447 Ceae.
2136 2393 2403 2449 omittunt.

1453 2473 1502 2526 8.
1535 2473 1823 2545 Daturque.
1851 2473 2058 2539 Turic.,
2083 2472 2238 2525 datm
2256 2492 2405 2547 quoe‚·

1399 2567 1428 2603 a
1461 2570 1564 2604 sec.
1599 2569 1759 2603 manu
1789 2553 2047 2604 omittitur
2068 2571 2216 2625 quoe,
2250 2567 2301 2606 et
2329 2557 2406 2606 sic

1398 2629 1557 2683 Goth.
1582 2631 1726 2682 Jens.
1751 2626 1876 2700 (tac.
1901 2630 2059 2682 Gesn.
2088 2632 2177 2702 qui
2201 2630 2305 2684 hoc
2328 2636 2408 2705 ip-

1401 2726 1519 2761 sum
1549 2707 1791 2779 optabat)
1812 2709 1966 2760 Voss.
2000 2725 2059 2776 2,
2081 2705 2216 2761 vall.
2242 2711 2405 2763 clu».

1401 2805 1523 2840 cum
1553 2787 1672 2839 edd.
1703 2801 1825 2840 ante
1848 2779 1968 2839 ΑΜ.
1986 2825 2003 2853 ,
2032 2803 2142 2839 acc.
2173 2787 2298 2841 Bad.
2323 2810 2405 2863 pr.

1401 2868 1530 2918 Mox
1550 2864 1734 2937 palam
1757 2867 1934 2918 Turic-
1958 2885 2056 2939 pro
2079 2866 2282 2938 palma.

1475 2961 1525 3014 9.
1551 2943 1620 2994 In
1650 2943 1746 2996 illo
1772 2944 1945 2995 medio
1969 2961 2158 3016 genere
2183 2944 2409 3008 dicendi.

1403 3021 1539 3076 Vide
1563 3024 1637 3088 11,
1665 3039 1747 3093 ¹7,
1772 3023 1835 3085 ὃς
1859 3024 1984 3075 item
2007 3023 2094 3076 hic
2118 3024 2162 3096 §.
2190 3025 2274 3078 80.

1486 3117 1566 3153 ιο.
1584 3101 1778 3154 Medio.
1795 3102 2023 3154 Florent.
2040 3103 2091 3173 (a
2107 3120 2211 3156 sec.
2231 3105 2414 3179 manu)

1408 3180 1584 3234 Guelf.
1607 3179 1766 3234 Goth.
1786 3181 1930 3232 Jens.
1950 3179 2073 3251 (tac.
2095 3181 2279 3256 Gesn.)
2301 3203 2413 3236 me-

1410 3259 1606 3325 atomi,
1640 3277 1763 3311 cum
1797 3259 1917 3313 edd.
1952 3273 2073 3312 ante
2106 3262 2259 3314 Basil.
2279 3263 2414 3316 Vide

1411 3341 1459 3408 §-
1501 3340 1601 3402 80‚
1635 3333 1729 3390 ubi
1765 3338 2008 3390 mediocri
2038 3339 2177 3393 Flor.
2211 3340 2274 3413 (a
2306 3362 2415 3395 sec.

1413 3420 1596 3491 manu)
1618 3413 1779 3471 Goth.
1795 3421 1947 3469 Voss.
1976 3435 2021 3485 ι,
2045 3418 2076 3470 3
2102 3415 2417 3473 soli.—-Ea-

1413 3498 1534 3551 dem
1557 3500 1742 3550 nostri.
1766 3499 1862 3550 En.

1491 3591 1511 3629 1
1529 3594 1571 3630 t.
1591 3576 1928 3628 Antimacho.
1950 3575 2294 3631 Antimachus
2312 3577 2421 3651 (re-

1412 3657 1615 3708 ferente
1636 3654 1836 3727 Turn.)
1861 3668 2019 3727 poeta
2049 3654 2418 3728 Colophonius

1415 3739 1547 3802 fuit,
1573 3731 1868 3808 Hipparchi
1897 3735 2033 3788 filius
2050 3775 2066 3802 ,
2095 3735 2234 3789 idem
2259 3742 2419 3792 etiam

1414 3817 1817 3886 grammaticus:
1851 3816 1999 3866 aiunt
2025 3816 2188 3867 fuisse
2212 3835 2421 3871 servum

1418 3893 1717 3968 Panyasidis
1748 3907 1936 3965 poetae.
1971 3893 2316 3948 Antimachus
2347 3900 2423 3949 ita

1417 3972 1764 4026 adornabatur
1777 3971 1843 4024 ab
1860 3971 2090 4024 Adriano
2103 4010 2119 4038 ‚
2134 3986 2192 4024 ut
2208 3975 2424 4030 Homeri

1417 4063 1669 4124 poemata
1696 4048 1943 4118 abolere,
1973 4064 2024 4103 et
2050 4069 2148 4122 pro
2178 4070 2242 4104 eo
2265 4056 2423 4108 Anti-

1418 4131 1666 4184 machum
1683 4133 1739 4182 in
1756 4129 1951 4183 scholis
1969 4128 2251 4201 legendum
2271 4134 2424 4189 indu-

1419 4229 1538 4266 cere
1585 4213 1858 4282 cogitaret.
1901 4210 2034 4264 Vide
2079 4206 2241 4283 paulo
2285 4215 2422 4272 insta
