3200 5159
776 506 897 586 148

1329 508 1422 581 Μ.
1465 507 1692 571 FAssn
1730 502 2291 589 Qum'rlmAm

767 624 1248 716 lucubrantes,
1269 624 1625 699 silentium
1653 627 1872 701 noctis
1889 684 1909 718 ,
1935 648 2006 699 et
2029 625 2353 701 clausum
2372 642 2391 672 ¹
2418 627 2873 719 cubiculum,

678 751 747 806 26
771 740 1101 835 etlumen
1123 742 1390 837 unum?
1408 742 1599 814 velut
1616 762 1830 814 tectos
1843 740 1872 787 ³
1889 742 2195 815 maxime
2215 754 2467 817 teneat.
2489 743 2626 829 Sed
2647 769 2873 841 quum

775 854 851 927 in
881 856 1078 927 omni
1105 856 1500 929 studiorum
1531 882 1821 955 genere,
1846 876 2000 929 tum
2033 856 2109 930 in
2145 857 2278 930 hoc
2309 858 2657 958 praecipue
2690 859 2881 929 bona

772 970 1096 1043 valetudo
1117 1028 1138 1061 ‚
1187 996 1484 1071 quaeque
1541 998 1698 1043 eam
1762 971 2067 1045 maxime
2115 993 2422 1073 praestat,
2467 971 2881 1073 “frugalitas

779 1085 1160 1158 necessaria
1196 1107 1337 1176 est3
1372 1112 1599 1185 quum
1634 1107 1954 1185 tempora
1995 1088 2084 1159 ab
2133 1088 2326 1189 ipsa⁵
2361 1116 2596 1162 rerum
2631 1108 2883 1161 natura

779 1200 869 1272 ad
902 1201 1209 1301 quietem
1242 1201 1829 1298 refectionemque
1860 1202 2063 1299 nobis
2097 1202 2326 1293 data⁶,
2354 1204 2425 1275 in
2456 1203 2885 1276 acerrimum

780 1313 1094 1387 laborem
1115 1315 1654 1404 convertimus73
1682 1314 1795 1387 cui
1818 1336 2055 1389 tamen
2080 1343 2225 1389 non
2248 1316 2406 1416 plus
2430 1315 2885 1416 irrogandum

687 1456 750 1510 ²7
789 1452 924 1523 est,
946 1459 1162 1532 quam
1187 1432 1378 1532 quod
1400 1431 1692 1507 somno⁸
1715 1435 2086 1532 supererit,
2116 1434 2309 1508 haud
2341 1434 2635 1509 deerit9:
2665 1434 2889 1507 obstat

862 1618 907 1653 t.
941 1600 1205 1655 Clausum.
1240 1601 1402 1655 Goth.
1434 1601 1569 1673 (tac.
1601 1601 1798 1673 Gesn.)
1879 1606 1945 1655 tri
1968 1622 2152 1656 omnes
2175 1603 2399 1659 Codices
2423 1604 2564 1657 velut
2592 1615 2767 1657 rectos.
2795 1604 2883 1656 En.

782 1681 1008 1748 clusum,
1024 1700 1146 1747 cnm
1159 1680 1295 1733 vall.
1313 1680 1576 1735 Bad.Vide
1591 1681 1684 1733 lib.
1702 1680 1798 1747 IX,

788 1778 908 1830 cap.
935 1759 995 1826 4,
1020 1758 1066 1829 §-
1095 1776 1212 1812 ιω.

863 1855 913 1889 2.
953 1838 1154 1890 Lumen
1190 1856 1375 1890 unum.
1409 1837 1636 1908 Ablegat
1674 1838 1801 1888 Bur-

790 1935 1015 1968 mannus
1049 1916 1114 1968 ad
1146 1915 1542 1989 Bynkershoekii
1579 1915 1800 1970 Observ.

791 1994 931 2046 Juris
959 1996 1106 2046 Rom.
1133 1997 1188 2061 1,
1222 1996 1316 2063 14,
1345 2015 1408 2047 ex
1437 1994 1690 2048 hocloco
1716 2013 1805 2047 os-

792 2074 1069 2127 tendentes
1086 2114 1102 2141 ,
1128 2075 1256 2146 qnid
1284 2077 1350 2128 sit
1378 2074 1557 2127 himen
1587 2074 1803 2126 unicum

795 2153 941 2226 apud
965 2154 1267 2226 Ulpianum.

865 2234 916 2286 3.
953 2233 1114 2288 Velut
1145 2245 1313 2288 tectos.
1339 2233 1527 2285 Tui-ic:
1547 2230 1690 2284 Flor.
1708 2269 1731 2297 ,
1756 2243 1810 2281 et

796 2312 951 2366 velud
968 2323 1138 2367 rectos.
1163 2317 1223 2366 ln
1241 2312 1332 2365 illo
1357 2315 1496 2364 inter
1516 2323 1569 2363 et
1587 2323 1644 2363 et
1668 2309 1809 2364 velut

797 2394 1214 2464 suprascriptum
1255 2388 1351 2443 vel.
1392 2391 1569 2444 Guelf.
1608 2392 1772 2443 Cam».
1791 2429 1809 2457 ,

801 2492 848 2524 v.
893 2482 1081 2535 rectos,
1123 2490 1246 2523 cum
1282 2470 1420 2523 Alm.
1454 2474 1607 2523 Voss.
1651 2487 1669 2522 1
1692 2509 1710 2538 ,
1747 2488 1810 2535 2,

801 2546 961 2600 Goth.
985 2549 1134 2599 Bern.
1159 2560 1210 2600 et
1230 2547 1350 2600 edd.
1369 2560 1490 2600 ante
1504 2547 1681 2622 Leid.‚
1698 2566 1810 2599 acc.

800 2625 949 2677 Gibs.
976 2626 1355 2696 Interpretatur
1373 2624 1595 2679 Badius:
1628 2650 1650 2673 α
1669 2625 1816 2679 velut

809 2718 996 2756 erecta
1031 2706 1086 2756 in
1124 2724 1233 2757 rem
1271 2724 1431 2757 unam
1468 2707 1737 2772 intentos,
1761 2708 1815 2756 in

813 2806 836 2830 ιι
858 2801 974 2835 eam
1020 2781 1260 2836 videlicet
1310 2802 1470 2854 quam
1519 2802 1818 2859 proposue-

815 2886 838 2913 α
857 2864 980 2914 rint.
1002 2886 1025 2911 n
1044 2864 1236 2915 Tentat
1251 2864 1424 2914 Burm.
1444 2861 1696 2915 ueletiam
1714 2862 1820 2917 lec·

811 2950 889 2993 tus
901 2981 922 3008 ,
951 2940 1146 2994 multos
1173 2954 1395 2994 testatus
1421 2943 1512 3015 qui
1533 2941 1602 2993 de
1625 2943 1822 2993 Roma·

811 3022 893 3071 nis
927 3022 981 3071 in
1018 3018 1157 3071 lecto
1195 3018 1529 3072 studentilms
1567 3018 1822 3095 pgodide-

810 3103 932 3154 rint.
972 3103 1107 3153 Huic
1140 3102 1463 3174 respondent
1495 3103 1723 3175 Capper.
1761 3120 1823 3155 ac

813 3181 1107 3249 G'esnerus,
1131 3182 1422 3236 modestius
1450 3181 1538 3235 hic
1568 3196 1621 3235 et
1645 3181 1825 3234 erudi-

815 3262 941 3313 tius·
984 3263 1250 3333 Apparet,
1294 3279 1453 3333 quam
1497 3262 1685 3330 exigua
1728 3262 1793 3313 sit
1809 3297 1826 3326 ‚

815 3360 921 3413 qua
958 3339 1015 3392 hi
1050 3343 1305 3407 nituntur,
1336 3353 1562 3412 receptae
1594 3341 1829 3392 auctori-

814 3434 913 3475 tas.
940 3420 1070 3473 Mihi
1091 3425 1241 3493 juxta
1266 3439 1329 3473 ac
1353 3423 1654 3473 Burmanno
1686 3442 1709 3467 ι
1729 3438 1828 3472 nec

825 3524 848 3548 a
871 3512 1053 3563 tectos,
1092 3518 1191 3552 nec
1228 3512 1386 3552 rectos
1423 3500 1548 3551 satis
1580 3496 1777 3569 placet.
1798 3521 1822 3545 n

819 3580 1001 3647 Quare
1029 3580 1170 3630 enim
1200 3601 1222 3624 α
1244 3576 1387 3630 velut
1404 3590 1574 3630 tectos
1590 3578 1616 3628 ἶ
1634 3600 1657 3624 n
1689 3579 1829 3629 Num

819 3659 876 3709 in
893 3655 1142 3710 cubiculo
1172 3655 1350 3709 clauso
1382 3674 1494 3708 non
1523 3668 1646 3707 sunt
1676 3657 1834 3709 tecti?

818 3739 1062 3810 Inprimis
1090 3752 1268 3789 autem
1296 3735 1675 3789 attendendum
1705 3754 1832 3788 cen·

823 3837 915 3872 seo
940 3829 994 3870 et
1012 3816 1145 3868 illud
1168 3818 1492 3888 premissum
1514 3818 1568 3869 in
1593 3819 1834 3871 vetustis-

824 3900 984 3950 simis.
1024 3898 1176 3949 Latet
1212 3895 1443 3969 aliquid,
1479 3898 1531 3947 ni
1571 3895 1745 3963 failor,
1776 3899 1832 3950 in

821 3981 926 4032 isto
947 3989 1130 4041 rectos,
1149 3995 1305 4049 quem
1326 3978 1704 4028 nominativum
1723 3995 1833 4029 sus-

824 4057 978 4128 picor
999 4074 1175 4126 graecae
1199 4055 1422 4126 alicujus
1439 4058 1605 4107 vocis.
1627 4054 1710 4107 Ad
1734 4055 1836 4107 Pli-

824 4137 973 4186 nium
996 4153 1213 4206 quoque
1235 4134 1333 4200 IX,
1358 4134 1454 4197 36,
1481 4152 1509 4186 2
1526 4172 1544 4199 ‚
1567 4133 1835 4204 vulgatam

826 4227 1064 4269 nostram
1092 4227 1271 4267 tuetur
1293 4213 1578 4267 Gesnerua.
1601 4238 1673 4254 -—
1694 4214 1837 4267 Nos-

1948 1683 2002 1750 4.
2037 1683 2343 1757 fhtqalt'tas.
2384 1684 2555 1751 Alm„
2591 1683 2889 1758 ftaqilitas,

1881 1762 2043 1814 solus.
2070 1791 2137 1802 —
2162 1762 2469 1835 Fnaqalitas.
2501 1764 2640 1816 Cave
2670 1762 2739 1814 ad
2766 1780 2891 1814 nos·

1883 1854 2017 1894 tram
2034 1839 2197 1894 hodie
2214 1843 2475 1895 rationem
2492 1840 2889 1907 circumscribas

1884 1920 2029 1970 vocis
2053 1930 2370 1989 potestatem
2383 1957 2400 1984 ‚
2425 1933 2480 1972 et
2498 1918 2564 1971 de
2584 1918 2700 1972 sola
2720 1920 2824 1971 cibi
2841 1931 2897 1971 et

1885 2009 2045 2068 potus
2084 2000 2427 2070 temperantia
2462 1997 2741 2068 intelligas.
2763 1995 2893 2049 Vide

1885 2078 1936 2140 1,
1960 2075 2023 2139 6,
2052 2075 2264 2144 173X1‚
2288 2076 2349 2140 3,
2378 2075 2579 2147 t9‚ubi
2598 2075 2711 2129 noli
2730 2074 2899 2146 adfa-

1884 2152 2039 2205 ct'lem
2072 2154 2302 2206 ciborum
2339 2155 2677 2227 diqoetionem
2711 2156 2896 2206 astrin-

1885 2250 2023 2301 get&
2046 2232 2395 2296 vocabulum3
2434 2234 2561 2301 xil,
2596 2250 2644 2300 ι,
2675 2232 2742 2300 8,
2775 2246 2895 2287 sunt

1888 2313 2010 2364 boni
2034 2330 2213 2365 mores.

1962 2392 2011 2445 5.
2032 2392 2113 2444 Ab
2134 2394 2261 2464 ipsa.
2276 2396 2451 2446 Turic.
2472 2393 2611 2446 Flor.
2625 2433 2642 2460 ‚
2659 2395 2897 2466 ipsacum

1894 2472 2023 2543 ipsa.
2062 2474 2159 2524 Hic
2196 2470 2264 2524 ab
2289 2472 2463 2525 -altera
2497 2492 2658 2527 manu
2694 2474 2805 2551 ipsa
2836 2474 2899 2525 ab

1895 2570 2025 2623 ipsa.

1962 2630 2017 2684 6.
2042 2630 2201 2683 Data.
2226 2630 2421 2699 Cam„
2444 2632 2645 2685 datam.

1971 2728 2020 2781 7.
2050 2711 2282 2781 Quum...
2314 2712 2681 2765 convertimus.
2714 2710 2903 2784 Displi-

1898 2800 1984 2840 cet
2014 2802 2065 2840 οι
2098 2787 2365 2843 indicativi
2397 2802 2693 2856 structura,
2728 2805 2783 2843 et
2817 2808 2903 2842 cu-

1900 2865 2159 2919 mulatum
2171 2885 2356 2940 quum.
2376 2868 2559 2922 Malim
2574 2871 2761 2941 reponi
2775 2886 2909 2941 quo,

1901 2959 1961 2998 ut
1984 2946 2242 2998 referatur
2266 2945 2333 2999 ad
2355 2947 2638 2999 studiorum
2658 2966 2843 3020 qenins.

1975 3023 2026 3076 8.
2069 3024 2238 3095 Quam
2278 3025 2418 3097 quod
2450 3043 2691 3077 somno...
2734 3027 2907 3079 deerit.

1903 3101 1985 3154 Ad
2025 3103 2114 3154 cui
2149 3102 2381 3177 intellige
2424 3101 2591 3157 labora·
2604 3126 2624 3165 ;
2666 3123 2734 3157 ne
2778 3107 2921 3157 forte⁴

1906 3190 2150 3233 neutrum
2175 3183 2437 3252 accipias,
2464 3181 2532 3234 de
2557 3195 2672 3235 toto
2699 3184 2911 3252 negotio

1906 3262 1961 3311 in
1982 3278 2175 3330 genere
2199 3263 2626 3330 pronunciatum.
2651 3260 2817 3327 Quod
2836 3279 2915 3313 su-

1902 3349 2071 3411 perest
2089 3355 2306 3402 somno,
2322 3336 2452 3389 illud
2469 3338 2779 3408 intelligitur
2794 3352 2916 3390 tem-

1909 3436 2011 3491 pus
2022 3455 2039 3484 ‚
2059 3417 2204 3489 quod
2219 3420 2437 3471 nimium
2452 3436 2482 3470 a
2498 3418 2766 3490 plerisque
2780 3437 2917 3472 som·

1910 3517 1981 3551 no
2028 3497 2252 3551 concedi
2303 3497 2473 3561 solet3
2519 3500 2655 3551 deest
2703 3513 2879 3552 autem
2899 3537 2916 3566 ‚

1913 3575 2172 3649 quidquid
2194 3578 2407 3650 corpori
2424 3577 2711 3631 reficiendo
2732 3597 2919 3651 parum

1911 3670 2008 3710 081.

1984 3754 2037 3807 9.
2062 3735 2229 3787 Haud
2250 3738 2424 3790 deerit.
2443 3738 2621 3790 Tui-ic.
2649 3737 2916 3790 Guelferb.

1911 3815 2106 3880 Cina,
2132 3826 2231 3866 aut
2250 3817 2334 3884 d.,
2358 3812 2480 3869 cum'
2503 3816 2664 3870 Goth.
2689 3819 2842 3870 Voss.
2875 3833 2918 3881 ι,

1917 3913 1945 3947 2
1962 3933 1980 3960 ‚
2009 3909 2061 3947 ct
2088 3894 2210 3947 edd.
2235 3910 2358 3951 ante
2379 3895 2581 3969 Grypb.
2598 3936 2615 3961 ‚
2649 3916 2763 3950 exc.
2792 3895 2914 3949 Bad.

1916 3978 2006 4047 qni
2026 3989 2266 4028 nostrum
2279 4016 2297 4040 ‚
2311 3976 2453 4048 quod
2477 3979 2767 4047 repositum
2788 3980 2921 4028 inve·

1915 4054 2093 4107 niebat
2124 4056 2179 4107 in
2214 4054 2346 4107 Vall.
2382 4054 2541 4109 Nulla
2579 4055 2665 4108 hic
2700 4058 2921 4117 varietas

1914 4148 2149 4199 notatur,
2164 4154 2339 4206 neque
2357 4137 2410 4186 in
2430 4136 2570 4188 Flor.
2590 4154 2766 4208 neque
2784 4134 2918 4187 Alm.

1915 4227 1977 4267 ut
2019 4213 2121 4268 hos
2165 4214 2475 4270 duumviros
2520 4214 2674 4285 (vide
2722 4213 2768 4287 ς.
2818 4214 2917 4283 aa)
