<?xml version="1.0" encoding="UTF-8"?>
<!DOCTYPE html PUBLIC "-//W3C//DTD XHTML 1.0 Transitional//EN"
    "http://www.w3.org/TR/xhtml1/DTD/xhtml1-transitional.dtd">
<html xmlns="http://www.w3.org/1999/xhtml" xml:lang="en" lang="en">
 <head>
  <title>
</title>
<meta http-equiv="Content-Type" content="text/html;charset=utf-8" />
  <meta name='ocr-system' content='tesseract 3.04.00' />
  <meta name='ocr-capabilities' content='ocr_page ocr_carea ocr_par ocr_line ocrx_word'/>
</head>
<body>
  <div class='ocr_page' id='page_1' title='image "./deinstitutioneo00unkngoog_0585.png"; bbox 0 0 3200 5159; ppageno 0'>
   <div class='ocr_carea' id='block_1_1' title="bbox 697 482 2468 572">
    <p class='ocr_par' dir='ltr' id='par_1_1' title="bbox 697 482 2468 572">
     <span class='ocr_line' id='line_1_1' title="bbox 697 482 2468 572; baseline -0.001 -23"><span class='ocrx_word' id='word_1_1' title='bbox 697 482 1353 549; x_wconf 78' lang='lat' dir='ltr'>INSTITUTIONIS</span> <span class='ocrx_word' id='word_1_2' title='bbox 1390 484 2049 565; x_wconf 78' lang='lat' dir='ltr'><strong>oRAT.L113.xn,</strong></span> <span class='ocrx_word' id='word_1_3' title='bbox 2095 509 2154 572; x_wconf 84' lang='lat'><strong>7.</strong></span> <span class='ocrx_word' id='word_1_4' title='bbox 2293 558 2298 564; x_wconf 55' lang='grc'>,</span> <span class='ocrx_word' id='word_1_5' title='bbox 2350 487 2468 565; x_wconf 74' lang='lat'><strong>481</strong></span> 
     </span>
    </p>
   </div>
   <div class='ocr_carea' id='block_1_2' title="bbox 367 604 2491 1752">
    <p class='ocr_par' dir='ltr' id='par_1_2' title="bbox 367 604 2491 1752">
     <span class='ocr_line' id='line_1_2' title="bbox 367 604 2478 705; baseline -0.001 -26"><span class='ocrx_word' id='word_1_6' title='bbox 367 606 501 679; x_wconf 87' lang='lat' dir='ltr'><strong>bus</strong></span> <span class='ocrx_word' id='word_1_7' title='bbox 557 606 790 705; x_wconf 84' lang='lat' dir='ltr'><strong>patriae</strong></span> <span class='ocrx_word' id='word_1_8' title='bbox 833 604 1442 704; x_wconf 86' lang='lat' dir='ltr'><strong>comparandum:</strong></span> <span class='ocrx_word' id='word_1_9' title='bbox 1479 604 1821 704; x_wconf 89' lang='lat' dir='ltr'><strong>ideoque¹</strong></span> <span class='ocrx_word' id='word_1_10' title='bbox 1862 605 2215 704; x_wconf 80' lang='lat' dir='ltr'>principes</span> <span class='ocrx_word' id='word_1_11' title='bbox 2261 606 2336 677; x_wconf 90' lang='lat' dir='ltr'><strong>in</strong></span> <span class='ocrx_word' id='word_1_12' title='bbox 2373 633 2478 677; x_wconf 89' lang='lat' dir='ltr'><strong>re-</strong></span> 
     </span>
     <span class='ocr_line' id='line_1_3' title="bbox 371 719 2475 820; baseline -0.001 -27"><span class='ocrx_word' id='word_1_13' title='bbox 371 720 656 820; x_wconf 87' lang='lat' dir='ltr'>publica</span> <span class='ocrx_word' id='word_1_14' title='bbox 690 720 818 792; x_wconf 87' lang='lat' dir='ltr'><strong>viri</strong></span> <span class='ocrx_word' id='word_1_15' title='bbox 861 746 1006 791; x_wconf 90' lang='lat' dir='ltr'><strong>non</strong></span> <span class='ocrx_word' id='word_1_16' title='bbox 1057 719 1612 792; x_wconf 87' lang='lat' dir='ltr'><strong>detrectaverunt</strong></span> <span class='ocrx_word' id='word_1_17' title='bbox 1633 734 1658 763; x_wconf 84' lang='lat'>²</span> <span class='ocrx_word' id='word_1_18' title='bbox 1693 719 1875 790; x_wconf 88' lang='lat' dir='ltr'><strong>hanc</strong></span> <span class='ocrx_word' id='word_1_19' title='bbox 1909 719 2120 791; x_wconf 85' lang='lat' dir='ltr'><strong>officii</strong></span> <span class='ocrx_word' id='word_1_20' title='bbox 2164 741 2431 819; x_wconf 87' lang='lat' dir='ltr'><strong>partem</strong></span> <span class='ocrx_word' id='word_1_21' title='bbox 2457 751 2475 809; x_wconf 93' lang='lat'>;</span> 
     </span>
     <span class='ocr_line' id='line_1_4' title="bbox 371 833 2479 937; baseline -0 -28"><span class='ocrx_word' id='word_1_22' title='bbox 371 834 802 935; x_wconf 80' lang='lat' dir='ltr'><strong>creditique³</strong></span> <span class='ocrx_word' id='word_1_23' title='bbox 846 857 1010 908; x_wconf 85' lang='lat' dir='ltr'><strong>sunt</strong></span> <span class='ocrx_word' id='word_1_24' title='bbox 1053 834 1265 906; x_wconf 88' lang='lat' dir='ltr'><strong>etiam</strong></span> <span class='ocrx_word' id='word_1_25' title='bbox 1300 833 1513 906; x_wconf 69' lang='lat' dir='ltr'><strong>clari‘*</strong></span> <span class='ocrx_word' id='word_1_26' title='bbox 1546 835 1844 937; x_wconf 83' lang='lat' dir='ltr'><strong>juvenes</strong></span> <span class='ocrx_word' id='word_1_27' title='bbox 1878 834 2195 907; x_wconf 89' lang='lat' dir='ltr'><strong>obsidem</strong></span> <span class='ocrx_word' id='word_1_28' title='bbox 2238 836 2479 935; x_wconf 90' lang='lat' dir='ltr'><strong>reipu-</strong></span> 
     </span>
     <span class='ocr_line' id='line_1_5' title="bbox 373 951 2480 1052; baseline 0 -27"><span class='ocrx_word' id='word_1_29' title='bbox 373 952 571 1025; x_wconf 84' lang='lat' dir='ltr'><strong>blicae</strong></span> <span class='ocrx_word' id='word_1_30' title='bbox 615 954 777 1025; x_wconf 86' lang='lat' dir='ltr'><strong>dare</strong></span> <span class='ocrx_word' id='word_1_31' title='bbox 823 951 1177 1026; x_wconf 87' lang='lat' dir='ltr'><strong>malorum</strong></span> <span class='ocrx_word' id='word_1_32' title='bbox 1223 951 1481 1024; x_wconf 86' lang='lat' dir='ltr'><strong>civium</strong></span> <span class='ocrx_word' id='word_1_33' title='bbox 1528 952 2042 1024; x_wconf 80' lang='lat' dir='ltr'><strong>accusationem</strong></span> <span class='ocrx_word' id='word_1_34' title='bbox 2072 1011 2091 1044; x_wconf 95' lang='lat'><strong>,</strong></span> <span class='ocrx_word' id='word_1_35' title='bbox 2142 953 2308 1052; x_wconf 88' lang='lat' dir='ltr'><strong>quia</strong></span> <span class='ocrx_word' id='word_1_36' title='bbox 2349 981 2480 1026; x_wconf 90' lang='lat' dir='ltr'><strong>nec</strong></span> 
     </span>
     <span class='ocr_line' id='line_1_6' title="bbox 371 1068 2482 1168; baseline 0.001 -28"><span class='ocrx_word' id='word_1_37' title='bbox 371 1069 598 1142; x_wconf 86' lang='lat' dir='ltr'><strong>odisse</strong></span> <span class='ocrx_word' id='word_1_38' title='bbox 652 1070 1013 1168; x_wconf 87' lang='lat' dir='ltr'><strong>improbos</strong></span> <span class='ocrx_word' id='word_1_39' title='bbox 1041 1126 1062 1158; x_wconf 94' lang='lat'><strong>,</strong></span> <span class='ocrx_word' id='word_1_40' title='bbox 1125 1094 1254 1141; x_wconf 87' lang='lat' dir='ltr'><strong>nec</strong></span> <span class='ocrx_word' id='word_1_41' title='bbox 1307 1068 1695 1141; x_wconf 83' lang='lat' dir='ltr'><strong>simultates</strong></span> <span class='ocrx_word' id='word_1_42' title='bbox 1748 1093 2120 1168; x_wconf 86' lang='lat' dir='ltr'><strong>provocare</strong></span> <span class='ocrx_word' id='word_1_43' title='bbox 2148 1127 2167 1159; x_wconf 93' lang='lat'><strong>,</strong></span> <span class='ocrx_word' id='word_1_44' title='bbox 2217 1069 2351 1142; x_wconf 86' lang='lat' dir='ltr'><strong>nisi</strong></span> <span class='ocrx_word' id='word_1_45' title='bbox 2401 1096 2482 1142; x_wconf 85' lang='lat' dir='ltr'><strong>ex</strong></span> 
     </span>
     <span class='ocr_line' id='line_1_7' title="bbox 373 1183 2482 1284; baseline -0.001 -26"><span class='ocrx_word' id='word_1_46' title='bbox 373 1187 632 1260; x_wconf 88' lang='lat' dir='ltr'><strong>fiducia</strong></span> <span class='ocrx_word' id='word_1_47' title='bbox 654 1186 856 1259; x_wconf 83' lang='lat' dir='ltr'><strong>bonae</strong></span> <span class='ocrx_word' id='word_1_48' title='bbox 882 1185 1138 1258; x_wconf 86' lang='lat' dir='ltr'><strong>mentis</strong></span> <span class='ocrx_word' id='word_1_49' title='bbox 1161 1183 1613 1257; x_wconf 83' lang='lat' dir='ltr'><strong>videbantur:</strong></span> <span class='ocrx_word' id='word_1_50' title='bbox 1644 1184 1858 1284; x_wconf 89' lang='lat' dir='ltr'><strong>idque</strong></span> <span class='ocrx_word' id='word_1_51' title='bbox 1888 1211 2114 1283; x_wconf 90' lang='lat' dir='ltr'><strong>quum</strong></span> <span class='ocrx_word' id='word_1_52' title='bbox 2131 1183 2158 1228; x_wconf 86' lang='lat'><strong>⁵</strong></span> <span class='ocrx_word' id='word_1_53' title='bbox 2189 1184 2282 1256; x_wconf 83' lang='lat' dir='ltr'><strong>ab</strong></span> <span class='ocrx_word' id='word_1_54' title='bbox 2307 1187 2482 1257; x_wconf 90' lang='lat' dir='ltr'><strong>Hor-</strong></span> 
     </span>
     <span class='ocr_line' id='line_1_8' title="bbox 370 1297 2485 1400; baseline -0 -27"><span class='ocrx_word' id='word_1_55' title='bbox 370 1302 622 1392; x_wconf 88' lang='lat' dir='ltr'><strong>tensio,</strong></span> <span class='ocrx_word' id='word_1_56' title='bbox 641 1300 956 1373; x_wconf 86' lang='lat' dir='ltr'><strong>Lucullis</strong></span> <span class='ocrx_word' id='word_1_57' title='bbox 971 1297 1026 1390; x_wconf 83' lang='lat'><strong>⁶,</strong></span> <span class='ocrx_word' id='word_1_58' title='bbox 1047 1299 1392 1400; x_wconf 89' lang='lat' dir='ltr'><strong>Sulpicio,</strong></span> <span class='ocrx_word' id='word_1_59' title='bbox 1417 1300 1756 1372; x_wconf 82' lang='lat' dir='ltr'><strong>Cicerone</strong></span> <span class='ocrx_word' id='word_1_60' title='bbox 1775 1358 1794 1389; x_wconf 94' lang='lat'><strong>,</strong></span> <span class='ocrx_word' id='word_1_61' title='bbox 1831 1301 2131 1389; x_wconf 87' lang='lat' dir='ltr'><strong>Caesare,</strong></span> <span class='ocrx_word' id='word_1_62' title='bbox 2158 1299 2485 1398; x_wconf 90' lang='lat' dir='ltr'><strong>plurimis</strong></span> 
     </span>
     <span class='ocr_line' id='line_1_9' title="bbox 374 1416 2488 1515; baseline -0.002 -25"><span class='ocrx_word' id='word_1_63' title='bbox 374 1417 556 1510; x_wconf 87' lang='lat' dir='ltr'><strong>aliis,</strong></span> <span class='ocrx_word' id='word_1_64' title='bbox 593 1439 745 1490; x_wconf 92' lang='lat' dir='ltr'><strong>tum</strong></span> <span class='ocrx_word' id='word_1_65' title='bbox 778 1416 867 1489; x_wconf 88' lang='lat' dir='ltr'><strong>ab</strong></span> <span class='ocrx_word' id='word_1_66' title='bbox 901 1437 1201 1515; x_wconf 86' lang='lat' dir='ltr'><strong>utroque</strong></span> <span class='ocrx_word' id='word_1_67' title='bbox 1226 1418 1490 1489; x_wconf 86' lang='lat' dir='ltr'><strong>Catone</strong></span> <span class='ocrx_word' id='word_1_68' title='bbox 1514 1418 1777 1489; x_wconf 88' lang='lat' dir='ltr'><strong>factum</strong></span> <span class='ocrx_word' id='word_1_69' title='bbox 1813 1435 1941 1503; x_wconf 89' lang='lat' dir='ltr'><strong>est;</strong></span> <span class='ocrx_word' id='word_1_70' title='bbox 1977 1442 2281 1512; x_wconf 90' lang='lat' dir='ltr'><strong>quorum</strong></span> <span class='ocrx_word' id='word_1_71' title='bbox 2315 1416 2488 1488; x_wconf 86' lang='lat' dir='ltr'><strong>alter</strong></span> 
     </span>
     <span class='ocr_line' id='line_1_10' title="bbox 373 1529 2483 1636; baseline -0 -31"><span class='ocrx_word' id='word_1_72' title='bbox 373 1533 797 1633; x_wconf 85' lang='lat' dir='ltr'><strong>appellatus7</strong></span> <span class='ocrx_word' id='word_1_73' title='bbox 825 1541 1119 1636; x_wconf 76' lang='lat' dir='ltr'><strong>sapiem,</strong></span> <span class='ocrx_word' id='word_1_74' title='bbox 1157 1531 1326 1605; x_wconf 88' lang='lat' dir='ltr'><strong>alter</strong></span> <span class='ocrx_word' id='word_1_75' title='bbox 1348 1532 1483 1605; x_wconf 88' lang='lat' dir='ltr'><strong>n-isi</strong></span> <span class='ocrx_word' id='word_1_76' title='bbox 1501 1529 1530 1578; x_wconf 81' lang='lat'>⁸</span> <span class='ocrx_word' id='word_1_77' title='bbox 1558 1532 1861 1604; x_wconf 87' lang='lat' dir='ltr'><strong>creditur</strong></span> <span class='ocrx_word' id='word_1_78' title='bbox 1886 1530 2100 1603; x_wconf 87' lang='lat' dir='ltr'><strong>fuisse</strong></span> <span class='ocrx_word' id='word_1_79' title='bbox 2119 1587 2139 1619; x_wconf 88' lang='lat'><strong>,</strong></span> <span class='ocrx_word' id='word_1_80' title='bbox 2172 1531 2281 1602; x_wconf 81' lang='lat' dir='ltr'><strong>vix</strong></span> <span class='ocrx_word' id='word_1_81' title='bbox 2313 1533 2483 1622; x_wconf 87' lang='lat' dir='ltr'><strong>scio,</strong></span> 
     </span>
     <span class='ocr_line' id='line_1_11' title="bbox 377 1647 2491 1752; baseline -0 -30"><span class='ocrx_word' id='word_1_82' title='bbox 377 1650 491 1723; x_wconf 91' lang='lat' dir='ltr'><strong>cui</strong></span> <span class='ocrx_word' id='word_1_83' title='bbox 521 1650 921 1750; x_wconf 85' lang='lat' dir='ltr'><strong>reliquerit9</strong></span> <span class='ocrx_word' id='word_1_84' title='bbox 950 1651 1162 1752; x_wconf 83' lang='lat' dir='ltr'><strong>hujus</strong></span> <span class='ocrx_word' id='word_1_85' title='bbox 1187 1648 1497 1723; x_wconf 87' lang='lat' dir='ltr'><strong>nominis</strong></span> <span class='ocrx_word' id='word_1_86' title='bbox 1521 1647 1780 1720; x_wconf 88' lang='lat' dir='ltr'><strong>locum.</strong></span> <span class='ocrx_word' id='word_1_87' title='bbox 1807 1651 2053 1747; x_wconf 86' lang='lat' dir='ltr'><strong>Neque</strong></span> <span class='ocrx_word' id='word_1_88' title='bbox 2075 1662 2131 1693; x_wconf 87' lang='lat'><strong>¹⁰</strong></span> <span class='ocrx_word' id='word_1_89' title='bbox 2162 1647 2491 1721; x_wconf 87' lang='lat' dir='ltr'><strong>defendet</strong></span> 
     </span>
    </p>
   </div>
   <div class='ocr_carea' id='block_1_3' title="bbox 374 1820 1387 1893">
    <p class='ocr_par' dir='ltr' id='par_1_3' title="bbox 374 1820 1387 1893">
     <span class='ocr_line' id='line_1_12' title="bbox 374 1820 1387 1893; baseline -0.001 -21"><span class='ocrx_word' id='word_1_90' title='bbox 374 1820 706 1874; x_wconf 83' lang='lat' dir='ltr'><strong>demonstrat</strong></span> <span class='ocrx_word' id='word_1_91' title='bbox 728 1825 1087 1876; x_wconf 83' lang='lat' dir='ltr'><strong>Burmannus:</strong></span> <span class='ocrx_word' id='word_1_92' title='bbox 1113 1823 1228 1874; x_wconf 83' lang='lat' dir='ltr'><strong>ausi</strong></span> <span class='ocrx_word' id='word_1_93' title='bbox 1249 1820 1387 1893; x_wconf 81' lang='lat' dir='ltr'><strong>faci-</strong></span> 
     </span>
    </p>
   </div>
   <div class='ocr_carea' id='block_1_4' title="bbox 1466 1818 2485 1891">
    <p class='ocr_par' dir='ltr' id='par_1_4' title="bbox 1466 1818 2485 1891">
     <span class='ocr_line' id='line_1_13' title="bbox 1466 1818 2485 1891; baseline -0.001 -20"><span class='ocrx_word' id='word_1_94' title='bbox 1466 1819 1613 1872; x_wconf 77' lang='lat' dir='ltr'><strong>litate</strong></span> <span class='ocrx_word' id='word_1_95' title='bbox 1650 1819 1929 1890; x_wconf 73' lang='lat' dir='ltr'><strong>magnifica</strong></span> <span class='ocrx_word' id='word_1_96' title='bbox 1958 1818 2102 1891; x_wconf 86' lang='lat' dir='ltr'><strong>apud</strong></span> <span class='ocrx_word' id='word_1_97' title='bbox 2138 1820 2250 1872; x_wconf 90' lang='lat' dir='ltr'><strong>Cic.</strong></span> <span class='ocrx_word' id='word_1_98' title='bbox 2279 1818 2348 1871; x_wconf 86' lang='lat' dir='ltr'><strong>de</strong></span> <span class='ocrx_word' id='word_1_99' title='bbox 2372 1820 2485 1872; x_wconf 80' lang='lat' dir='ltr'><strong>Off.</strong></span> 
     </span>
    </p>
   </div>
   <div class='ocr_carea' id='block_1_5' title="bbox 373 1898 1415 4268">
    <p class='ocr_par' dir='ltr' id='par_1_5' title="bbox 373 1898 1391 2268">
     <span class='ocr_line' id='line_1_14' title="bbox 376 1898 1382 1973; baseline -0.003 -20"><span class='ocrx_word' id='word_1_100' title='bbox 376 1919 473 1953; x_wconf 80' lang='lat' dir='ltr'><strong>nus</strong></span> <span class='ocrx_word' id='word_1_101' title='bbox 508 1898 648 1954; x_wconf 82' lang='lat' dir='ltr'><strong>nulli</strong></span> <span class='ocrx_word' id='word_1_102' title='bbox 688 1911 914 1971; x_wconf 63' lang='lat' dir='ltr'><strong>tyranno</strong></span> <span class='ocrx_word' id='word_1_103' title='bbox 949 1900 1382 1973; x_wconf 80' lang='lat' dir='ltr'><strong>comparandum.</strong></span> 
     </span>
     <span class='ocr_line' id='line_1_15' title="bbox 373 1977 1389 2051; baseline -0.003 -19"><span class='ocrx_word' id='word_1_104' title='bbox 373 1979 573 2032; x_wconf 84' lang='lat' dir='ltr'><strong>Similia</strong></span> <span class='ocrx_word' id='word_1_105' title='bbox 610 1996 991 2051; x_wconf 78' lang='lat' dir='ltr'><strong>congesserant</strong></span> <span class='ocrx_word' id='word_1_106' title='bbox 1034 1982 1281 2034; x_wconf 76' lang='lat' dir='ltr'><strong>vorstius</strong></span> <span class='ocrx_word' id='word_1_107' title='bbox 1316 1977 1389 2030; x_wconf 81' lang='lat' dir='ltr'><strong>ad</strong></span> 
     </span>
     <span class='ocr_line' id='line_1_16' title="bbox 374 2059 1391 2130; baseline -0.004 -18"><span class='ocrx_word' id='word_1_108' title='bbox 374 2059 569 2112; x_wconf 75' lang='lat' dir='ltr'><strong>«lustin.</strong></span> <span class='ocrx_word' id='word_1_109' title='bbox 594 2060 645 2124; x_wconf 83' lang='lat'><strong>1,</strong></span> <span class='ocrx_word' id='word_1_110' title='bbox 671 2078 730 2130; x_wconf 74' lang='lat'><strong>7³</strong></span> <span class='ocrx_word' id='word_1_111' title='bbox 755 2062 826 2126; x_wconf 83' lang='lat'><strong>11,</strong></span> <span class='ocrx_word' id='word_1_112' title='bbox 859 2063 949 2129; x_wconf 79' lang='grc'><strong>14,</strong></span> <span class='ocrx_word' id='word_1_113' title='bbox 975 2075 1026 2113; x_wconf 88' lang='lat' dir='ltr'><strong>et</strong></span> <span class='ocrx_word' id='word_1_114' title='bbox 1045 2062 1092 2111; x_wconf 83' lang='lat' dir='ltr'><strong>J.</strong></span> <span class='ocrx_word' id='word_1_115' title='bbox 1108 2062 1167 2111; x_wconf 83' lang='lat' dir='ltr'><strong>F.</strong></span> <span class='ocrx_word' id='word_1_116' title='bbox 1186 2060 1391 2112; x_wconf 86' lang='lat' dir='ltr'><strong>Grono-</strong></span> 
     </span>
     <span class='ocr_line' id='line_1_17' title="bbox 376 2135 1390 2209; baseline -0.001 -22"><span class='ocrx_word' id='word_1_117' title='bbox 376 2138 493 2188; x_wconf 82' lang='lat' dir='ltr'><strong>vius</strong></span> <span class='ocrx_word' id='word_1_118' title='bbox 516 2135 586 2187; x_wconf 86' lang='lat' dir='ltr'><strong>ad</strong></span> <span class='ocrx_word' id='word_1_119' title='bbox 606 2138 712 2188; x_wconf 79' lang='lat' dir='ltr'><strong>Liv.</strong></span> <span class='ocrx_word' id='word_1_120' title='bbox 741 2137 879 2209; x_wconf 65' lang='lat' dir='ltr'><strong>Epir.</strong></span> <span class='ocrx_word' id='word_1_121' title='bbox 911 2139 980 2205; x_wconf 88' lang='grc'><strong>46</strong></span> <span class='ocrx_word' id='word_1_122' title='bbox 996 2177 1014 2205; x_wconf 92' lang='grc'>,</span> <span class='ocrx_word' id='word_1_123' title='bbox 1042 2138 1211 2190; x_wconf 87' lang='lat' dir='ltr'><strong>nostri</strong></span> <span class='ocrx_word' id='word_1_124' title='bbox 1234 2138 1390 2189; x_wconf 86' lang='lat' dir='ltr'><strong>etiam</strong></span> 
     </span>
     <span class='ocr_line' id='line_1_18' title="bbox 381 2214 855 2268; baseline 0.004 -3"><span class='ocrx_word' id='word_1_125' title='bbox 381 2214 489 2266; x_wconf 88' lang='lat' dir='ltr'><strong>loci</strong></span> <span class='ocrx_word' id='word_1_126' title='bbox 512 2234 621 2267; x_wconf 85' lang='lat' dir='ltr'><strong>non</strong></span> <span class='ocrx_word' id='word_1_127' title='bbox 640 2215 855 2268; x_wconf 87' lang='lat' dir='ltr'><strong>oblitus.</strong></span> 
     </span>
    </p>

    <p class='ocr_par' dir='ltr' id='par_1_6' title="bbox 460 2293 1345 2368">
     <span class='ocr_line' id='line_1_19' title="bbox 460 2293 1345 2368; baseline 0 -23"><span class='ocrx_word' id='word_1_128' title='bbox 460 2312 503 2346; x_wconf 84' lang='lat'><strong>1.</strong></span> <span class='ocrx_word' id='word_1_129' title='bbox 531 2295 774 2368; x_wconf 81' lang='lat' dir='ltr'><strong>Ideoque.</strong></span> <span class='ocrx_word' id='word_1_130' title='bbox 798 2296 973 2349; x_wconf 85' lang='lat' dir='ltr'><strong>Guelf.</strong></span> <span class='ocrx_word' id='word_1_131' title='bbox 1002 2295 1187 2360; x_wconf 85' lang='lat' dir='ltr'><strong>Basil.,</strong></span> <span class='ocrx_word' id='word_1_132' title='bbox 1214 2293 1345 2346; x_wconf 82' lang='lat' dir='ltr'><strong>ideo.</strong></span> 
     </span>
    </p>

    <p class='ocr_par' dir='ltr' id='par_1_7' title="bbox 382 2371 1399 2746">
     <span class='ocr_line' id='line_1_20' title="bbox 447 2371 1394 2438; baseline -0.003 -12"><span class='ocrx_word' id='word_1_133' title='bbox 447 2375 951 2428; x_wconf 62' lang='lat' dir='ltr'><strong>mvemtaverunt.</strong></span> <span class='ocrx_word' id='word_1_134' title='bbox 962 2375 1096 2428; x_wconf 85' lang='lat' dir='ltr'><strong>Edd.</strong></span> <span class='ocrx_word' id='word_1_135' title='bbox 1112 2387 1235 2426; x_wconf 77' lang='lat' dir='ltr'><strong>ante</strong></span> <span class='ocrx_word' id='word_1_136' title='bbox 1245 2371 1394 2438; x_wconf 77' lang='lat' dir='ltr'><strong>Bad,</strong></span> 
     </span>
     <span class='ocr_line' id='line_1_21' title="bbox 382 2452 1397 2523; baseline -0.005 -17"><span class='ocrx_word' id='word_1_137' title='bbox 382 2454 827 2518; x_wconf 75' lang='lat' dir='ltr'><strong>detractaverunt,</strong></span> <span class='ocrx_word' id='word_1_138' title='bbox 865 2473 977 2507; x_wconf 81' lang='lat' dir='ltr'><strong>acc.</strong></span> <span class='ocrx_word' id='word_1_139' title='bbox 1011 2453 1166 2507; x_wconf 87' lang='lat' dir='ltr'><strong>Basil.</strong></span> <span class='ocrx_word' id='word_1_140' title='bbox 1196 2452 1217 2523; x_wconf 94' lang='lat'>(</span> <span class='ocrx_word' id='word_1_141' title='bbox 1242 2465 1295 2503; x_wconf 88' lang='lat' dir='ltr'><strong>et</strong></span> <span class='ocrx_word' id='word_1_142' title='bbox 1323 2454 1397 2502; x_wconf 88' lang='lat' dir='ltr'><strong>sic</strong></span> 
     </span>
     <span class='ocr_line' id='line_1_22' title="bbox 383 2531 1399 2604; baseline -0.005 -18"><span class='ocrx_word' id='word_1_143' title='bbox 383 2536 429 2586; x_wconf 88' lang='grc' dir='ltr'><strong>ΙΙ</strong></span> <span class='ocrx_word' id='word_1_144' title='bbox 441 2571 459 2599; x_wconf 83' lang='grc'>,</span> <span class='ocrx_word' id='word_1_145' title='bbox 482 2551 500 2586; x_wconf 85' lang='lat'>1</span> <span class='ocrx_word' id='word_1_146' title='bbox 517 2571 535 2599; x_wconf 91' lang='lat'><strong>,</strong></span> <span class='ocrx_word' id='word_1_147' title='bbox 563 2536 625 2600; x_wconf 88' lang='lat'><strong>5,</strong></span> <span class='ocrx_word' id='word_1_148' title='bbox 641 2534 799 2587; x_wconf 86' lang='lat' dir='ltr'><strong>iidem</strong></span> <span class='ocrx_word' id='word_1_149' title='bbox 816 2553 926 2588; x_wconf 77' lang='lat' dir='ltr'><strong>exc.</strong></span> <span class='ocrx_word' id='word_1_150' title='bbox 945 2534 1098 2588; x_wconf 85' lang='lat' dir='ltr'><strong>Basil.</strong></span> <span class='ocrx_word' id='word_1_151' title='bbox 1116 2533 1137 2604; x_wconf 93' lang='lat'>)</span> <span class='ocrx_word' id='word_1_152' title='bbox 1156 2531 1399 2585; x_wconf 74' lang='lat' dir='ltr'><strong>sollemni</strong></span> 
     </span>
     <span class='ocr_line' id='line_1_23' title="bbox 383 2610 1398 2686; baseline -0.003 -21"><span class='ocrx_word' id='word_1_153' title='bbox 383 2614 702 2680; x_wconf 81' lang='lat' dir='ltr'><strong>variatione,</strong></span> <span class='ocrx_word' id='word_1_154' title='bbox 744 2613 811 2666; x_wconf 86' lang='lat' dir='ltr'><strong>de</strong></span> <span class='ocrx_word' id='word_1_155' title='bbox 849 2633 953 2686; x_wconf 88' lang='lat' dir='ltr'><strong>qua</strong></span> <span class='ocrx_word' id='word_1_156' title='bbox 998 2613 1117 2665; x_wconf 79' lang='lat' dir='ltr'><strong>vide</strong></span> <span class='ocrx_word' id='word_1_157' title='bbox 1156 2610 1398 2664; x_wconf 86' lang='lat' dir='ltr'><strong>laudatos</strong></span> 
     </span>
     <span class='ocr_line' id='line_1_24' title="bbox 384 2691 895 2746; baseline -0.004 -1"><span class='ocrx_word' id='word_1_158' title='bbox 384 2691 623 2745; x_wconf 86' lang='lat' dir='ltr'><strong>Gesnero</strong></span> <span class='ocrx_word' id='word_1_159' title='bbox 652 2695 707 2745; x_wconf 86' lang='lat' dir='ltr'><strong>in</strong></span> <span class='ocrx_word' id='word_1_160' title='bbox 734 2693 895 2746; x_wconf 86' lang='lat' dir='ltr'><strong>Thes.</strong></span> 
     </span>
    </p>

    <p class='ocr_par' dir='ltr' id='par_1_8' title="bbox 387 2768 1404 3062">
     <span class='ocr_line' id='line_1_25' title="bbox 459 2768 1403 2845; baseline -0.005 -20"><span class='ocrx_word' id='word_1_161' title='bbox 459 2772 510 2825; x_wconf 83' lang='lat'><strong>3.</strong></span> <span class='ocrx_word' id='word_1_162' title='bbox 531 2773 826 2845; x_wconf 71' lang='lat' dir='ltr'><strong>creditique</strong></span> <span class='ocrx_word' id='word_1_163' title='bbox 837 2782 975 2825; x_wconf 81' lang='lat' dir='ltr'><strong>sunt.</strong></span> <span class='ocrx_word' id='word_1_164' title='bbox 994 2773 1169 2823; x_wconf 82' lang='lat' dir='ltr'><strong>Turio.</strong></span> <span class='ocrx_word' id='word_1_165' title='bbox 1186 2808 1203 2836; x_wconf 93' lang='lat'><strong>,</strong></span> <span class='ocrx_word' id='word_1_166' title='bbox 1219 2768 1403 2822; x_wconf 81' lang='lat' dir='ltr'><strong>eredit-</strong></span> 
     </span>
     <span class='ocr_line' id='line_1_26' title="bbox 387 2846 1404 2924; baseline -0.006 -20"><span class='ocrx_word' id='word_1_167' title='bbox 387 2869 489 2924; x_wconf 87' lang='lat' dir='ltr'><strong>que</strong></span> <span class='ocrx_word' id='word_1_168' title='bbox 508 2851 610 2903; x_wconf 81' lang='lat' dir='ltr'><strong>sed.</strong></span> <span class='ocrx_word' id='word_1_169' title='bbox 628 2848 790 2902; x_wconf 81' lang='lat' dir='ltr'><strong>Goth.</strong></span> <span class='ocrx_word' id='word_1_170' title='bbox 805 2889 822 2916; x_wconf 95' lang='lat'><strong>,</strong></span> <span class='ocrx_word' id='word_1_171' title='bbox 836 2861 885 2901; x_wconf 86' lang='lat' dir='ltr'><strong>et</strong></span> <span class='ocrx_word' id='word_1_172' title='bbox 901 2848 1059 2915; x_wconf 83' lang='lat' dir='ltr'><strong>clari,</strong></span> <span class='ocrx_word' id='word_1_173' title='bbox 1075 2850 1202 2919; x_wconf 86' lang='lat' dir='ltr'><strong>(tac.</strong></span> <span class='ocrx_word' id='word_1_174' title='bbox 1220 2846 1404 2918; x_wconf 88' lang='lat' dir='ltr'><strong>Gesn.)</strong></span> 
     </span>
     <span class='ocr_line' id='line_1_27' title="bbox 390 2930 1400 3002; baseline -0.004 -19"><span class='ocrx_word' id='word_1_175' title='bbox 390 2930 1113 3002; x_wconf 66' lang='lat' dir='ltr'><strong>Necsnltaspmvocarentn,</strong></span> <span class='ocrx_word' id='word_1_176' title='bbox 1126 2930 1400 2981; x_wconf 70' lang='lat' dir='ltr'><strong>Tui-icens.</strong></span> 
     </span>
     <span class='ocr_line' id='line_1_28' title="bbox 387 3007 528 3062; baseline 0.008 -1"><span class='ocrx_word' id='word_1_177' title='bbox 387 3007 528 3062; x_wconf 76' lang='lat' dir='ltr'><strong>Flor-</strong></span> 
     </span>
    </p>

    <p class='ocr_par' dir='ltr' id='par_1_9' title="bbox 391 3086 1413 3874">
     <span class='ocr_line' id='line_1_29' title="bbox 463 3086 1404 3168; baseline -0.004 -27"><span class='ocrx_word' id='word_1_178' title='bbox 463 3090 515 3155; x_wconf 90' lang='grc'><strong>4.</strong></span> <span class='ocrx_word' id='word_1_179' title='bbox 538 3087 929 3168; x_wconf 71' lang='lat' dir='ltr'><strong>Glarijuvenes:</strong></span> <span class='ocrx_word' id='word_1_180' title='bbox 917 3087 1062 3140; x_wconf 58' lang='lat' dir='ltr'><strong>wide</strong></span> <span class='ocrx_word' id='word_1_181' title='bbox 1079 3086 1226 3152; x_wconf 86' lang='lat' dir='ltr'><strong>adV,</strong></span> <span class='ocrx_word' id='word_1_182' title='bbox 1248 3086 1337 3152; x_wconf 82' lang='lat'><strong>13,</strong></span> <span class='ocrx_word' id='word_1_183' title='bbox 1353 3086 1404 3138; x_wconf 92' lang='lat'><strong>3.</strong></span> 
     </span>
     <span class='ocr_line' id='line_1_30' title="bbox 464 3166 1405 3240; baseline -0.004 -20"><span class='ocrx_word' id='word_1_184' title='bbox 464 3167 515 3220; x_wconf 85' lang='lat'><strong>5.</strong></span> <span class='ocrx_word' id='word_1_185' title='bbox 557 3166 729 3239; x_wconf 83' lang='lat' dir='ltr'><strong>quue</strong></span> <span class='ocrx_word' id='word_1_186' title='bbox 758 3186 946 3240; x_wconf 86' lang='lat' dir='ltr'><strong>quum.</strong></span> <span class='ocrx_word' id='word_1_187' title='bbox 987 3167 1156 3239; x_wconf 84' lang='lat' dir='ltr'><strong>quue</strong></span> <span class='ocrx_word' id='word_1_188' title='bbox 1198 3167 1266 3217; x_wconf 81' lang='lat' dir='ltr'><strong>ab</strong></span> <span class='ocrx_word' id='word_1_189' title='bbox 1298 3166 1405 3232; x_wconf 61' lang='lat' dir='ltr'><strong>H„</strong></span> 
     </span>
     <span class='ocr_line' id='line_1_31' title="bbox 391 3244 1405 3313; baseline -0.004 -13"><span class='ocrx_word' id='word_1_190' title='bbox 391 3248 663 3300; x_wconf 74' lang='lat' dir='ltr'><strong>Tur-icens</strong></span> <span class='ocrx_word' id='word_1_191' title='bbox 694 3247 837 3300; x_wconf 71' lang='lat' dir='ltr'><strong>Flor.</strong></span> <span class='ocrx_word' id='word_1_192' title='bbox 869 3250 917 3299; x_wconf 90' lang='lat'><strong>1.</strong></span> <span class='ocrx_word' id='word_1_193' title='bbox 952 3267 1071 3300; x_wconf 83' lang='lat' dir='ltr'><strong>eum</strong></span> <span class='ocrx_word' id='word_1_194' title='bbox 1097 3246 1167 3298; x_wconf 79' lang='lat' dir='ltr'><strong>H.</strong></span> <span class='ocrx_word' id='word_1_195' title='bbox 1187 3244 1405 3313; x_wconf 84' lang='lat' dir='ltr'><strong>,Guelf.</strong></span> 
     </span>
     <span class='ocr_line' id='line_1_32' title="bbox 391 3325 1405 3394; baseline -0.004 -14"><span class='ocrx_word' id='word_1_196' title='bbox 391 3326 694 3394; x_wconf 63' lang='lat' dir='ltr'><strong>flonensis,</strong></span> <span class='ocrx_word' id='word_1_197' title='bbox 710 3330 889 3381; x_wconf 83' lang='lat' dir='ltr'><strong>Turio.</strong></span> <span class='ocrx_word' id='word_1_198' title='bbox 915 3326 1207 3380; x_wconf 79' lang='lat' dir='ltr'><strong>Culucullis</strong></span> <span class='ocrx_word' id='word_1_199' title='bbox 1223 3364 1241 3391; x_wconf 91' lang='lat'>‚</span> <span class='ocrx_word' id='word_1_200' title='bbox 1266 3325 1405 3377; x_wconf 86' lang='lat' dir='ltr'><strong>Flor.</strong></span> 
     </span>
     <span class='ocr_line' id='line_1_33' title="bbox 392 3405 1409 3471; baseline -0.002 -13"><span class='ocrx_word' id='word_1_201' title='bbox 392 3405 641 3471; x_wconf 70' lang='lat' dir='ltr'><strong>lucinis,</strong></span> <span class='ocrx_word' id='word_1_202' title='bbox 666 3406 843 3459; x_wconf 84' lang='lat' dir='ltr'><strong>Guelf.</strong></span> <span class='ocrx_word' id='word_1_203' title='bbox 860 3405 1093 3458; x_wconf 85' lang='lat' dir='ltr'><strong>Gothan.</strong></span> <span class='ocrx_word' id='word_1_204' title='bbox 1119 3407 1282 3458; x_wconf 71' lang='lat' dir='ltr'><strong>Qun».</strong></span> <span class='ocrx_word' id='word_1_205' title='bbox 1307 3405 1409 3456; x_wconf 85' lang='lat' dir='ltr'><strong>Lu-</strong></span> 
     </span>
     <span class='ocr_line' id='line_1_34' title="bbox 393 3483 1408 3556; baseline -0.002 -18"><span class='ocrx_word' id='word_1_206' title='bbox 393 3484 542 3551; x_wconf 82' lang='lat' dir='ltr'><strong>culo,</strong></span> <span class='ocrx_word' id='word_1_207' title='bbox 571 3489 715 3538; x_wconf 85' lang='lat' dir='ltr'><strong>Jens.</strong></span> <span class='ocrx_word' id='word_1_208' title='bbox 745 3484 885 3555; x_wconf 88' lang='lat' dir='ltr'><strong>(err.</strong></span> <span class='ocrx_word' id='word_1_209' title='bbox 911 3485 1127 3556; x_wconf 80' lang='lat' dir='ltr'><strong>Gesn.).</strong></span> <span class='ocrx_word' id='word_1_210' title='bbox 1156 3483 1408 3552; x_wconf 82' lang='lat' dir='ltr'><strong>Lucullo,</strong></span> 
     </span>
     <span class='ocr_line' id='line_1_35' title="bbox 392 3561 1411 3636; baseline -0.001 -22"><span class='ocrx_word' id='word_1_211' title='bbox 392 3566 549 3615; x_wconf 85' lang='lat' dir='ltr'><strong>Tarv.</strong></span> <span class='ocrx_word' id='word_1_212' title='bbox 576 3577 629 3615; x_wconf 89' lang='lat' dir='ltr'><strong>et</strong></span> <span class='ocrx_word' id='word_1_213' title='bbox 658 3563 806 3616; x_wconf 82' lang='lat' dir='ltr'><strong>editt.</strong></span> <span class='ocrx_word' id='word_1_214' title='bbox 835 3579 974 3636; x_wconf 86' lang='lat' dir='ltr'><strong>post.</strong></span> <span class='ocrx_word' id='word_1_215' title='bbox 1014 3577 1137 3618; x_wconf 77' lang='lat' dir='ltr'><strong>ante</strong></span> <span class='ocrx_word' id='word_1_216' title='bbox 1162 3561 1287 3616; x_wconf 80' lang='lat' dir='ltr'><strong>Bad.</strong></span> <span class='ocrx_word' id='word_1_217' title='bbox 1319 3566 1411 3634; x_wconf 86' lang='lat' dir='ltr'><strong>qui</strong></span> 
     </span>
     <span class='ocr_line' id='line_1_36' title="bbox 396 3642 1413 3715; baseline -0.002 -19"><span class='ocrx_word' id='word_1_218' title='bbox 396 3661 459 3696; x_wconf 83' lang='lat' dir='ltr'><strong>ex</strong></span> <span class='ocrx_word' id='word_1_219' title='bbox 496 3642 634 3695; x_wconf 84' lang='lat' dir='ltr'><strong>Vall.</strong></span> <span class='ocrx_word' id='word_1_220' title='bbox 673 3646 913 3715; x_wconf 82' lang='lat' dir='ltr'><strong>reposuit</strong></span> <span class='ocrx_word' id='word_1_221' title='bbox 954 3657 1206 3696; x_wconf 78' lang='lat' dir='ltr'><strong>nostram.</strong></span> <span class='ocrx_word' id='word_1_222' title='bbox 1244 3642 1413 3713; x_wconf 88' lang='lat' dir='ltr'><strong>(Vide</strong></span> 
     </span>
     <span class='ocr_line' id='line_1_37' title="bbox 394 3722 1412 3795; baseline -0.001 -21"><span class='ocrx_word' id='word_1_223' title='bbox 394 3735 507 3774; x_wconf 87' lang='lat' dir='ltr'><strong>not.</strong></span> <span class='ocrx_word' id='word_1_224' title='bbox 548 3723 705 3793; x_wconf 90' lang='lat' dir='ltr'><strong>seq.)</strong></span> <span class='ocrx_word' id='word_1_225' title='bbox 750 3722 1018 3795; x_wconf 78' lang='lat' dir='ltr'><strong>Plerisque</strong></span> <span class='ocrx_word' id='word_1_226' title='bbox 1064 3722 1214 3789; x_wconf 82' lang='lat' dir='ltr'><strong>aliis,</strong></span> <span class='ocrx_word' id='word_1_227' title='bbox 1253 3724 1412 3776; x_wconf 68' lang='lat' dir='ltr'><strong>Csur.</strong></span> 
     </span>
     <span class='ocr_line' id='line_1_38' title="bbox 398 3801 1412 3874; baseline -0.001 -20"><span class='ocrx_word' id='word_1_228' title='bbox 398 3801 851 3874; x_wconf 79' lang='lat' dir='ltr'><strong>Pluribusquea.,</strong></span> <span class='ocrx_word' id='word_1_229' title='bbox 879 3801 1042 3854; x_wconf 78' lang='lat' dir='ltr'><strong>Andr.</strong></span> <span class='ocrx_word' id='word_1_230' title='bbox 1071 3802 1376 3854; x_wconf 82' lang='lat' dir='ltr'><strong>Pluribusa.</strong></span> <span class='ocrx_word' id='word_1_231' title='bbox 1393 3840 1412 3869; x_wconf 87' lang='lat'><em>‚</em></span> 
     </span>
    </p>

    <p class='ocr_par' dir='ltr' id='par_1_10' title="bbox 398 3880 999 3935">
     <span class='ocr_line' id='line_1_39' title="bbox 398 3880 999 3935; baseline -0.005 0"><span class='ocrx_word' id='word_1_232' title='bbox 398 3882 568 3935; x_wconf 84' lang='lat' dir='ltr'><strong>Stoer.</strong></span> <span class='ocrx_word' id='word_1_233' title='bbox 595 3880 822 3932; x_wconf 85' lang='lat' dir='ltr'><strong>Ghouet.</strong></span> <span class='ocrx_word' id='word_1_234' title='bbox 850 3880 999 3933; x_wconf 80' lang='lat' dir='ltr'><strong>Leid.</strong></span> 
     </span>
    </p>

    <p class='ocr_par' dir='ltr' id='par_1_11' title="bbox 400 3958 1415 4268">
     <span class='ocr_line' id='line_1_40' title="bbox 469 3958 1412 4014; baseline -0.003 0"><span class='ocrx_word' id='word_1_235' title='bbox 469 3962 523 4014; x_wconf 88' lang='grc'><strong>6.</strong></span> <span class='ocrx_word' id='word_1_236' title='bbox 549 3960 798 4014; x_wconf 75' lang='lat' dir='ltr'><strong>Lucullis</strong></span> <span class='ocrx_word' id='word_1_237' title='bbox 825 3961 882 4013; x_wconf 84' lang='lat' dir='ltr'><strong>L.</strong></span> <span class='ocrx_word' id='word_1_238' title='bbox 908 3958 1161 4013; x_wconf 81' lang='lat' dir='ltr'><strong>Lucullus</strong></span> <span class='ocrx_word' id='word_1_239' title='bbox 1186 3979 1308 4013; x_wconf 87' lang='lat' dir='ltr'><strong>cum</strong></span> <span class='ocrx_word' id='word_1_240' title='bbox 1338 3960 1412 4011; x_wconf 91' lang='lat' dir='ltr'><strong>M.</strong></span> 
     </span>
     <span class='ocr_line' id='line_1_41' title="bbox 400 4039 1410 4108; baseline -0.003 -15"><span class='ocrx_word' id='word_1_241' title='bbox 400 4042 563 4094; x_wconf 80' lang='lat' dir='ltr'><strong>fratre</strong></span> <span class='ocrx_word' id='word_1_242' title='bbox 601 4040 705 4108; x_wconf 87' lang='lat' dir='ltr'><strong>(an</strong></span> <span class='ocrx_word' id='word_1_243' title='bbox 732 4039 1085 4101; x_wconf 86' lang='lat' dir='ltr'><strong>consobrino;</strong></span> <span class='ocrx_word' id='word_1_244' title='bbox 1122 4039 1240 4092; x_wconf 82' lang='lat' dir='ltr'><strong>vide</strong></span> <span class='ocrx_word' id='word_1_245' title='bbox 1281 4041 1410 4090; x_wconf 87' lang='lat' dir='ltr'><strong>Ver-</strong></span> 
     </span>
     <span class='ocr_line' id='line_1_42' title="bbox 400 4116 1415 4191; baseline -0.001 -21"><span class='ocrx_word' id='word_1_246' title='bbox 400 4116 557 4191; x_wconf 73' lang='lat' dir='ltr'><strong>heyk.</strong></span> <span class='ocrx_word' id='word_1_247' title='bbox 593 4117 662 4171; x_wconf 85' lang='lat' dir='ltr'><strong>ad</strong></span> <span class='ocrx_word' id='word_1_248' title='bbox 688 4118 912 4190; x_wconf 75' lang='lat' dir='ltr'><strong>Eun-op.</strong></span> <span class='ocrx_word' id='word_1_249' title='bbox 939 4119 1006 4183; x_wconf 90' lang='grc'><strong>6,</strong></span> <span class='ocrx_word' id='word_1_250' title='bbox 1045 4119 1144 4189; x_wconf 85' lang='grc'><strong>7);</strong></span> <span class='ocrx_word' id='word_1_251' title='bbox 1190 4136 1415 4188; x_wconf 85' lang='lat' dir='ltr'><strong>quorum</strong></span> 
     </span>
     <span class='ocr_line' id='line_1_43' title="bbox 402 4197 1415 4268; baseline -0.003 -16"><span class='ocrx_word' id='word_1_252' title='bbox 402 4199 606 4252; x_wconf 78' lang='lat' dir='ltr'><strong>mentio</strong></span> <span class='ocrx_word' id='word_1_253' title='bbox 622 4210 673 4250; x_wconf 86' lang='lat' dir='ltr'><strong>et</strong></span> <span class='ocrx_word' id='word_1_254' title='bbox 689 4197 815 4250; x_wconf 88' lang='lat' dir='ltr'><strong>alibi</strong></span> <span class='ocrx_word' id='word_1_255' title='bbox 830 4201 1137 4268; x_wconf 82' lang='lat' dir='ltr'><strong>conjuncta,</strong></span> <span class='ocrx_word' id='word_1_256' title='bbox 1152 4212 1212 4251; x_wconf 87' lang='lat' dir='ltr'><strong>ut</strong></span> <span class='ocrx_word' id='word_1_257' title='bbox 1227 4201 1280 4250; x_wconf 89' lang='lat' dir='ltr'><strong>in</strong></span> <span class='ocrx_word' id='word_1_258' title='bbox 1293 4197 1415 4251; x_wconf 74' lang='lat' dir='ltr'><strong>audi-</strong></span> 
     </span>
    </p>
   </div>
   <div class='ocr_carea' id='block_1_6' title="bbox 622 4287 672 4354">
    <p class='ocr_par' dir='ltr' id='par_1_12' title="bbox 622 4287 672 4354">
     <span class='ocr_line' id='line_1_44' title="bbox 622 4287 672 4354; baseline 0 -17"><span class='ocrx_word' id='word_1_259' title='bbox 622 4287 672 4354; x_wconf 89' lang='grc'><strong>4.</strong></span> 
     </span>
    </p>
   </div>
   <div class='ocr_carea' id='block_1_7' title="bbox 1467 1897 2515 4269">
    <p class='ocr_par' dir='ltr' id='par_1_13' title="bbox 1467 1897 2491 2280">
     <span class='ocr_line' id='line_1_45' title="bbox 1467 1897 2487 1971; baseline 0.001 -21"><span class='ocrx_word' id='word_1_260' title='bbox 1467 1900 1541 1968; x_wconf 85' lang='lat'><strong>11,</strong></span> <span class='ocrx_word' id='word_1_261' title='bbox 1572 1898 1665 1961; x_wconf 75' lang='lat'><strong>163</strong></span> <span class='ocrx_word' id='word_1_262' title='bbox 1698 1901 1895 1971; x_wconf 88' lang='lat' dir='ltr'><strong>quique</strong></span> <span class='ocrx_word' id='word_1_263' title='bbox 1921 1918 2086 1971; x_wconf 91' lang='lat' dir='ltr'><strong>quum</strong></span> <span class='ocrx_word' id='word_1_264' title='bbox 2111 1897 2215 1951; x_wconf 83' lang='lat' dir='ltr'><strong>alia</strong></span> <span class='ocrx_word' id='word_1_265' title='bbox 2238 1901 2292 1951; x_wconf 86' lang='lat' dir='ltr'><strong>in</strong></span> <span class='ocrx_word' id='word_1_266' title='bbox 2315 1901 2487 1971; x_wconf 85' lang='lat' dir='ltr'><strong>prima</strong></span> 
     </span>
     <span class='ocr_line' id='line_1_46' title="bbox 1468 1977 2491 2049; baseline -0.002 -16"><span class='ocrx_word' id='word_1_267' title='bbox 1468 1992 1622 2033; x_wconf 67' lang='lat' dir='ltr'><strong>astate</strong></span> <span class='ocrx_word' id='word_1_268' title='bbox 1646 1977 1802 2030; x_wconf 84' lang='lat' dir='ltr'><strong>simul</strong></span> <span class='ocrx_word' id='word_1_269' title='bbox 1830 1991 2080 2049; x_wconf 71' lang='lat' dir='ltr'><strong>egerunt,</strong></span> <span class='ocrx_word' id='word_1_270' title='bbox 2106 1992 2220 2030; x_wconf 87' lang='lat' dir='ltr'><strong>tum</strong></span> <span class='ocrx_word' id='word_1_271' title='bbox 2243 1982 2300 2031; x_wconf 82' lang='lat' dir='ltr'><strong>P.</strong></span> <span class='ocrx_word' id='word_1_272' title='bbox 2326 1978 2491 2031; x_wconf 83' lang='lat' dir='ltr'><strong>Servi-</strong></span> 
     </span>
     <span class='ocr_line' id='line_1_47' title="bbox 1470 2058 2489 2128; baseline -0.002 -18"><span class='ocrx_word' id='word_1_273' title='bbox 1470 2058 1598 2110; x_wconf 87' lang='lat' dir='ltr'><strong>lium</strong></span> <span class='ocrx_word' id='word_1_274' title='bbox 1615 2075 1897 2126; x_wconf 77' lang='lat' dir='ltr'><strong>augurem,</strong></span> <span class='ocrx_word' id='word_1_275' title='bbox 1918 2058 2080 2128; x_wconf 85' lang='lat' dir='ltr'><strong>patris</strong></span> <span class='ocrx_word' id='word_1_276' title='bbox 2095 2071 2489 2125; x_wconf 81' lang='lat' dir='ltr'><strong>accusatorem,</strong></span> 
     </span>
     <span class='ocr_line' id='line_1_48' title="bbox 1471 2136 2490 2208; baseline -0.002 -19"><span class='ocrx_word' id='word_1_277' title='bbox 1471 2155 1621 2189; x_wconf 85' lang='lat' dir='ltr'><strong>reum</strong></span> <span class='ocrx_word' id='word_1_278' title='bbox 1648 2149 1701 2187; x_wconf 89' lang='lat' dir='ltr'><strong>et</strong></span> <span class='ocrx_word' id='word_1_279' title='bbox 1719 2138 1895 2208; x_wconf 87' lang='lat' dir='ltr'><strong>ipsum</strong></span> <span class='ocrx_word' id='word_1_280' title='bbox 1923 2137 2162 2188; x_wconf 84' lang='lat' dir='ltr'><strong>fecerunt</strong></span> <span class='ocrx_word' id='word_1_281' title='bbox 2189 2158 2202 2186; x_wconf 72' lang='grc' dir='ltr'>ε</span> <span class='ocrx_word' id='word_1_282' title='bbox 2233 2136 2354 2188; x_wconf 82' lang='lat' dir='ltr'><strong>vide</strong></span> <span class='ocrx_word' id='word_1_283' title='bbox 2379 2138 2490 2189; x_wconf 88' lang='lat' dir='ltr'><strong>Cic.</strong></span> 
     </span>
     <span class='ocr_line' id='line_1_49' title="bbox 1473 2215 2489 2280; baseline 0 -12"><span class='ocrx_word' id='word_1_284' title='bbox 1473 2215 1638 2268; x_wconf 88' lang='lat' dir='ltr'><strong>Acad.</strong></span> <span class='ocrx_word' id='word_1_285' title='bbox 1666 2217 1756 2280; x_wconf 87' lang='lat' dir='ltr'><strong>lv,</strong></span> <span class='ocrx_word' id='word_1_286' title='bbox 1780 2218 1891 2267; x_wconf 85' lang='lat' dir='ltr'><strong>init.</strong></span> <span class='ocrx_word' id='word_1_287' title='bbox 1916 2215 2051 2266; x_wconf 85' lang='lat' dir='ltr'><strong>Plut.</strong></span> <span class='ocrx_word' id='word_1_288' title='bbox 2074 2218 2128 2268; x_wconf 87' lang='lat' dir='ltr'><strong>in</strong></span> <span class='ocrx_word' id='word_1_289' title='bbox 2146 2216 2355 2268; x_wconf 89' lang='lat' dir='ltr'><strong>Lucull.</strong></span> <span class='ocrx_word' id='word_1_290' title='bbox 2376 2219 2489 2269; x_wconf 83' lang='lat' dir='ltr'><strong>init.</strong></span> 
     </span>
    </p>

    <p class='ocr_par' dir='ltr' id='par_1_14' title="bbox 1475 2291 2502 3003">
     <span class='ocr_line' id='line_1_50' title="bbox 1546 2291 2490 2366; baseline 0 -21"><span class='ocrx_word' id='word_1_291' title='bbox 1546 2312 1596 2363; x_wconf 90' lang='lat'><strong>7.</strong></span> <span class='ocrx_word' id='word_1_292' title='bbox 1624 2292 1940 2366; x_wconf 78' lang='lat' dir='ltr'><strong>Appellatus</strong></span> <span class='ocrx_word' id='word_1_293' title='bbox 1959 2291 2190 2364; x_wconf 79' lang='lat' dir='ltr'><strong>sapiens,·</strong></span> <span class='ocrx_word' id='word_1_294' title='bbox 2213 2296 2287 2346; x_wconf 87' lang='lat' dir='ltr'><strong>sic</strong></span> <span class='ocrx_word' id='word_1_295' title='bbox 2309 2296 2490 2347; x_wconf 82' lang='lat' dir='ltr'><strong>Turio.</strong></span> 
     </span>
     <span class='ocr_line' id='line_1_51' title="bbox 1475 2372 2496 2443; baseline -0.001 -17"><span class='ocrx_word' id='word_1_296' title='bbox 1475 2373 1618 2426; x_wconf 82' lang='lat' dir='ltr'><strong>Flor.</strong></span> <span class='ocrx_word' id='word_1_297' title='bbox 1642 2374 1739 2425; x_wconf 82' lang='lat' dir='ltr'><strong>Est</strong></span> <span class='ocrx_word' id='word_1_298' title='bbox 1763 2376 2001 2425; x_wconf 85' lang='lat' dir='ltr'><strong>inserunt</strong></span> <span class='ocrx_word' id='word_1_299' title='bbox 2023 2372 2232 2443; x_wconf 79' lang='lat' dir='ltr'><strong>reliqui.</strong></span> <span class='ocrx_word' id='word_1_300' title='bbox 2261 2374 2387 2425; x_wconf 85' lang='lat' dir='ltr'><strong>Mox</strong></span> <span class='ocrx_word' id='word_1_301' title='bbox 2412 2372 2496 2425; x_wconf 89' lang='lat' dir='ltr'><strong>al-</strong></span> 
     </span>
     <span class='ocr_line' id='line_1_52' title="bbox 1480 2451 2492 2506; baseline 0 0"><span class='ocrx_word' id='word_1_302' title='bbox 1480 2466 1560 2506; x_wconf 82' lang='lat' dir='ltr'><strong>ter</strong></span> <span class='ocrx_word' id='word_1_303' title='bbox 1581 2467 1705 2505; x_wconf 86' lang='lat' dir='ltr'><strong>ante</strong></span> <span class='ocrx_word' id='word_1_304' title='bbox 1733 2453 1833 2504; x_wconf 78' lang='lat' dir='ltr'><strong>nisi</strong></span> <span class='ocrx_word' id='word_1_305' title='bbox 1852 2471 1956 2503; x_wconf 88' lang='lat' dir='ltr'><strong>om.</strong></span> <span class='ocrx_word' id='word_1_306' title='bbox 1982 2451 2159 2505; x_wconf 82' lang='lat' dir='ltr'><strong>Guelf.</strong></span> <span class='ocrx_word' id='word_1_307' title='bbox 2186 2471 2307 2504; x_wconf 87' lang='lat' dir='ltr'><strong>cum</strong></span> <span class='ocrx_word' id='word_1_308' title='bbox 2336 2454 2492 2506; x_wconf 86' lang='lat' dir='ltr'><strong>Voss.</strong></span> 
     </span>
     <span class='ocr_line' id='line_1_53' title="bbox 1481 2530 2493 2604; baseline 0 -19"><span class='ocrx_word' id='word_1_309' title='bbox 1481 2533 1532 2585; x_wconf 95' lang='lat'><strong>3.</strong></span> <span class='ocrx_word' id='word_1_310' title='bbox 1563 2532 1633 2585; x_wconf 88' lang='lat' dir='ltr'><em>V</em></span> <span class='ocrx_word' id='word_1_311' title='bbox 1611 2550 1667 2584; x_wconf 73' lang='lat' dir='ltr'><strong>tx</strong></span> <span class='ocrx_word' id='word_1_312' title='bbox 1687 2532 1819 2584; x_wconf 81' lang='lat' dir='ltr'><strong>sotio</strong></span> <span class='ocrx_word' id='word_1_313' title='bbox 1842 2534 1987 2602; x_wconf 79' lang='lat' dir='ltr'><strong>cnjus</strong></span> <span class='ocrx_word' id='word_1_314' title='bbox 2015 2530 2197 2604; x_wconf 61' lang='lat' dir='ltr'><strong>reliq„</strong></span> <span class='ocrx_word' id='word_1_315' title='bbox 2217 2534 2493 2585; x_wconf 84' lang='lat' dir='ltr'><strong>Turieens.</strong></span> 
     </span>
     <span class='ocr_line' id='line_1_54' title="bbox 1479 2608 2498 2685; baseline 0 -20"><span class='ocrx_word' id='word_1_316' title='bbox 1479 2611 1619 2665; x_wconf 89' lang='lat' dir='ltr'><strong>Flor.</strong></span> <span class='ocrx_word' id='word_1_317' title='bbox 1636 2608 1983 2682; x_wconf 82' lang='lat' dir='ltr'><strong>Relinquerit,</strong></span> <span class='ocrx_word' id='word_1_318' title='bbox 1995 2609 2155 2663; x_wconf 88' lang='lat' dir='ltr'><strong>Goth.</strong></span> <span class='ocrx_word' id='word_1_319' title='bbox 2173 2610 2299 2681; x_wconf 86' lang='lat' dir='ltr'><strong>(tac.</strong></span> <span class='ocrx_word' id='word_1_320' title='bbox 2310 2613 2498 2685; x_wconf 90' lang='lat' dir='ltr'><strong>Gesn.)</strong></span> 
     </span>
     <span class='ocr_line' id='line_1_55' title="bbox 1481 2687 2502 2764; baseline 0 -20"><span class='ocrx_word' id='word_1_321' title='bbox 1481 2687 1742 2764; x_wconf 76' lang='lat' dir='ltr'><strong>Reliquit,</strong></span> <span class='ocrx_word' id='word_1_322' title='bbox 1791 2691 1944 2742; x_wconf 86' lang='lat' dir='ltr'><strong>Voss.</strong></span> <span class='ocrx_word' id='word_1_323' title='bbox 1973 2691 2027 2743; x_wconf 86' lang='lat'><strong>3.</strong></span> <span class='ocrx_word' id='word_1_324' title='bbox 2051 2721 2123 2730; x_wconf 92' lang='lat'><em>-</em></span> <span class='ocrx_word' id='word_1_325' title='bbox 2149 2692 2329 2760; x_wconf 78' lang='lat' dir='ltr'><strong>PouL,</strong></span> <span class='ocrx_word' id='word_1_326' title='bbox 2366 2692 2502 2745; x_wconf 83' lang='lat' dir='ltr'><strong>alter</strong></span> 
     </span>
     <span class='ocr_line' id='line_1_56' title="bbox 1483 2767 2493 2826; baseline -0.001 -1"><span class='ocrx_word' id='word_1_327' title='bbox 1483 2790 1589 2825; x_wconf 77' lang='lat' dir='ltr'><strong>non</strong></span> <span class='ocrx_word' id='word_1_328' title='bbox 1607 2770 1745 2823; x_wconf 70' lang='lat' dir='ltr'><strong>creda</strong></span> <span class='ocrx_word' id='word_1_329' title='bbox 1748 2782 1846 2823; x_wconf 83' lang='lat' dir='ltr'><strong>tur.</strong></span> <span class='ocrx_word' id='word_1_330' title='bbox 1862 2767 1925 2821; x_wconf 77' lang='grc' dir='ltr'><strong>Τό</strong></span> <span class='ocrx_word' id='word_1_331' title='bbox 1941 2767 2493 2826; x_wconf 80' lang='lat' dir='ltr'><strong>alteromittuntAvic.</strong></span> 
     </span>
     <span class='ocr_line' id='line_1_57' title="bbox 1482 2851 2495 2922; baseline 0.001 -18"><span class='ocrx_word' id='word_1_332' title='bbox 1482 2853 1589 2904; x_wconf 78' lang='lat' dir='ltr'><strong>RR.</strong></span> <span class='ocrx_word' id='word_1_333' title='bbox 1615 2851 1682 2916; x_wconf 83' lang='lat'><strong>3,</strong></span> <span class='ocrx_word' id='word_1_334' title='bbox 1710 2851 1773 2916; x_wconf 85' lang='grc'><strong>5,</strong></span> <span class='ocrx_word' id='word_1_335' title='bbox 1804 2866 1888 2922; x_wconf 77' lang='grc' dir='ltr'><strong>ιο.</strong></span> <span class='ocrx_word' id='word_1_336' title='bbox 1924 2852 2022 2901; x_wconf 86' lang='lat' dir='ltr'><strong>Pro</strong></span> <span class='ocrx_word' id='word_1_337' title='bbox 2056 2851 2142 2902; x_wconf 85' lang='lat' dir='ltr'><strong>cui</strong></span> <span class='ocrx_word' id='word_1_338' title='bbox 2172 2852 2318 2902; x_wconf 83' lang='lat' dir='ltr'><strong>Avic.</strong></span> <span class='ocrx_word' id='word_1_339' title='bbox 2345 2853 2495 2905; x_wconf 91' lang='lat' dir='ltr'><strong>Poul.</strong></span> 
     </span>
     <span class='ocr_line' id='line_1_58' title="bbox 1484 2930 2431 3003; baseline -0.002 -19"><span class='ocrx_word' id='word_1_340' title='bbox 1484 2933 1548 2984; x_wconf 78' lang='lat' dir='ltr'><strong>R.</strong></span> <span class='ocrx_word' id='word_1_341' title='bbox 1575 2931 1608 2984; x_wconf 81' lang='lat'>3</span> <span class='ocrx_word' id='word_1_342' title='bbox 1629 2933 1792 3003; x_wconf 77' lang='lat' dir='ltr'><strong>cujus.</strong></span> <span class='ocrx_word' id='word_1_343' title='bbox 1810 2933 2011 2984; x_wconf 85' lang='lat' dir='ltr'><strong>Omnes</strong></span> <span class='ocrx_word' id='word_1_344' title='bbox 2030 2930 2313 3003; x_wconf 72' lang='lat' dir='ltr'><strong>reliquerit.</strong></span> <span class='ocrx_word' id='word_1_345' title='bbox 2337 2933 2431 2984; x_wconf 86' lang='lat' dir='ltr'><strong>En.</strong></span> 
     </span>
    </p>

    <p class='ocr_par' dir='ltr' id='par_1_15' title="bbox 1485 3009 2501 3395">
     <span class='ocr_line' id='line_1_59' title="bbox 1557 3009 2500 3064; baseline 0.002 -2"><span class='ocrx_word' id='word_1_346' title='bbox 1557 3010 1610 3063; x_wconf 81' lang='lat'><strong>8.</strong></span> <span class='ocrx_word' id='word_1_347' title='bbox 1634 3009 1788 3062; x_wconf 82' lang='lat' dir='ltr'><strong>Alter</strong></span> <span class='ocrx_word' id='word_1_348' title='bbox 1804 3009 1921 3061; x_wconf 75' lang='lat' dir='ltr'><strong>nisi.</strong></span> <span class='ocrx_word' id='word_1_349' title='bbox 1948 3011 1996 3061; x_wconf 85' lang='lat' dir='ltr'><strong>Is</strong></span> <span class='ocrx_word' id='word_1_350' title='bbox 2021 3023 2100 3061; x_wconf 85' lang='lat' dir='ltr'><strong>est</strong></span> <span class='ocrx_word' id='word_1_351' title='bbox 2128 3011 2259 3062; x_wconf 87' lang='lat' dir='ltr'><strong>Cato</strong></span> <span class='ocrx_word' id='word_1_352' title='bbox 2285 3012 2500 3064; x_wconf 87' lang='lat' dir='ltr'><strong>Uticen-</strong></span> 
     </span>
     <span class='ocr_line' id='line_1_60' title="bbox 1487 3088 2501 3163; baseline 0 -20"><span class='ocrx_word' id='word_1_353' title='bbox 1487 3091 1574 3143; x_wconf 69' lang='lat' dir='ltr'><strong>s&#39;m.</strong></span> <span class='ocrx_word' id='word_1_354' title='bbox 1586 3091 1727 3141; x_wconf 89' lang='lat' dir='ltr'><strong>Laus</strong></span> <span class='ocrx_word' id='word_1_355' title='bbox 1741 3088 1831 3140; x_wconf 84' lang='lat' dir='ltr'><strong>illa</strong></span> <span class='ocrx_word' id='word_1_356' title='bbox 1842 3090 2098 3140; x_wconf 86' lang='lat' dir='ltr'><strong>acerrimo</strong></span> <span class='ocrx_word' id='word_1_357' title='bbox 2114 3088 2368 3142; x_wconf 82' lang='lat' dir='ltr'><strong>libertatis</strong></span> <span class='ocrx_word' id='word_1_358' title='bbox 2379 3109 2501 3163; x_wconf 83' lang='lat' dir='ltr'><strong>pro-</strong></span> 
     </span>
     <span class='ocr_line' id='line_1_61' title="bbox 1485 3166 2501 3240; baseline 0.003 -21"><span class='ocrx_word' id='word_1_359' title='bbox 1485 3168 1773 3239; x_wconf 78' lang='lat' dir='ltr'><strong>pugnatori</strong></span> <span class='ocrx_word' id='word_1_360' title='bbox 1797 3166 1994 3218; x_wconf 85' lang='lat' dir='ltr'><strong>tributa</strong></span> <span class='ocrx_word' id='word_1_361' title='bbox 2017 3171 2168 3239; x_wconf 85' lang='lat' dir='ltr'><strong>quasi</strong></span> <span class='ocrx_word' id='word_1_362' title='bbox 2195 3171 2371 3240; x_wconf 77' lang='lat' dir='ltr'><strong>expiat</strong></span> <span class='ocrx_word' id='word_1_363' title='bbox 2389 3190 2501 3222; x_wconf 88' lang='lat' dir='ltr'><strong>ser-</strong></span> 
     </span>
     <span class='ocr_line' id='line_1_62' title="bbox 1487 3244 2500 3318; baseline 0.003 -20"><span class='ocrx_word' id='word_1_364' title='bbox 1487 3245 1616 3298; x_wconf 79' lang='lat' dir='ltr'><strong>viles</strong></span> <span class='ocrx_word' id='word_1_365' title='bbox 1630 3247 1758 3298; x_wconf 87' lang='lat' dir='ltr'><strong>istas</strong></span> <span class='ocrx_word' id='word_1_366' title='bbox 1779 3244 2111 3298; x_wconf 84' lang='lat' dir='ltr'><strong>adulationes</strong></span> <span class='ocrx_word' id='word_1_367' title='bbox 2126 3284 2140 3312; x_wconf 83' lang='lat'>‚</span> <span class='ocrx_word' id='word_1_368' title='bbox 2161 3266 2292 3318; x_wconf 87' lang='lat' dir='ltr'><strong>quas</strong></span> <span class='ocrx_word' id='word_1_369' title='bbox 2307 3247 2500 3301; x_wconf 83' lang='lat' dir='ltr'><strong>Fabius</strong></span> 
     </span>
     <span class='ocr_line' id='line_1_63' title="bbox 1487 3324 2399 3395; baseline -0.001 -17"><span class='ocrx_word' id='word_1_370' title='bbox 1487 3325 1795 3378; x_wconf 87' lang='lat' dir='ltr'><strong>Domitiano</strong></span> <span class='ocrx_word' id='word_1_371' title='bbox 1819 3326 2016 3394; x_wconf 86' lang='lat' dir='ltr'><strong>passim</strong></span> <span class='ocrx_word' id='word_1_372' title='bbox 2045 3324 2276 3395; x_wconf 75' lang='lat' dir='ltr'><strong>largitur.</strong></span> <span class='ocrx_word' id='word_1_373' title='bbox 2307 3328 2399 3379; x_wconf 85' lang='lat' dir='ltr'><strong>En.</strong></span> 
     </span>
    </p>

    <p class='ocr_par' dir='ltr' id='par_1_16' title="bbox 1492 3402 2509 3792">
     <span class='ocr_line' id='line_1_64' title="bbox 1560 3402 2505 3477; baseline 0.004 -22"><span class='ocrx_word' id='word_1_374' title='bbox 1560 3422 1612 3473; x_wconf 90' lang='lat'><strong>9.</strong></span> <span class='ocrx_word' id='word_1_375' title='bbox 1659 3403 1755 3457; x_wconf 82' lang='lat' dir='ltr'><strong>Cui</strong></span> <span class='ocrx_word' id='word_1_376' title='bbox 1796 3402 2068 3475; x_wconf 74' lang='lat' dir='ltr'><strong>reliquerit</strong></span> <span class='ocrx_word' id='word_1_377' title='bbox 2093 3405 2249 3477; x_wconf 80' lang='lat' dir='ltr'><strong>hujus</strong></span> <span class='ocrx_word' id='word_1_378' title='bbox 2274 3408 2505 3459; x_wconf 82' lang='lat' dir='ltr'><strong>nominis</strong></span> 
     </span>
     <span class='ocr_line' id='line_1_65' title="bbox 1492 3481 2509 3555; baseline 0.003 -20"><span class='ocrx_word' id='word_1_379' title='bbox 1492 3483 1684 3536; x_wconf 81' lang='lat' dir='ltr'><strong>locum.</strong></span> <span class='ocrx_word' id='word_1_380' title='bbox 1697 3485 1846 3535; x_wconf 78' lang='lat' dir='ltr'><strong>Nove</strong></span> <span class='ocrx_word' id='word_1_381' title='bbox 1855 3481 2057 3535; x_wconf 81' lang='lat' dir='ltr'><strong>dictum</strong></span> <span class='ocrx_word' id='word_1_382' title='bbox 2067 3497 2202 3555; x_wconf 85' lang='lat' dir='ltr'><strong>puto</strong></span> <span class='ocrx_word' id='word_1_383' title='bbox 2215 3523 2232 3550; x_wconf 93' lang='lat'><strong>,</strong></span> <span class='ocrx_word' id='word_1_384' title='bbox 2253 3485 2347 3542; x_wconf 81' lang='lat' dir='ltr'><strong>sed</strong></span> <span class='ocrx_word' id='word_1_385' title='bbox 2360 3500 2416 3538; x_wconf 90' lang='lat' dir='ltr'><strong>ut</strong></span> <span class='ocrx_word' id='word_1_386' title='bbox 2432 3487 2509 3539; x_wconf 85' lang='lat' dir='ltr'><strong>fa·</strong></span> 
     </span>
     <span class='ocr_line' id='line_1_66' title="bbox 1494 3561 2502 3637; baseline 0.003 -23"><span class='ocrx_word' id='word_1_387' title='bbox 1494 3561 1594 3614; x_wconf 85' lang='lat' dir='ltr'><strong>cile</strong></span> <span class='ocrx_word' id='word_1_388' title='bbox 1615 3575 1792 3614; x_wconf 86' lang='lat' dir='ltr'><strong>tamen</strong></span> <span class='ocrx_word' id='word_1_389' title='bbox 1819 3561 2157 3632; x_wconf 73' lang='lat' dir='ltr'><strong>intelligatur.</strong></span> <span class='ocrx_word' id='word_1_390' title='bbox 2182 3567 2318 3617; x_wconf 83' lang='lat' dir='ltr'><strong>Nam</strong></span> <span class='ocrx_word' id='word_1_391' title='bbox 2340 3584 2502 3637; x_wconf 86' lang='lat' dir='ltr'><strong>quum</strong></span> 
     </span>
     <span class='ocr_line' id='line_1_67' title="bbox 1492 3639 2505 3712; baseline 0.007 -20"><span class='ocrx_word' id='word_1_392' title='bbox 1492 3641 1701 3693; x_wconf 84' lang='lat' dir='ltr'><strong>dicatur</strong></span> <span class='ocrx_word' id='word_1_393' title='bbox 1724 3639 1865 3693; x_wconf 80' lang='lat' dir='ltr'><strong>locus</strong></span> <span class='ocrx_word' id='word_1_394' title='bbox 1885 3652 1960 3693; x_wconf 81' lang='lat' dir='ltr'><strong>est</strong></span> <span class='ocrx_word' id='word_1_395' title='bbox 1979 3640 2145 3695; x_wconf 85' lang='lat' dir='ltr'><strong>alicui</strong></span> <span class='ocrx_word' id='word_1_396' title='bbox 2162 3645 2261 3712; x_wconf 85' lang='lat' dir='ltr'><strong>rei,</strong></span> <span class='ocrx_word' id='word_1_397' title='bbox 2291 3644 2372 3698; x_wconf 78' lang='lat' dir='ltr'><strong>vel</strong></span> <span class='ocrx_word' id='word_1_398' title='bbox 2402 3646 2505 3698; x_wconf 85' lang='lat' dir='ltr'><strong>ali-</strong></span> 
     </span>
     <span class='ocr_line' id='line_1_68' title="bbox 1492 3718 2507 3792; baseline 0.005 -20"><span class='ocrx_word' id='word_1_399' title='bbox 1492 3723 1641 3792; x_wconf 81' lang='lat' dir='ltr'><strong>cujus</strong></span> <span class='ocrx_word' id='word_1_400' title='bbox 1662 3722 1762 3783; x_wconf 84' lang='lat' dir='ltr'><strong>rei,</strong></span> <span class='ocrx_word' id='word_1_401' title='bbox 1793 3718 1898 3772; x_wconf 78' lang='lat' dir='ltr'><strong>dici</strong></span> <span class='ocrx_word' id='word_1_402' title='bbox 1921 3723 2136 3792; x_wconf 81' lang='lat' dir='ltr'><strong>proprie</strong></span> <span class='ocrx_word' id='word_1_403' title='bbox 2160 3722 2378 3776; x_wconf 88' lang='lat' dir='ltr'><strong>deberet</strong></span> <span class='ocrx_word' id='word_1_404' title='bbox 2406 3748 2429 3772; x_wconf 76' lang='grc' dir='ltr'>κ</span> <span class='ocrx_word' id='word_1_405' title='bbox 2453 3729 2507 3777; x_wconf 88' lang='lat' dir='ltr'><strong>in</strong></span> 
     </span>
    </p>

    <p class='ocr_par' dir='ltr' id='par_1_17' title="bbox 1494 3798 2509 4029">
     <span class='ocr_line' id='line_1_69' title="bbox 1501 3798 2503 3871; baseline 0.003 -22.135"><span class='ocrx_word' id='word_1_406' title='bbox 1501 3816 1629 3850; x_wconf 77' lang='lat' dir='ltr'><strong>«me</strong></span> <span class='ocrx_word' id='word_1_407' title='bbox 1644 3798 1795 3851; x_wconf 88' lang='lat' dir='ltr'><strong>locus</strong></span> <span class='ocrx_word' id='word_1_408' title='bbox 1812 3817 1920 3851; x_wconf 90' lang='lat' dir='ltr'><strong>non</strong></span> <span class='ocrx_word' id='word_1_409' title='bbox 1942 3812 2022 3851; x_wconf 85' lang='lat' dir='ltr'><strong>est</strong></span> <span class='ocrx_word' id='word_1_410' title='bbox 2039 3799 2198 3871; x_wconf 85' lang='lat' dir='ltr'><strong>hujus</strong></span> <span class='ocrx_word' id='word_1_411' title='bbox 2218 3805 2462 3856; x_wconf 88' lang='lat' dir='ltr'><strong>nominis.</strong></span> <span class='ocrx_word' id='word_1_412' title='bbox 2482 3829 2503 3852; x_wconf 69' lang='lat' dir='ltr'><em>n</em></span> 
     </span>
     <span class='ocr_line' id='line_1_70' title="bbox 1496 3877 2509 3953; baseline 0.006 -24"><span class='ocrx_word' id='word_1_413' title='bbox 1496 3879 1654 3931; x_wconf 88' lang='lat' dir='ltr'><strong>Nunc</strong></span> <span class='ocrx_word' id='word_1_414' title='bbox 1674 3898 1774 3950; x_wconf 85' lang='lat' dir='ltr'><strong>pro</strong></span> <span class='ocrx_word' id='word_1_415' title='bbox 1801 3879 1855 3929; x_wconf 83' lang='lat' dir='ltr'><strong>in</strong></span> <span class='ocrx_word' id='word_1_416' title='bbox 1878 3896 1963 3929; x_wconf 80' lang='lat' dir='ltr'><strong>me</strong></span> <span class='ocrx_word' id='word_1_417' title='bbox 1980 3877 2215 3932; x_wconf 77' lang='lat' dir='ltr'><strong>dativum</strong></span> <span class='ocrx_word' id='word_1_418' title='bbox 2239 3884 2419 3953; x_wconf 88' lang='lat' dir='ltr'><strong>posuit</strong></span> <span class='ocrx_word' id='word_1_419' title='bbox 2438 3883 2509 3935; x_wconf 89' lang='lat' dir='ltr'><strong>ob</strong></span> 
     </span>
     <span class='ocr_line' id='line_1_71' title="bbox 1494 3956 2044 4029; baseline 0 -21"><span class='ocrx_word' id='word_1_420' title='bbox 1494 3958 1715 4010; x_wconf 83' lang='lat' dir='ltr'><strong>verbum</strong></span> <span class='ocrx_word' id='word_1_421' title='bbox 1741 3956 2044 4029; x_wconf 82' lang='lat' dir='ltr'><strong>relinquere.</strong></span> 
     </span>
    </p>

    <p class='ocr_par' dir='ltr' id='par_1_18' title="bbox 1495 4038 2515 4269">
     <span class='ocr_line' id='line_1_72' title="bbox 1552 4038 2514 4114; baseline 0.003 -23"><span class='ocrx_word' id='word_1_422' title='bbox 1552 4056 1570 4091; x_wconf 82' lang='grc' dir='ltr'><strong>ι</strong></span> <span class='ocrx_word' id='word_1_423' title='bbox 1580 4053 1631 4088; x_wconf 90' lang='grc' dir='ltr'><strong>ο.</strong></span> <span class='ocrx_word' id='word_1_424' title='bbox 1644 4038 1843 4110; x_wconf 84' lang='lat' dir='ltr'><strong>Neque.</strong></span> <span class='ocrx_word' id='word_1_425' title='bbox 1855 4075 1885 4088; x_wconf 91' lang='lat'><strong>..</strong></span> <span class='ocrx_word' id='word_1_426' title='bbox 1893 4046 2121 4108; x_wconf 82' lang='lat' dir='ltr'><strong>portum.</strong></span> <span class='ocrx_word' id='word_1_427' title='bbox 2134 4039 2276 4091; x_wconf 81' lang='lat' dir='ltr'><strong>Dant</strong></span> <span class='ocrx_word' id='word_1_428' title='bbox 2287 4060 2514 4114; x_wconf 81' lang='lat' dir='ltr'><strong>namque</strong></span> 
     </span>
     <span class='ocr_line' id='line_1_73' title="bbox 1495 4116 2515 4192; baseline -0.006 -23"><span class='ocrx_word' id='word_1_429' title='bbox 1495 4116 1749 4188; x_wconf 76' lang='lat' dir='ltr'><strong>defendat</strong></span> <span class='ocrx_word' id='word_1_430' title='bbox 1766 4117 1934 4168; x_wconf 80' lang='lat' dir='ltr'><strong>omnis</strong></span> <span class='ocrx_word' id='word_1_431' title='bbox 1947 4127 2124 4169; x_wconf 84' lang='lat' dir='ltr'><strong>orator</strong></span> <span class='ocrx_word' id='word_1_432' title='bbox 2141 4117 2275 4170; x_wconf 83' lang='lat' dir='ltr'><strong>idem</strong></span> <span class='ocrx_word' id='word_1_433' title='bbox 2287 4134 2515 4192; x_wconf 67' lang='lat' dir='ltr'><strong>portum.</strong></span> 
     </span>
     <span class='ocr_line' id='line_1_74' title="bbox 1502 4195 2514 4269; baseline 0.009 -22"><span class='ocrx_word' id='word_1_434' title='bbox 1502 4215 1603 4269; x_wconf 89' lang='lat' dir='ltr'><strong>que</strong></span> <span class='ocrx_word' id='word_1_435' title='bbox 1618 4198 1793 4248; x_wconf 79' lang='lat' dir='ltr'><strong>Turio.</strong></span> <span class='ocrx_word' id='word_1_436' title='bbox 1820 4197 1861 4247; x_wconf 84' lang='lat' dir='ltr'><strong>F</strong></span> <span class='ocrx_word' id='word_1_437' title='bbox 1863 4195 1961 4248; x_wconf 90' lang='lat' dir='ltr'><strong>lor.</strong></span> <span class='ocrx_word' id='word_1_438' title='bbox 1987 4195 2126 4264; x_wconf 87' lang='lat' dir='ltr'><strong>(nisi</strong></span> <span class='ocrx_word' id='word_1_439' title='bbox 2149 4200 2297 4269; x_wconf 88' lang='lat' dir='ltr'><strong>quod</strong></span> <span class='ocrx_word' id='word_1_440' title='bbox 2316 4201 2404 4255; x_wconf 88' lang='lat' dir='ltr'><strong>ille</strong></span> <span class='ocrx_word' id='word_1_441' title='bbox 2431 4204 2514 4255; x_wconf 85' lang='lat' dir='ltr'><strong>de-</strong></span> 
     </span>
    </p>
   </div>
   <div class='ocr_carea' id='block_1_8' title="bbox 2164 4289 2222 4342">
    <p class='ocr_par' dir='ltr' id='par_1_19' title="bbox 2164 4289 2222 4342">
     <span class='ocr_line' id='line_1_75' title="bbox 2164 4289 2222 4342; baseline 0 0"><span class='ocrx_word' id='word_1_442' title='bbox 2164 4289 2222 4342; x_wconf 81' lang='lat'><strong>31</strong></span> 
     </span>
    </p>
   </div>
  </div>
 </body>
</html>
