3200 5159
630 473 1201 543 INSTITUTION
1210 473 1283 540 IS
1320 474 1576 541 ORAT.
1618 473 1779 541 LIB.
1816 477 1907 555 X,
1957 499 2010 541 1.

2247 498 2361 542 101

269 595 718 671 santissimi:
765 619 907 671 arte
930 612 947 644 ¹
995 596 1109 670 ille
1134 654 1153 687 ,
1201 619 1273 672 et
1306 618 1447 670 toto
1490 624 1746 697 genere
1794 596 2091 672 dicendi·
2117 599 2369 698 praefe-

273 710 557 804 renduS,
575 733 647 786 et
664 740 880 811 quem
901 714 974 785 in
996 740 1295 786 numero
1315 733 1625 786 veterum
1645 714 1911 787 locare²
1927 740 2071 787 non
2093 713 2369 802 timeas3

270 823 392 897 bit:
415 826 841 918 concitatior,
862 826 1081 899 sedin
1107 854 1271 899 cura
1292 828 1664 901 verborum
1692 827 1988 920 nimius,
2011 848 2079 900 et
2096 854 2375 927 compo·

270 938 521 1013 sitione
554 967 1073 1042 nonnunquam
1097 942 1406 1041 longior,
1432 963 1501 1014 et
1524 943 2092 1017 translationibus
2121 957 2371 1041 parum

271 1053 599 1129 modicus
617 1053 671 1128 ³.
705 1058 920 1129 Erant
946 1057 1132 1129 clara
1159 1079 1227 1130 et
1254 1083 1482 1157 nuper
1509 1056 1835 1156 ingenia:
1873 1084 2037 1130 narn
2067 1056 2175 1129 etl*
2200 1059 2269 1129 T
2262 1082 2377 1128 ra·-
2415 1095 2435 1132 ι
2452 1086 2516 1150 ¹9

271 1166 554 1244 chalus⁵
585 1171 1008 1270 plerumque
1045 1171 1401 1263 sublimis,
1445 1192 1511 1245 et
1549 1171 1708 1246 satis
1750 1170 2074 1272 apertus⁶
2106 1171 2275 1260 fuit,
2309 1190 2378 1243 et

274 1310 492 1383 quem
535 1286 712 1359 velle
761 1285 1070 1386 optima⁷
1109 1285 1458 1377 crederes;
1493 1286 1772 1359 auditus
1817 1308 2052 1360 tamen
2105 1285 2375 1386 major}

273 1426 446 1472 nam
481 1422 550 1474 et
587 1401 809 1491 vocis»,
843 1422 1180 1501 quantam
1224 1403 1299 1474 in
1345 1401 1541 1475 nullo
1582 1403 1916 1502 cognovi,
1955 1401 2275 1489 felicitas,
2309 1422 2380 1472 et

273 1515 766 1617 pronunciatio
809 1516 921 1590 vel
971 1516 1195 1590 scenis
1239 1517 1651 1608 suffectura,
1691 1537 1759 1589 et
1808 1515 2101 1606 decor⁸,
2136 1514 2378 1588 omnia

277 1629 586 1730 denique
619 1630 720 1721 ei,
755 1658 910 1731 quae
947 1653 1113 1705 sunt
1154 1653 1339 1705 extra
1355 1647 1412 1723 9,
1446 1633 1981 1732 superfuerunt:
2021 1652 2090 1705 et
2137 1631 2382 1707 Vibius

276 1743 648 1850 crispusw,
679 1745 1100 1847 compositus
1124 1801 1143 1836 ‚
1174 1767 1241 1819 et
1260 1743 1664 1847 jucunduS,
1697 1766 1767 1819 et
1789 1743 2239 1819 delectationi
2261 1770 2377 1816 na-

270 1877 424 1948 tus;
452 1858 732 1959 privatis
751 1880 991 1934 tamen
1012 1859 1231 1934 causis
1260 1888 1478 1961 quam
1501 1859 1804 1963 publicis
1825 1859 2098 1934 melior.
2128 1859 2378 1933 ¹¹Julio
2419 1891 2519 1939 no

357 2073 406 2109 ι.
432 2047 595 2121 ‘At-te,-
621 2061 700 2112 sie
722 2059 903 2114 Tur-ic.
936 2060 1077 2113 Flor.
1106 2058 1230 2132 (hic
1259 2078 1290 2113 a

279 2151 364 2210 pr.
391 2140 584 2210 mann)
608 2157 732 2192 oum
756 2140 894 2194 mm.
920 2140 1130 2212 Reliqui
1157 2159 1293 2213 Ρω-

283 2218 502 2270 mittnnt
521 2219 808 2272 verborum.

354 2313 408 2348 2.
430 2300 633 2350 tooure.
648 2300 826 2351 Turic.
847 2297 989 2351 Flor-
1007 2297 1058 2370 (α
1078 2316 1161 2370 pr.
1184 2316 1295 2350 ma·

282 2393 355 2427 nu
381 2383 627 2448 uterque)
647 2377 828 2445 bitere,
852 2396 972 2430 cum
998 2377 1132 2430 Alm.
1153 2398 1168 2442 ;
1195 2376 1291 2430 sed

281 2454 424 2507 flor.
456 2473 487 2507 a
515 2474 657 2524 sec.‚
686 2456 901 2525 habere,
930 2470 984 2510 et
1011 2458 1085 2509 sic
1112 2458 1288 2510 Guelf.

282 2551 408 2584 enm
433 2534 587 2586 Bern.
612 2547 666 2588 et
689 2534 810 2588 edd.
837 2534 959 2587 inde
984 2551 1013 2586 a
1034 2534 1290 2587 Jensonio

283 2628 409 2666 ante
420 2612 538 2665 Ald.
550 2651 568 2680 ,
585 2633 696 2668 acc.
712 2614 865 2667 Basil.
885 2616 1050 2667 Stoer.
1063 2612 1290 2668 Chouet.

281 2690 431 2745 laeid.
455 2692 678 2765 aliisque
707 2694 848 2766 apud
871 2695 1043 2746 Burm.
1071 2693 1153 2745 An
1183 2696 1295 2766 pri-

283 2772 444 2823 mitus
485 2772 587 2824 fuit
619 2772 807 2839 citare,
835 2771 919 2825 vel
956 2771 1298 2825 recitare?—

285 2849 428 2903 Van.
448 2849 540 2902 lib.
563 2869 594 2903 a
613 2870 721 2905 sec.
736 2870 924 2918 manu,
940 2852 1004 2904 R.
1024 2869 1087 2922 9,
1111 2848 1294 2904 locare.

282 2929 499 3001 Reliqui
517 2930 718 2985 habere.
737 2932 861 2984 Non
881 2930 1177 3004 spernenda
1192 2929 1300 2983 lec·

286 3012 387 3063 tio.
411 3012 506 3062 Eu.

358 3088 413 3142 3.
437 3088 696 3142 Modicus.
715 3089 893 3142 Turic.
918 3087 980 3161 (a
1003 3106 1084 3159 pr.
1110 3087 1301 3162 manu)

287 3167 573 3220 modicum.
596 3166 771 3219 Guelf.
788 3205 806 3234 ‚
829 3167 1060 3220 modicis.

364 3247 416 3315 4.
448 3246 592 3298 Nam
621 3257 674 3299 et
699 3245 999 3299 Trachalus.
1025 3247 1300 3300 Turicens.

287 3322 434 3376 Flor.
455 3322 578 3395 (hic
601 3342 630 3376 a
654 3342 734 3396 pr.
759 3324 951 3396 manu)
973 3324 1136 3377 Cain.
1158 3326 1308 3377 omit-

292 3415 415 3456 tunt
449 3421 574 3456 nam
593 3441 612 3468 ,
646 3421 766 3456 cnm
798 3402 935 3457 Alm.
975 3403 1080 3457 sed
1111 3406 1308 3472 Cium,

292 3492 355 3534 ut
380 3480 512 3554 (pro
540 3501 667 3533 nam
692 3481 799 3554 et),
824 3482 973 3554 quod
998 3484 1168 3555 possit
1194 3484 1309 3556 pls-

293 3578 446 3626 cere,
463 3573 523 3613 ut
536 3561 728 3613 vitetur
745 3563 953 3615 iteratio
977 3561 1166 3615 horum
1180 3581 1306 3615 nam

294 3648 348 3690 et
365 3637 470 3690 hac
496 3635 575 3709 §.‚
603 3652 654 3691 et
682 3654 797 3711 ιι7.
826 3637 930 3693 sed
951 3638 1070 3692 vide
1094 3651 1206 3692 not.
1238 3638 1307 3691 ad

239 3721 254 3729 '
332 3714 379 3788 ς.
407 3716 506 3780 25,
533 3716 619 3770 26.
957 3731 962 3736 ‘

299 3714 328 3789 s
369 3794 420 3849 5.
469 3794 774 3848 Trachalus.
807 3793 942 3850 Vide
981 3796 1086 3861 Vl,
1119 3796 1188 3861 3,
1223 3796 1308 3867 78.

297 3871 639 3946 Confer-endo
667 3873 874 3945 singula
888 3913 907 3942 ‚
940 3893 1056 3946 qnae
1088 3874 1315 3928 demon·

304 3965 552 4020 sti-untur,
585 3949 705 4004 loca
736 3952 1017 4025 apparebit
1036 3991 1054 4019 ‚
1083 3952 1316 4006 Tracha-

304 4030 386 4084 lus
405 4043 738 4104 quantopere
752 4030 994 4084 debuerit
1013 4031 1181 4084 lectus
1200 4030 1318 4084 des·

293 4111 533 4164 tendere
572 4110 643 4162 ab
685 4129 751 4163 eo
770 4148 788 4177 ,
832 4110 1001 4183 qualis
1041 4110 1319 4163 videbatur

297 4189 538 4244 auditus.
578 4187 722 4244 Talis
762 4202 972 4263 patrum
1014 4201 1317 4243 nostrorum

1369 2062 1625 2114 memoria
1666 2061 1771 2113 fuit
1788 2097 1806 2127 ,
1855 2077 2010 2131 quem
2063 2057 2378 2132 eloquentia

1368 2141 1679 2210 germanice
1707 2137 1974 2211 exemplar
1994 2135 2176 2189 laudat
2196 2136 2379 2188 fride-

1370 2220 1511 2271 ricus
1547 2236 1769 2290 magnus
1799 2218 1854 2269 in
1888 2216 2068 2269 libello
2099 2215 2169 2268 de
2199 2214 2379 2267 erudi-

1370 2291 1518 2352 tione
1550 2298 1935 2351 Germanorum
1951 2333 1970 2361 ,
2002 2296 2355 2366 Begiomonta

1368 2396 1470 2430 nus
1484 2376 1613 2429 olim
1626 2374 1955 2428 ecclesiastes
1966 2411 1983 2441 ‚
1997 2375 2261 2443 Quantius
2277 2390 2381 2424 no-

1369 2455 1528 2508 mine.
1549 2455 1718 2508 —Sic
1743 2453 1888 2526 apud
1911 2472 2010 2507 nos
2038 2452 2259 2507 Gerbier.
2280 2452 2374 2505 En.

1442 2534 1493 2587 6.
1519 2534 1759 2607 Apertus.
1780 2533 1958 2586 Turio.
1981 2532 2143 2586 Cum
2161 2568 2179 2599 ‚
2201 2541 2378 2603 aptus,

1372 2632 1495 2667 cum
1520 2612 1668 2665 Bodl.
1692 2612 1856 2666 Andr.

1447 2709 1497 2764 7.
1525 2688 1679 2747 Velle
1704 2691 1922 2762 optima.
1952 2690 2076 2759 Quo
2103 2688 2212 2742 lioc
2240 2690 2384 2762 opti-

1374 2788 1584 2823 morum
1625 2769 1859 2822 studium
1897 2766 2162 2841 pertinet?
2196 2768 2279 2818 An
2315 2764 2385 2817 ad

1374 2866 1543 2921 genus
1580 2846 1791 2900 dicendi
1827 2847 2086 2918 optimum
2100 2847 2125 2897 P
2157 2843 2386 2914 Qualem

1375 2927 1603 2981 vidimus
1637 2925 1837 2978 bonnm
1875 2937 2138 2989 mentem,
2176 2923 2255 2989 11,
2290 2939 2387 2988 η,

1385 3013 1479 3068 1'23
1509 3019 1563 3060 et
1588 3024 1714 3058 mox
1741 3017 1822 3058 est
1846 3006 1896 3073 3.
1934 3021 2065 3068 tn,
2092 3002 2162 3054 ad
2187 3000 2390 3073 optima

1379 3084 1701 3138 tendentium
1714 3105 1734 3145 ,·
1752 3094 1805 3135 et
1823 3084 1871 3151 S.
1900 3082 2018 3148 131,
2040 3078 2260 3133 meliora
2282 3078 2390 3132 vel·

1382 3162 1471 3217 let.
1507 3163 1691 3215 Malim
1728 3175 1905 3213 tamen
1945 3160 2032 3212 hic
2070 3158 2284 3231 quidem
2320 3157 2390 3211 sd

1382 3245 1716 3298 honestatem
1743 3256 1795 3295 et
1819 3242 1948 3294 recti
1971 3259 2206 3294 amorem
2226 3239 2395 3292 trahe-

1384 3343 1475 3389 re,
1501 3325 1592 3395 qui
1619 3324 1674 3375 in
1702 3321 1807 3374 hoc
1836 3333 2048 3373 oratore
2073 3320 2393 3392 apparuerit.

1385 3405 1574 3476 Neque
1602 3403 1743 3455 enim
1768 3401 1969 3453 bonurn
1993 3399 2204 3452 dicendi
2226 3414 2400 3470 genus

1388 3479 1616 3553 adeptus
1631 3480 1756 3546 fuit,
1776 3481 1819 3532 si
1833 3481 1975 3531 visus
1994 3476 2153 3529 modo
2175 3476 2228 3529 id
2242 3476 2395 3530 velle.

1462 3561 1518 3613 8⁸
1549 3560 1730 3612 Decor.
1754 3559 1930 3612 Turic.
1964 3556 2032 3630 (a
2064 3575 2171 3610 sec.
2200 3556 2399 3630 manu)

1387 3641 1597 3703 decora,
1623 3658 1745 3691 cum
1773 3640 1917 3692 Jens.
1945 3651 1998 3690 et
2021 3636 2141 3690 edd.
2167 3650 2394 3708 posterr.

1389 3731 1514 3772 ante
1533 3717 1661 3770 Bad.
1678 3746 1745 3756 -—
1761 3717 1942 3769 Nostri
1959 3715 2129 3782 decor,
2145 3731 2257 3768 exc.
2277 3717 2396 3768 Put.

1391 3817 1424 3851 a
1449 3817 1553 3850 sec.
1585 3816 1782 3862 manu,
1805 3797 1913 3850 RR.
1942 3813 1993 3868 7,
2025 3812 2108 3863 ιι,
2135 3797 2225 3867 qui
2251 3795 2401 3849 deco·

1394 3897 1471 3929 ra.
1497 3880 1590 3931 En.

1465 3973 1516 4025 9.
1543 3957 1726 4010 Extra.
1745 3955 1923 4007 Turio.
1951 3953 2091 4007 Flor.
2119 3952 2241 4024 (hic
2266 3970 2294 4004 a
2318 3971 2400 4024 pr.

1398 4035 1582 4105 manu)
1603 4050 1669 4085 ex
1691 4034 1786 4085 ira.

1475 4129 1555 4167 ro.
1571 4112 1753 4166 Vibius
1771 4108 2124 4183 CrixpmNffle
2140 4112 2205 4174 V,
2226 4109 2305 4173 13,
2317 4108 2404 4175 48.

1475 4206 1497 4242 ι
1512 4204 1531 4242 1
1545 4229 1556 4243 .
1572 4189 1722 4243 lulio
1740 4186 2137 4244 Secundo.Vide
2155 4187 2296 4256 x‚·3,
2319 4204 2403 4250 123
