3200 5159
660 454 1309 522 INSTlTUTIOle
1346 455 1602 519 ORAT.
1643 456 1803 521 Ltss.
1841 458 1966 539 XI,
2009 459 2070 524 3.

2289 458 2413 524 385

331 577 581 651 mediis
617 566 935 650 cruribus
973 577 1235 675 optime
1267 577 1719 666 terminatur,
1756 580 2087 678 posterior
2119 595 2136 626 ¹
2164 580 2417 655 eadem

327 693 640 792 portione
686 691 889 765 altius
931 718 1072 791 qua
1125 695 1498 762 cinctui-21².
1549 691 1802 763 Sinus-’⁹
1851 692 2415 784 decentissimus»,
2455 714 2554 780 140

328 807 382 887 si
406 806 809 906 aliquanto4
838 834 1049 908 supra
1071 806 1290 881 imam
1314 812 1546 905 togam
1568 808 1779 880 fuerit
1795 867 1814 900 ‚
1844 836 2213 909 nunquam
2235 833 2412 884 certe

402 1011 445 1045 ι.
486 993 738 1046 Eadem..
767 1031 781 1044 .
821 1013 925 1068 qua
964 994 1218 1046 cinctura.
1261 994 1331 1043 Ut

324 1073 526 1145 priores
547 1075 841 1125 tunicarum
864 1090 982 1125 oras
996 1071 1329 1124 demissiores

327 1171 441 1206 esse
459 1156 688 1224 jusserat
718 1153 1135 1225 posterioribus,
1175 1154 1250 1203 sic
1279 1163 1332 1203 et

327 1231 509 1284 eadem
545 1234 790 1304 portione
833 1246 1009 1302 togam
1048 1230 1331 1282 ascendere

324 1311 437 1364 vult
474 1330 506 1363 a
540 1325 688 1382 tergo
727 1330 889 1383 supra
917 1309 1154 1381 ejusdem
1184 1326 1331 1360 oram

332 1408 578 1461 priorem.

399 1485 448 1519 2.
477 1469 594 1537 Quo
616 1470 881 1527 cinctum,-
915 1470 990 1517 sic
1014 1469 1166 1517 Rern.
1192 1462 1332 1516 Reli-

329 1550 420 1618 qui
442 1565 602 1621 quam
623 1566 667 1599 c.
696 1545 798 1599 sed
816 1547 1116 1599 Gronovius
1140 1544 1327 1617 (Thes.

324 1626 490 1678 Graev.
512 1624 614 1677 vol.
637 1627 731 1691 Vl,
755 1644 807 1697 p.
828 1624 1070 1694 692,-E.)
1092 1635 1333 1674 nostrum

327 1706 657 1774 conjecerat3
681 1704 1004 1767 necessario,
1030 1720 1195 1772 qsmm
1219 1699 1336 1751 abs-

331 1801 435 1854 qne
487 1781 589 1833 hac
638 1784 898 1852 scriptura
943 1779 1093 1831 locus
1140 1780 1333 1830 frustra

294 1873 561 1930 ‚tentetur
596 1861 836 1930 miroque
862 1862 970 1912 VV.
1005 1859 1120 1910 Dn.
1156 1875 1335 1908 errore

330 1938 622 2009 intelligere
641 1937 740 1990 sibi
763 1939 857 1989 visi
881 1939 985 1989 sint
1003 1934 1191 2001 verba,
1219 1952 1334 2006 quae

330 2020 585 2073 sententis
629 2016 787 2089 plane
828 2030 1023 2069 earent.
1066 2017 1335 2066 Permuta-

331 2102 562 2164 tionem,
601 2116 698 2169 per
740 2115 797 2149 se
833 2093 1197 2167 probabilem,
1238 2092 1337 2145 de-

330 2190 587 2231 monstrat
607 2179 663 2230 in
687 2175 831 2229 libris
851 2177 1180 2248 frequentem
1199 2176 1349 2227 Dram

329 2257 487 2311 kenb.
515 2257 583 2310 ad
605 2258 714 2308 Liv.
733 2258 829 2321 Vl,
859 2257 957 2321 35,
989 2272 1051 2324 9,
1089 2267 1142 2306 et
1170 2252 1333 2307 Goth.

331 2342 387 2391 in
420 2340 600 2390 Nostri
634 2339 723 2402 IV,
758 2353 804 2401 t,
836 2335 901 2403 47
928 2333 1020 2386 dat
1051 2351 1209 2407 quam
1235 2350 1335 2402 pro

332 2436 438 2491 qua
458 2415 583 2487 (tac.
607 2415 831 2478 Gesn.),
860 2412 953 2464 ubi
975 2411 1155 2463 eadem
1186 2423 1340 2462 ante-

333 2496 505 2562 cedit,
546 2508 606 2548 ut
644 2494 734 2547 hic
773 2510 1004 2565 quoque.
1044 2520 1111 2529 ·-
1158 2491 1337 2542 Nostri

330 2575 501 2629 codd.
527 2575 655 2627 dant
692 2573 781 2626 alii
812 2590 914 2644 qua
947 2572 1214 2634 cinctum,
1247 2570 1338 2621 alii

334 2673 494 2727 quam
517 2653 768 2705 cinctum.
798 2653 892 2703 En.

406 2733 457 2786 3.
487 2731 658 2784 Sinus.
680 2769 693 2781 .
714 2769 726 2782 .
756 2747 914 2800 supra
947 2728 1109 2780 imam
1142 2738 1337 2800 togam.

332 2813 515 2865 Sinum
543 2824 708 2880 toga,
747 2810 840 2880 qui
873 2806 1085 2879 quidem
1121 2810 1338 2878 proprie

332 2888 543 2951 dicitur,
555 2905 742 2939 cavum
754 2884 886 2939 illud
902 2884 1175 2957 appellari,
1192 2884 1338 2955 quod

335 2970 473 3021 infra
494 2984 651 3037 rugas
676 2968 731 3019 in
749 2979 968 3038 pectore
992 2977 1255 3017 tumentes
1275 2982 1338 3015 ex

337 3048 682 3118 capacissimo
745 3045 1057 3096 vestimento
1122 3044 1338 3094 interius

336 3127 548 3198 corpori
590 3124 903 3196 applicatur,
939 3121 1096 3191 vulgo
1140 3134 1191 3172 et
1227 3126 1338 3171 sine

336 3205 694 3261 controversia
717 3203 1035 3272 agnoscitur.
1061 3200 1159 3253 Cui
1183 3202 1340 3251 retio-

338 3288 396 3341 ui
422 3281 695 3355 quomodo
718 3294 975 3351 congruat
989 3318 1007 3347 ,
1024 3292 1087 3331 ut
1106 3296 1344 3348 unquam

339 3363 429 3416 hic
440 3364 584 3414 sinus
595 3363 651 3413 iu
660 3362 765 3413 ime
774 3373 901 3429 toga
910 3359 1133 3422 haeserit,
1148 3357 1345 3409 nedum

338 3454 401 3493 ut
419 3438 707 3511 aliquando
724 3437 808 3490 vel
838 3439 973 3491 infra
993 3456 1108 3490 eam
1127 3437 1345 3489 descen-

340 3517 477 3569 derit
496 3554 514 3582 ,
567 3533 903 3586 nequaquam
953 3517 1341 3569 comminiscor.

340 3597 608 3649 Ferrarius
630 3613 757 3647 sane
779 3597 833 3646 in
857 3613 1058 3647 summa
1082 3591 1173 3647 illa
1196 3608 1345 3664 toga·

340 3693 461 3727 rum
480 3673 692 3726 laxitate
715 3674 860 3726 sinus
878 3675 1115 3743 potuisse
1137 3673 1344 3742 longius

340 3753 509 3805 fluere
538 3749 794 3821 sig-nificat
808 3788 827 3815 ,
851 3749 994 3802 hunc
1017 3753 1189 3821 ipsum
1212 3763 1346 3801 trac-

342 3846 462 3884 tans
489 3830 672 3883 Nostri
696 3829 907 3893 locum;
939 3841 999 3879 ut
1023 3830 1161 3879 saeei
1185 3830 1347 3878 instar

344 3909 483 3960 iufra
496 3922 779 3960 extremam
793 3907 1037 3959 laciniam
1057 3904 1349 3976 pendulum

347 3989 522 4041 sinum
554 3987 657 4041 sibi
684 3987 896 4039 finxisse
923 3983 1182 4050 videatur,
1206 3984 1352 4057 quod

346 4065 542 4119 Fabius
564 4078 832 4137 tamquam
855 4064 1066 4117 mollius
1080 4064 1353 4145 improba-

347 4146 497 4198 verit.
521 4145 688 4199 (ἔνων.
713 4142 870 4199 Thes.
895 4144 1113 4209 voi.V1,
1138 4163 1190 4215 pa
1217 4144 1350 4213 694,

560 4232 612 4300 4.

1408 993 1467 1044 C.
1490 991 1660 1045 Aldus
1679 1013 1846 1066 nepos
1866 1010 2101 1063 assutos,
2120 996 2200 1049 vel
2216 1016 2415 1069 appen-

1398 1088 1499 1123 sos
1527 1074 1674 1123 sinus
1707 1074 1883 1124 animo
1917 1076 2180 1145 concipit,
2219 1078 2417 1128 nemini

1405 1152 1517 1221 jam
1560 1168 1712 1203 suam
1755 1154 2014 1205 rationem
2054 1154 2413 1226 probaturus:

1414 1247 1736 1300 quamquam
1773 1244 1826 1282 et
1861 1231 1966 1284 hoc
2005 1233 2167 1284 modo
2197 1234 2419 1305 intelligi

1412 1322 1571 1380 queat
1590 1311 1736 1362 sinus
1760 1314 1862 1362 ima
1887 1324 2008 1381 toga
2033 1313 2267 1379 inferior,
2285 1312 2413 1365 ibid.

1411 1402 1531 1458 pag.
1567 1390 1727 1457 1198,
1762 1392 1822 1440 A.
1863 1391 1974 1440 Hac
2013 1408 2070 1441 se.
2107 1390 2419 1444 difficultate

1412 1466 1580 1535 premi
1615 1467 1847 1518 sentiens
1869 1467 2167 1534 Gesnerus,
2203 1471 2257 1520 in
2295 1469 2421 1522 reli-

1414 1560 1639 1613 quorum
1675 1546 2017 1617 interpretum
2052 1546 2313 1599 levissimo
2348 1550 2420 1600 si·-

1413 1618 1606 1686 lentio,
1639 1623 1810 1673 sinum
1844 1622 1931 1675 hic
1967 1634 2097 1697 toqoe
2123 1625 2423 1697 intelligen-

1414 1700 1540 1753 dum
1583 1706 1822 1772 negavit,
1865 1718 1918 1756 et
1961 1707 2152 1758 tunicoe
2192 1707 2421 1779 aliquem

1413 1780 1588 1833 sinum
1615 1782 2010 1851 agnoscendum
2034 1788 2244 1851 statuit,
2266 1804 2421 1857 quem

1415 1861 1673 1929 significet
1709 1862 1937 1924 Nomen-3
1983 1878 2035 1915 et
2077 1868 2167 1935 qui
2207 1868 2421 1921 Caesaris

1416 1957 1632 2010 quoque
1658 1941 1815 1992 fuerit
1835 1944 2136 2009 morientis,
2162 1945 2423 2016 prodente

1415 2018 1669 2071 Suetonio
1687 2036 1736 2070 r.
1759 2020 1843 2073 82.
1866 2018 2027 2087 Quod
2050 2023 2339 2076 remedium
2362 2039 2422 2076 ut

1394 2098 1804 2171 periculosum,
1827 2102 1899 2151 ita
1926 2101 1993 2152 ab
2016 2101 2120 2154 hoc
2145 2102 2267 2155 loco
2293 2104 2420 2157 alie-

1415 2195 1543 2229 num
1582 2178 1857 2243 existimo,
1898 2197 2060 2250 quum
2096 2184 2287 2234 tunieae
2307 2185 2421 2252 jam

1414 2256 1593 2308 habita
1610 2259 1878 2311 mentione
1894 2271 2037 2311 totus
2055 2264 2265 2313 nuncin
2282 2268 2423 2314 com-

1414 2334 1663 2406 ponenda
1685 2349 1809 2405 toga
1823 2350 2056 2389 versetur
2073 2342 2316 2411 scriptor.
2338 2339 2422 2392 Ad

1416 2412 1648 2485 aliquem
1685 2417 1844 2484 igitur
1880 2418 2227 2469 mutationem
2260 2418 2423 2472 deve-

1417 2494 1538 2556 nio,
1566 2508 1724 2563 quam
1756 2495 1856 2545 nisi
1887 2497 2235 2547 necessariam
2258 2496 2425 2550 duce-

1417 2588 1525 2621 rem
1543 2609 1560 2637 ,
1583 2589 1652 2623 ne
1674 2571 1838 2623 verbo
1866 2573 2078 2644 quidem
2101 2575 2418 2630 indicat-emt

1418 2650 1648 2702 amioum
1689 2651 2054 2722 reponendum
2093 2672 2284 2706 censeo
2320 2675 2419 2727 pro

1418 2739 1609 2802 togam.
1637 2730 1695 2780 ln
1719 2730 1943 2801 genibus
1977 2734 2149 2784 sinum
2181 2734 2420 2788 desinere

1417 2809 1527 2859 vult
1562 2807 1788 2874 Fabius,
1827 2823 1879 2861 et
1915 2830 1985 2863 eoe
2024 2812 2264 2881 profecto
2299 2829 2420 2867 sunt

1413 2898 1611 2959 partes,
1640 2905 1770 2956 ques
1803 2889 1922 2939 sinu
1957 2889 2197 2940 abscondi
2223 2892 2420 2961 signifi·
2491 2902 2503 2909 “

1420 2978 1504 3016 cat
1523 2965 1789 3016 ,luvenalis
1809 2968 1906 3030 IX,
1923 2968 2004 3018 33.
2026 2968 2203 3019 Sentio
2217 3009 2233 3029 ,
2257 2988 2422 3040 quan·

1419 3057 1530 3094 tum
1582 3042 1922 3113 displicitura
1960 3048 2025 3095 sit
2080 3052 2423 3118 conjectura,

1422 3140 1535 3193 quw.
1570 3122 1777 3193 nigrum
1806 3122 1860 3172 in
1884 3123 2106 3174 candida
2139 3139 2326 3178 ver-ten·
2347 3131 2426 3180 vi-

1420 3199 1609 3258 det'urz
1658 3197 1745 3250 sed
1792 3212 1942 3249 tueor
1985 3219 2067 3251 me
2112 3207 2424 3256 anctoritate

1421 3277 1543 3329 Aldi
1578 3280 1820 3349 nepotis,
1858 3280 1948 3348 qui
1987 3279 2222 3331 eamdem
2264 3286 2426 3335 suasit

1423 3359 1765 3409 mutationem
1791 3359 1845 3409 in
1870 3356 1990 3410 loco
2014 3359 2106 3411 ino
2131 3360 2387 3413 Macrobii
2410 3383 2421 3414 ε

1423 3436 1540 3488 vide
1571 3435 1638 3487 ad
1666 3439 1713 3503 5.
1749 3436 1861 3504 ¹39·

1496 3516 1545 3581 4.
1566 3512 1858 3585 Aliquanto
1877 3534 2047 3586 supra.
2068 3518 2242 3569 Turio.
2266 3519 2426 3586 Pion,

1423 3594 1607 3665 aliquo
1637 3591 1793 3645 ultra.
1823 3593 2028 3657 Guelf.,
2050 3594 2231 3667 aliquo
2258 3615 2424 3668 super.

1424 3674 1548 3724 Mox
1584 3690 1749 3723 unum
1782 3692 1880 3744 pro
1913 3674 2072 3723 imam
2108 3674 2267 3726 Goth.
2299 3676 2424 3747 (tac.

1423 3750 1624 3816 Gesn.).
1644 3749 1777 3801 Vide
1801 3752 1964 3802 Benti.
1991 3750 2057 3802 ad
2087 3754 2212 3804 Hor.
2241 3753 2308 3805 ad
2326 3757 2427 3807 Pis.

1427 3830 1511 3880 32.
1557 3828 1642 3878 Ne
1677 3828 1997 3901 stmnqulet,
2031 3831 2184 3882 Voss.
2225 3832 2274 3883 3.
2318 3833 2430 3886 Nec

1427 3906 1683 3979 stragula,
1716 3908 1892 3958 Turio.
1927 3907 2066 3959 Flor.
2100 3910 2193 3961 Est
2227 3910 2314 3961 sed
2348 3924 2428 3977 et,

1432 3984 1610 4035 Ambr.
1631 3999 1659 4034 2
1681 3984 1793 4055 (qui
1813 3998 1986 4035 tamen
2007 3997 2078 4037 est
2097 4005 2125 4038 a
2147 4006 2250 4053 sec,
2271 4006 2431 4042 manu

1430 4062 1627 4116 habere
1651 4063 1891 4134 dicitur),
1906 4064 2176 4131 Guelferb.
2196 4068 2267 4118 Et
2283 4081 2430 4133 esset,

1430 4147 1583 4195 Voss.
1625 4159 1666 4205 t,
1696 4142 1744 4194 3.
1778 4142 2135 4212 Continentur,
2161 4147 2430 4200 Guelferb.

2088 4232 2152 4286 25
