3200 5159
574 455 587 468 ’
628 491 1279 559 ιΝεΤιΤυΤιοΝιε
1316 493 1573 559 ORAT.
1617 497 1777 561 LIB.
1817 497 1977 579 ΧΠ,
2027 523 2125 566 10.

2302 504 2419 569 531

256 651 265 657 ·
327 605 677 692 iiissimas¹
729 645 813 690 ex
858 618 1116 691 Groecis
1149 618 1455 691 litteras²
1499 646 1645 693 non
1693 620 2072 713 habemuS,
2118 626 2431 699 vocalem

323 736 644 826 alteram,
682 737 969 810 alteram
995 757 1535 828 consonantem,
1569 738 1828 837 quibus
1852 739 2062 812 nullae
2092 743 2279 842 apud
2312 772 2428 817 eos

328 850 602 925 dulcius
622 852 920 952 spirant3
950 877 1122 948 quas
1146 851 1453 923 mutuari
1481 853 1787 926 solemus
1805 910 1824 945 ,
1850 855 2117 953 quoties
2148 851 2432 929 illorum

332 965 794 1041 nominibus3
848 965 1134 1039 utimur.
1186 965 1401 1058 Quod
1453 995 1680 1067 quum
1730 969 2074 1099 contingit
2090 969 2147 1061 4,
2199 972 2433 1046 nescio
2472 978 2539 1031 ²8

327 1082 685 1180 quomodo
711 1080 1033 1154 hilarior⁵
1061 1081 1380 1180 protinus
1400 1083 1669 1155 renidet
1690 1085 1942 1179 oratio,
1976 1107 2056 1159 ut
2090 1088 2165 1159 in
2186 1091 2256 1160 E
2252 1086 2438 1190 phy-

329 1199 463 1273 ris⁶
514 1223 582 1274 et
616 1198 1063 1302 Zephyris7:

333 1383 510 1417 amus.
546 1367 745 1417 „Mox
790 1364 953 1417 altera
998 1377 1149 1436 parte
1190 1362 1342 1415 aliter

326 1389 612 1497 constit-iia
623 1483 641 1511 ,
654 1448 801 1517 prius
814 1443 945 1496 illud
958 1454 1011 1496 et
1022 1439 1343 1496 dvanam‘so-

322 1545 400 1578 σου
424 1525 667 1577 relictum
700 1536 796 1577 est.

404 1621 448 1656 1.
480 1603 955 1657 Jucundissimas...
982 1601 1194 1655 litteras.
1234 1602 1341 1653 Has

326 1702 441 1735 esse
464 1705 493 1734 υ
516 1697 567 1735 et
589 1700 652 1748 φ,
682 1702 793 1735 non
815 1702 913 1754 per
945 1681 1183 1753 exempla
1223 1694 1340 1732 tan-

325 1775 440 1814 tum
455 1760 601 1833 (quae
613 1761 897 1833 depravata
912 1760 1188 1833 hucusque
1202 1760 1338 1812 lecta

328 1853 491 1905 sunt,
526 1839 646 1892 vide
685 1852 819 1892 nott.
861 1839 1059 1911 seqq),
1093 1834 1186 1889 sed
1228 1857 1341 1889 cer-

326 1923 431 1973 tius
465 1940 527 1973 ex
564 1922 625 1971 iis
642 1933 808 1991 patet
852 1938 987 1989 quae
1011 1918 1079 1970 de
1114 1916 1348 1988 litteras

326 2019 449 2053 mox
473 2003 545 2052 ita
569 2000 781 2072 subjicit
802 2000 986 2076 Quint.
1014 2012 1071 2050 ut
1092 2017 1249 2050 neces
1253 2017 1339 2050 sa-

326 2081 406 2132 rio
431 2099 553 2132 cum
574 2078 657 2130 his
680 2077 894 2131 vinculo
924 2063 1336 2146 conjungamur.

326 2160 482 2211 Certe
510 2158 609 2210 illis
634 2160 723 2231 qui
749 2156 816 2209 de
841 2156 1014 2209 littera
1040 2176 1066 2205 z
1088 2155 1175 2206 hic
1198 2157 1340 2225 cogi-

326 2237 539 2303 tabant,
559 2236 663 2289 hoc
688 2239 875 2303 etiam,
903 2249 962 2287 ut
990 2249 1133 2286 recte
1157 2248 1339 2286 monet

324 2318 542 2370 Gesner.
562 2354 580 2381 ‚
610 2316 888 2380 obstabat,
927 2312 1074 2385 quod
1109 2312 1220 2365 haec
1249 2314 1338 2365 lit-

326 2409 438 2448 tera
462 2398 517 2447 in
538 2394 755 2447 latinam
782 2393 1011 2459 nullam,
1032 2414 1053 2438 οι
1071 2411 1175 2463 qua
1198 2394 1339 2446 Grae·

330 2496 353 2521 a
373 2475 453 2527 cia
483 2487 685 2537 careat,
712 2497 734 2520 n
762 2473 961 2523 transit.

398 2571 447 2605 a.
470 2553 705 2606 Litteras.
722 2550 982 2615 Gotlian„
1002 2547 1176 2601 literis.
1200 2550 1338 2602 Ante

326 2633 522 2686 litteras
564 2644 744 2684 autem
791 2630 937 2684 editt.
992 2629 1196 2701 aliquot
1246 2648 1332 2700 ap.

324 2715 502 2764 Burm.
522 2724 573 2763 et
583 2711 765 2775 Gesn.‚
781 2708 975 2782 quibus
989 2707 1124 2760 adde
1135 2707 1333 2779 Gryph.

333 2789 495 2856 1544,
528 2792 764 2842 inserunt
796 2810 825 2839 υ
849 2799 901 2838 et
923 2788 956 2855 ξ
973 2806 1035 2838 ex
1060 2788 1332 2858 interpret.

323 2870 451 2921 Mox
466 2867 683 2922 alteram
700 2867 863 2920 semel
877 2870 1110 2939 positum
1127 2868 1178 2917 in
1196 2866 1332 2918 Flor.

325 2949 469 3000 Jens.
511 2961 563 3000 et
598 2947 801 3018 aliquot
829 2959 969 3018 post.
1016 2946 1199 2997 Dulcis
1233 2947 1335 3017 spi-

324 3037 474 3093 rant,
498 3026 635 3077 Flor.

398 3105 448 3157 3.
480 3104 811 3158 Nominibus.
836 3102 917 3154 De
938 3104 1198 3172 propriis,
1227 3120 1335 3152 non

326 3183 452 3235 solis
478 3182 717 3254 quidem,
762 3179 854 3232 sed
891 3180 1128 3251 inprimis
1163 3191 1336 3230 tamen

328 3263 671 3335 cogitandum
696 3274 750 3313 et
771 3260 859 3312 hic
885 3272 937 3310 et
957 3260 1006 3326 S.
1033 3258 1118 3309 33.

400 3345 451 3412 4.
477 3346 650 3415 Quum
672 3341 943 3415 continyit.
974 3341 1148 3391 Tur-ic.
1166 3338 1338 3406 Flor.,

326 3442 449 3476 cum
474 3421 722 3496 contiqit,
759 3440 881 3474 cum
909 3419 1045 3471 Alm.
1077 3418 1336 3470 levissimo

328 3504 467 3554 inter
506 3504 709 3573 apicem
754 3513 806 3552 et
849 3510 1110 3570 punctum
1154 3497 1340 3548 discri-

327 3584 487 3633 mine.
516 3582 708 3651 Aptius
728 3593 906 3631 autem
930 3595 1176 3651 praesens.
1202 3579 1339 3628 Nam

327 3663 458 3715 dum
495 3661 919 3732 pronunciantur
952 3656 1162 3723 litterae,
1210 3659 1338 3710 effe-

332 3755 450 3794 ctus
483 3741 573 3794 ille
598 3742 836 3793 sentitur.
866 3738 1133 3805 Necessio,
1158 3739 1336 3790 Turic.

328 3821 562 3873 Florent-

404 3900 454 3951 5.
487 3896 758 3968 Quomodo
784 3893 1029 3958 hilarior-‚-
1057 3897 1132 3947 sic
1160 3896 1338 3947 Turic.

330 3976 563 4029 Florent.
578 3976 808 4028 Gothan.
826 3974 987 4026 Cim».
1007 3988 1060 4026 et
1079 3973 1198 4026 edd.
1218 3988 1340 4026 ante

331 4052 532 4126 Gryph.
560 4052 719 4106 Velut
744 4055 979 4105 inserunt
1004 4052 1210 4124 reliqui.
1240 4055 1342 4105 Pro

333 4131 532 4183 renidet
549 4131 707 4184 Goth.
731 4153 783 4184 re
802 4151 924 4184 cum
950 4150 1117 4184 vacuo
1142 4133 1343 4202 spatio,

332 4225 394 4264 ut
428 4214 485 4264 in
505 4212 659 4266 Voss.
698 4229 755 4274 25
785 4211 881 4265 sed
914 4214 972 4266 in
994 4211 1086 4264 illo
1116 4214 1346 4284 spatium

1123 1226 1275 1299 quae
1328 1198 1383 1272 si
1428 1201 1676 1273 nostris
1722 1200 1963 1278 litteris
2005 1203 2434 1328 scribantur,

1418 1384 1519 1436 pro
1543 1364 1757 1438 syllabis
1783 1367 1927 1419 uidet
1947 1368 2186 1420 nimium.
2227 1368 2296 1418 At
2319 1386 2439 1419 ver-

1421 1442 1550 1494 bum
1568 1458 1842 1515 receptum
1859 1457 2073 1498 tuentur
2092 1448 2281 1517 optimi
2295 1444 2433 1498 libri.

1420 1552 1493 1562 —
1520 1524 1665 1575 Avic.
1709 1524 1858 1576 Poul.
1896 1525 2003 1576 RR.
2034 1525 2095 1592 3,
2134 1526 2196 1591 5,
2230 1526 2433 1577 renitet.

1421 1601 1608 1653 Caeteri
1632 1602 1845 1655 renidet.
1865 1604 1957 1656 En.

1490 1683 1542 1734 6.
1584 1680 1833 1753 Ephyris.
1878 1683 2069 1756 Populi
2108 1702 2306 1736 nomen
2347 1684 2433 1735 in-

1416 1760 1636 1831 telligo,
1621 1782 1635 1794 ·
1704 1779 2024 1833 quamquam
2085 1762 2160 1815 nil
2214 1761 2439 1834 impedit

1415 1839 1662 1912 Ephyras
1685 1844 1841 1893 etiam
1867 1842 2024 1895 urbes
2054 1845 2304 1912 cogitare.

1492 1940 1541 1991 7.
1558 1921 1789 1992 Ephyris
1802 1934 1849 1975 et
1866 1922 2144 1993 Zephyris:
2168 1940 2312 1994 quoe3
2329 1924 2434 1988 sic,

1418 2001 1516 2051 nisi
1550 2000 1696 2070 quod
1720 2013 2006 2071 utrumque
2034 2019 2231 2054 nomen
2260 2022 2368 2094 per.
2381 2002 2402 2052 i
2416 2039 2436 2070 ,

1417 2080 1692 2131 Turicens.
1722 2079 1867 2131 Flor.
1912 2099 2138 2150 quorum
2169 2083 2438 2152 posterior

1416 2159 1661 2210 voculam
1678 2177 1793 2231 quoe
1811 2158 1912 2211 hac
1927 2160 2099 2211 forma
2111 2199 2128 2226 ,
2144 2179 2266 2232 que,
2284 2160 2437 2213 alteri

1419 2240 1622 2290 nomini
1648 2241 1896 2290 annectit.
1921 2239 2178 2311 Zephyris
2200 2239 2441 2310 zephiris-

1419 2333 1520 2388 (με
1535 2335 1597 2368 ex
1619 2317 1754 2369 Alm.
1776 2320 1932 2369 Voss.
1957 2335 1983 2369 2
1998 2356 2014 2383 ,
2040 2337 2150 2370 non
2174 2320 2436 2371 referente

1418 2397 1750 2465 BurmannO,
1781 2415 1849 2447 an
1879 2415 2076 2448 novum
2098 2413 2215 2468 quoe
2243 2415 2438 2467 sequa-

1419 2487 1532 2524 tur:
1561 2473 1722 2526 credo
1739 2485 1940 2536 tamen3
1961 2493 2083 2526 nam
2099 2476 2173 2525 sic
2193 2475 2247 2525 in
2267 2473 2432 2527 Goth.

1419 2553 1671 2624 Zephyris
1702 2553 2020 2625 zephirisque
2043 2569 2161 2624 quoe
2187 2552 2436 2622 (tacente

1417 2632 1576 2682 Gesn.
1589 2629 1627 2700 ).
1643 2630 1807 2701 Zeph.
1828 2631 2086 2704 Zophyris
2098 2650 2234 2702 quoe,
2254 2630 2432 2684 Guelf.

1418 2710 1656 2780 Zephiris
1683 2710 2039 2782 zophyrisque.
2074 2711 2226 2781 Quoe,
2266 2712 2430 2764 Cam».

1416 2787 1616 2861 Gryph.
1658 2789 1792 2855 1544
1829 2787 1964 2859 (sed
2009 2789 2097 2840 hic
2147 2803 2434 2861 utrumque

1414 2887 1512 2939 per
1522 2887 1566 2938 y
1580 2868 1619 2939 ).
1645 2870 1707 2919 Z.
1731 2871 2195 2941 zopyn'squequoe,
2215 2871 2359 2921 Jens.
2379 2882 2446 2921 et·

1416 2946 1562 2998 editt.
1588 2960 1729 3018 post.
1762 2960 1884 2997 ante
1922 2945 2123 3019 Gryph.
2163 2944 2314 3013 1544.
2353 2950 2434 3000 Ex

1416 3028 1567 3075 Voss.
1594 3026 1627 3078 3
1653 3024 1882 3095 Zephyri
1905 3025 2126 3076 affertur
2148 3044 2246 3095 pro
2268 3027 2434 3096 priori

1415 3107 1656 3168 nomine,
1687 3103 1851 3155 altero
1878 3122 1985 3154 non
2006 3118 2314 3158 memorato,
2336 3107 2434 3158 Ze·

1412 3182 1594 3254 phyris
1612 3193 1662 3233 et
1683 3182 1931 3255 Zopyris‚
1957 3202 2092 3257 quse,
2119 3186 2334 3257 reliqui,
2366 3206 2431 3240 ex

1418 3260 1537 3313 edd.
1557 3263 1686 3313 meis
1700 3261 1825 3314 inde
1840 3281 1868 3313 a
1889 3263 2057 3315 Stoer.
2083 3266 2321 3335 Apparet
2335 3285 2431 3318 no-

1418 3359 1538 3393 men
1567 3341 1788 3412 Zopyris
1817 3343 1924 3406 fere
1949 3341 2093 3394 nulla
2118 3345 2215 3396 niu·
2238 3358 2452 3414 aucto-¹

1417 3421 1607 3486 ritate,
1651 3421 1749 3471 nisi
1778 3422 1832 3471 in
1871 3439 1979 3472 uno
2024 3421 2254 3476 alterove
2291 3425 2431 3479 forte

1419 3517 1605 3550 eorum
1632 3497 1778 3550 MSS.
1812 3501 1905 3570 qui
1926 3499 2148 3552 silentur
2168 3505 2242 3553 ita
2267 3506 2433 3576 scrip-

1418 3592 1532 3630 tum
1572 3591 1667 3630 est.
1710 3580 1851 3630 Fons
1899 3593 2074 3632 autem
2119 3585 2433 3658 corruptelas

1420 3641 1750 3710 manifestus.
1768 3661 1904 3710 Nam
1917 3662 2132 3713 nomine
2143 3661 2437 3734 Ephyrisin

1418 3738 1655 3807 repetitis
1679 3736 1779 3788 illis
1810 3736 2063 3810 Zephyris
2088 3738 2251 3791 semel
2277 3740 2438 3791 oblit-
2502 3759 2516 3782 ι

1418 3828 1619 3880 terato,
1649 3816 1841 3868 sensim
1866 3815 1989 3867 inde
2015 3820 2156 3869 enati
2179 3832 2302 3870 sunt
2329 3820 2435 3871 Zo-

1415 3895 1564 3968 pyri,
1585 3896 1806 3963 juvante
1825 3896 1983 3947 simul
1999 3896 2128 3949 falsa
2151 3901 2434 3969 opinione,

1422 3975 1641 4027 alteram
1655 3973 1880 4027 litteram
1899 3995 2012 4030 esse
2026 3998 2071 4030 z.
2091 3978 2254 4045 Quod
2270 3998 2435 4050 quum

1423 4072 1453 4106 e
1474 4072 1625 4126 seqq.
1642 4074 1753 4106 non
1777 4057 1848 4107 ita
1865 4074 1976 4108 esse
1997 4072 2278 4128 appareat,
2303 4058 2436 4111 nihil

1422 4135 1654 4204 ineptius
1683 4134 1807 4202 tingi
1843 4148 2020 4207 potest
2049 4136 2151 4188 illis
2183 4139 2435 4210 Zopyris,

1427 4215 1518 4284 qui
1534 4232 1693 4266 unam
1709 4228 1914 4270 tamum
1926 4234 1990 4269 ex
2003 4214 2105 4267 illis
2116 4215 2301 4271 litteris
2315 4238 2441 4290 prae-

2103 4305 2190 4372 34.
