<?xml version="1.0" encoding="UTF-8"?>
<!DOCTYPE html PUBLIC "-//W3C//DTD XHTML 1.0 Transitional//EN"
    "http://www.w3.org/TR/xhtml1/DTD/xhtml1-transitional.dtd">
<html xmlns="http://www.w3.org/1999/xhtml" xml:lang="en" lang="en">
 <head>
  <title>
</title>
<meta http-equiv="Content-Type" content="text/html;charset=utf-8" />
  <meta name='ocr-system' content='tesseract 3.04.00' />
  <meta name='ocr-capabilities' content='ocr_page ocr_carea ocr_par ocr_line ocrx_word'/>
</head>
<body>
  <div class='ocr_page' id='page_1' title='image "./deinstitutioneo00unkngoog_0217.png"; bbox 0 0 3200 5159; ppageno 0'>
   <div class='ocr_carea' id='block_1_1' title="bbox 732 474 2129 557">
    <p class='ocr_par' dir='ltr' id='par_1_1' title="bbox 732 474 2129 557">
     <span class='ocr_line' id='line_1_1' title="bbox 732 474 2129 557; baseline 0.001 -14"><span class='ocrx_word' id='word_1_1' title='bbox 732 474 1390 544; x_wconf 77' lang='lat' dir='ltr'>INSTITUTIONIS</span> <span class='ocrx_word' id='word_1_2' title='bbox 1431 476 1686 542; x_wconf 81' lang='lat' dir='ltr'><strong>ORAT.</strong></span> <span class='ocrx_word' id='word_1_3' title='bbox 1730 476 1894 541; x_wconf 89' lang='lat' dir='ltr'><strong>LIB.</strong></span> <span class='ocrx_word' id='word_1_4' title='bbox 1933 478 2022 557; x_wconf 90' lang='lat' dir='ltr'><strong>X,</strong></span> <span class='ocrx_word' id='word_1_5' title='bbox 2067 477 2129 544; x_wconf 88' lang='lat'><strong>6.</strong></span> 
     </span>
    </p>
   </div>
   <div class='ocr_carea' id='block_1_2' title="bbox 370 598 2487 1742">
    <p class='ocr_par' dir='ltr' id='par_1_2' title="bbox 370 598 2487 1742">
     <span class='ocr_line' id='line_1_2' title="bbox 371 598 2487 700; baseline 0.002 -31"><span class='ocrx_word' id='word_1_6' title='bbox 371 618 509 671; x_wconf 86' lang='lat' dir='ltr'><strong>tur.</strong></span> <span class='ocrx_word' id='word_1_7' title='bbox 549 598 684 672; x_wconf 81' lang='lat' dir='ltr'><strong>Sed</strong></span> <span class='ocrx_word' id='word_1_8' title='bbox 729 627 818 673; x_wconf 89' lang='lat' dir='ltr'><strong>ne</strong></span> <span class='ocrx_word' id='word_1_9' title='bbox 868 599 956 672; x_wconf 78' lang='lat' dir='ltr'><strong>ad</strong></span> <span class='ocrx_word' id='word_1_10' title='bbox 998 599 1180 672; x_wconf 84' lang='lat' dir='ltr'><strong>hanc</strong></span> <span class='ocrx_word' id='word_1_11' title='bbox 1223 598 1511 698; x_wconf 89' lang='lat' dir='ltr'><strong>quidem</strong></span> <span class='ocrx_word' id='word_1_12' title='bbox 1555 600 1696 670; x_wconf 85' lang='lat' dir='ltr'><strong>vim</strong></span> <span class='ocrx_word' id='word_1_13' title='bbox 1742 599 2097 699; x_wconf 82' lang='lat' dir='ltr'><strong>cogitandi</strong></span> <span class='ocrx_word' id='word_1_14' title='bbox 2143 602 2487 700; x_wconf 81' lang='lat' dir='ltr'><strong>perveniri</strong></span> 
     </span>
     <span class='ocr_line' id='line_1_3' title="bbox 375 712 2484 813; baseline 0.002 -30"><span class='ocrx_word' id='word_1_15' title='bbox 375 733 598 810; x_wconf 81' lang='lat' dir='ltr'><strong>potest</strong></span> <span class='ocrx_word' id='word_1_16' title='bbox 621 735 748 786; x_wconf 86' lang='lat' dir='ltr'><strong>aut</strong></span> <span class='ocrx_word' id='word_1_17' title='bbox 763 713 1031 805; x_wconf 87' lang='lat' dir='ltr'><strong>subito,</strong></span> <span class='ocrx_word' id='word_1_18' title='bbox 1056 735 1181 787; x_wconf 85' lang='lat' dir='ltr'><strong>aut</strong></span> <span class='ocrx_word' id='word_1_19' title='bbox 1198 713 1362 787; x_wconf 87' lang='lat' dir='ltr'><strong>cito:</strong></span> <span class='ocrx_word' id='word_1_20' title='bbox 1388 741 1555 785; x_wconf 85' lang='lat' dir='ltr'><strong>nam</strong></span> <span class='ocrx_word' id='word_1_21' title='bbox 1582 712 1898 813; x_wconf 85' lang='lat' dir='ltr'><strong>primum</strong></span> <span class='ocrx_word' id='word_1_22' title='bbox 1921 716 2241 789; x_wconf 84' lang='lat' dir='ltr'><strong>facienda</strong></span> <span class='ocrx_word' id='word_1_23' title='bbox 2260 716 2484 788; x_wconf 85' lang='lat' dir='ltr'><strong>multo</strong></span> 
     </span>
     <span class='ocr_line' id='line_1_4' title="bbox 371 826 2479 929; baseline 0.002 -32"><span class='ocrx_word' id='word_1_24' title='bbox 371 826 572 900; x_wconf 83' lang='lat' dir='ltr'><strong>stilo¹</strong></span> <span class='ocrx_word' id='word_1_25' title='bbox 610 828 837 901; x_wconf 88' lang='lat' dir='ltr'><strong>forma</strong></span> <span class='ocrx_word' id='word_1_26' title='bbox 871 850 1004 920; x_wconf 88' lang='lat' dir='ltr'><strong>est,</strong></span> <span class='ocrx_word' id='word_1_27' title='bbox 1040 856 1195 928; x_wconf 85' lang='lat' dir='ltr'><strong>quae</strong></span> <span class='ocrx_word' id='word_1_28' title='bbox 1236 856 1363 902; x_wconf 87' lang='lat' dir='ltr'><strong>nos</strong></span> <span class='ocrx_word' id='word_1_29' title='bbox 1402 827 1615 901; x_wconf 80' lang='lat' dir='ltr'><strong>etiam</strong></span> <span class='ocrx_word' id='word_1_30' title='bbox 1651 828 2070 928; x_wconf 77' lang='lat' dir='ltr'><strong>cogitantes²</strong></span> <span class='ocrx_word' id='word_1_31' title='bbox 2110 851 2441 929; x_wconf 82' lang='lat' dir='ltr'><strong>sequatur</strong></span> <span class='ocrx_word' id='word_1_32' title='bbox 2463 862 2479 919; x_wconf 90' lang='lat'>;</span> 
     </span>
     <span class='ocr_line' id='line_1_5' title="bbox 373 942 2481 1044; baseline 0.001 -30"><span class='ocrx_word' id='word_1_33' title='bbox 373 963 528 1014; x_wconf 81' lang='lat' dir='ltr'><strong>tum</strong></span> <span class='ocrx_word' id='word_1_34' title='bbox 586 945 1050 1018; x_wconf 75' lang='lat' dir='ltr'><strong>assumendus</strong></span> <span class='ocrx_word' id='word_1_35' title='bbox 1104 971 1272 1017; x_wconf 86' lang='lat' dir='ltr'><strong>usus</strong></span> <span class='ocrx_word' id='word_1_36' title='bbox 1327 942 1666 1044; x_wconf 84' lang='lat' dir='ltr'><strong>paulatim</strong></span> <span class='ocrx_word' id='word_1_37' title='bbox 1688 1000 1707 1032; x_wconf 89' lang='grc'>,</span> <span class='ocrx_word' id='word_1_38' title='bbox 1758 965 1834 1015; x_wconf 90' lang='lat' dir='ltr'><strong>ut</strong></span> <span class='ocrx_word' id='word_1_39' title='bbox 1889 946 2120 1043; x_wconf 82' lang='lat' dir='ltr'><strong>pauca&#39;</strong></span> <span class='ocrx_word' id='word_1_40' title='bbox 2167 946 2481 1044; x_wconf 87' lang='lat' dir='ltr'><strong>primum</strong></span> 
     </span>
     <span class='ocr_line' id='line_1_6' title="bbox 374 1056 2486 1158; baseline 0.002 -30"><span class='ocrx_word' id='word_1_41' title='bbox 374 1058 930 1158; x_wconf 81' lang='lat' dir='ltr'><strong>complectamur</strong></span> <span class='ocrx_word' id='word_1_42' title='bbox 956 1059 1198 1132; x_wconf 83' lang='lat' dir='ltr'><strong>animo</strong></span> <span class='ocrx_word' id='word_1_43' title='bbox 1216 1115 1236 1149; x_wconf 86' lang='lat'>‚</span> <span class='ocrx_word' id='word_1_44' title='bbox 1267 1086 1423 1157; x_wconf 86' lang='lat' dir='ltr'><strong>quae</strong></span> <span class='ocrx_word' id='word_1_45' title='bbox 1449 1058 1643 1130; x_wconf 87' lang='lat' dir='ltr'>reddi</span> <span class='ocrx_word' id='word_1_46' title='bbox 1675 1056 1968 1131; x_wconf 86' lang='lat' dir='ltr'><strong>fideliter</strong></span> <span class='ocrx_word' id='word_1_47' title='bbox 1990 1060 2293 1158; x_wconf 83' lang='lat' dir='ltr'><strong>possint;</strong></span> <span class='ocrx_word' id='word_1_48' title='bbox 2322 1087 2486 1132; x_wconf 79' lang='lat' dir='ltr'><strong>mox</strong></span> 
     </span>
     <span class='ocr_line' id='line_1_7' title="bbox 372 1173 2482 1271; baseline 0.001 -28"><span class='ocrx_word' id='word_1_49' title='bbox 372 1199 501 1271; x_wconf 87' lang='lat' dir='ltr'><strong>per</strong></span> <span class='ocrx_word' id='word_1_50' title='bbox 541 1173 975 1248; x_wconf 86' lang='lat' dir='ltr'><strong>incrementa</strong></span> <span class='ocrx_word' id='word_1_51' title='bbox 1018 1198 1160 1248; x_wconf 82' lang='lat' dir='ltr'><strong>tam</strong></span> <span class='ocrx_word' id='word_1_52' title='bbox 1204 1176 1479 1248; x_wconf 85' lang='lat' dir='ltr'><strong>modica</strong></span> <span class='ocrx_word' id='word_1_53' title='bbox 1498 1173 1551 1264; x_wconf 82' lang='grc'>3,</span> <span class='ocrx_word' id='word_1_54' title='bbox 1593 1195 1675 1246; x_wconf 88' lang='lat' dir='ltr'><strong>ut</strong></span> <span class='ocrx_word' id='word_1_55' title='bbox 1717 1174 1991 1247; x_wconf 83' lang='lat' dir='ltr'><strong>onerari</strong></span> <span class='ocrx_word' id='word_1_56' title='bbox 2029 1202 2100 1247; x_wconf 86' lang='lat' dir='ltr'><strong>se</strong></span> <span class='ocrx_word' id='word_1_57' title='bbox 2136 1174 2335 1247; x_wconf 81' lang='lat' dir='ltr'><strong>labor</strong></span> <span class='ocrx_word' id='word_1_58' title='bbox 2367 1174 2482 1247; x_wconf 90' lang='lat' dir='ltr'><strong>ille</strong></span> 
     </span>
     <span class='ocr_line' id='line_1_8' title="bbox 375 1288 2486 1390; baseline 0.001 -31"><span class='ocrx_word' id='word_1_59' title='bbox 375 1314 522 1360; x_wconf 90' lang='lat' dir='ltr'><strong>non</strong></span> <span class='ocrx_word' id='word_1_60' title='bbox 557 1290 840 1380; x_wconf 81' lang='lat' dir='ltr'><strong>sentiat,</strong></span> <span class='ocrx_word' id='word_1_61' title='bbox 872 1290 1195 1390; x_wconf 77' lang='lat' dir='ltr'><strong>augenda</strong></span> <span class='ocrx_word' id='word_1_62' title='bbox 1225 1291 1324 1363; x_wconf 86' lang='lat' dir='ltr'><strong>vis</strong></span> <span class='ocrx_word' id='word_1_63' title='bbox 1340 1289 1396 1381; x_wconf 76' lang='grc'>4,</span> <span class='ocrx_word' id='word_1_64' title='bbox 1429 1311 1500 1363; x_wconf 91' lang='lat' dir='ltr'><strong>et</strong></span> <span class='ocrx_word' id='word_1_65' title='bbox 1536 1288 2019 1362; x_wconf 84' lang='lat' dir='ltr'><strong>exercitatione</strong></span> <span class='ocrx_word' id='word_1_66' title='bbox 2059 1291 2284 1363; x_wconf 86' lang='lat' dir='ltr'><strong>multa</strong></span> <span class='ocrx_word' id='word_1_67' title='bbox 2318 1317 2486 1362; x_wconf 91' lang='lat' dir='ltr'><strong>con-</strong></span> 
     </span>
     <span class='ocr_line' id='line_1_9' title="bbox 370 1405 2486 1507; baseline 0 -29"><span class='ocrx_word' id='word_1_68' title='bbox 370 1405 663 1479; x_wconf 81' lang='lat' dir='ltr'><strong>tinenda</strong></span> <span class='ocrx_word' id='word_1_69' title='bbox 704 1406 878 1497; x_wconf 84' lang='lat' dir='ltr'><strong>est⁵‚</strong></span> <span class='ocrx_word' id='word_1_70' title='bbox 913 1434 1068 1507; x_wconf 83' lang='lat' dir='ltr'><strong>quae</strong></span> <span class='ocrx_word' id='word_1_71' title='bbox 1116 1407 1406 1507; x_wconf 87' lang='lat' dir='ltr'><strong>quidem</strong></span> <span class='ocrx_word' id='word_1_72' title='bbox 1453 1406 1756 1478; x_wconf 82' lang='lat' dir='ltr'><strong>maxima</strong></span> <span class='ocrx_word' id='word_1_73' title='bbox 1790 1434 1872 1479; x_wconf 86' lang='lat' dir='ltr'><strong>ex</strong></span> <span class='ocrx_word' id='word_1_74' title='bbox 1909 1427 2106 1505; x_wconf 79' lang='lat' dir='ltr'><strong>parte</strong></span> <span class='ocrx_word' id='word_1_75' title='bbox 2142 1407 2486 1479; x_wconf 77' lang='lat' dir='ltr'><strong>memoria</strong></span> 
     </span>
     <span class='ocr_line' id='line_1_10' title="bbox 375 1514 2483 1624; baseline 0.001 -30"><span class='ocrx_word' id='word_1_76' title='bbox 375 1544 679 1596; x_wconf 85' lang='lat' dir='ltr'><strong>constat:</strong></span> <span class='ocrx_word' id='word_1_77' title='bbox 706 1514 1003 1624; x_wconf 84' lang='lat' dir='ltr'><strong>ideoque</strong></span> <span class='ocrx_word' id='word_1_78' title='bbox 1029 1523 1264 1623; x_wconf 81' lang='lat' dir='ltr'><strong>aliqua</strong></span> <span class='ocrx_word' id='word_1_79' title='bbox 1292 1520 1468 1595; x_wconf 86' lang='lat' dir='ltr'><strong>mihi</strong></span> <span class='ocrx_word' id='word_1_80' title='bbox 1494 1522 1564 1593; x_wconf 93' lang='lat' dir='ltr'><strong>in</strong></span> <span class='ocrx_word' id='word_1_81' title='bbox 1595 1521 1801 1594; x_wconf 88' lang='lat' dir='ltr'><strong>illum</strong></span> <span class='ocrx_word' id='word_1_82' title='bbox 1827 1522 2064 1594; x_wconf 91' lang='lat' dir='ltr'><strong>locum</strong></span> <span class='ocrx_word' id='word_1_83' title='bbox 2092 1522 2483 1596; x_wconf 87' lang='lat' dir='ltr'><strong>differenda</strong></span> 
     </span>
     <span class='ocr_line' id='line_1_11' title="bbox 377 1639 2484 1742; baseline 0.001 -31"><span class='ocrx_word' id='word_1_84' title='bbox 377 1660 565 1714; x_wconf 85' lang='lat' dir='ltr'><strong>sunt.</strong></span> <span class='ocrx_word' id='word_1_85' title='bbox 590 1642 693 1713; x_wconf 90' lang='lat' dir='ltr'><strong>Eo</strong></span> <span class='ocrx_word' id='word_1_86' title='bbox 727 1662 961 1714; x_wconf 85' lang='lat' dir='ltr'><strong>tamen</strong></span> <span class='ocrx_word' id='word_1_87' title='bbox 1000 1641 1311 1742; x_wconf 89' lang='lat' dir='ltr'><strong>pervenit</strong></span> <span class='ocrx_word' id='word_1_88' title='bbox 1329 1639 1383 1730; x_wconf 83' lang='lat'><strong>⁶,</strong></span> <span class='ocrx_word' id='word_1_89' title='bbox 1416 1661 1494 1712; x_wconf 91' lang='lat' dir='ltr'><strong>ut</strong></span> <span class='ocrx_word' id='word_1_90' title='bbox 1527 1639 1620 1729; x_wconf 84' lang='lat' dir='ltr'><strong>is,</strong></span> <span class='ocrx_word' id='word_1_91' title='bbox 1653 1639 1766 1711; x_wconf 90' lang='lat' dir='ltr'><strong>cui</strong></span> <span class='ocrx_word' id='word_1_92' title='bbox 1801 1666 1943 1711; x_wconf 90' lang='lat' dir='ltr'><strong>non</strong></span> <span class='ocrx_word' id='word_1_93' title='bbox 1978 1641 2358 1739; x_wconf 77' lang='lat' dir='ltr'><strong>refrage’tur</strong></span> <span class='ocrx_word' id='word_1_94' title='bbox 2386 1642 2484 1714; x_wconf 89' lang='lat' dir='ltr'><strong>in·</strong></span> 
     </span>
    </p>
   </div>
   <div class='ocr_carea' id='block_1_3' title="bbox 2363 477 2486 568">
    <p class='ocr_par' dir='ltr' id='par_1_3' title="bbox 2363 477 2486 568">
     <span class='ocr_line' id='line_1_12' title="bbox 2363 477 2486 568; baseline 0.016 -26"><span class='ocrx_word' id='word_1_95' title='bbox 2363 477 2486 568; x_wconf 76' lang='lat'><strong>173</strong></span> 
     </span>
    </p>
   </div>
   <div class='ocr_carea' id='block_1_4' title="bbox 377 1816 2484 1970">
    <p class='ocr_par' dir='ltr' id='par_1_4' title="bbox 377 1816 2484 1970">
     <span class='ocr_line' id='line_1_13' title="bbox 441 1816 2484 1892; baseline 0 -23"><span class='ocrx_word' id='word_1_96' title='bbox 441 1835 503 1869; x_wconf 75' lang='lat'><strong>-1.</strong></span> <span class='ocrx_word' id='word_1_97' title='bbox 528 1816 704 1870; x_wconf 75' lang='lat' dir='ltr'><strong>Multo</strong></span> <span class='ocrx_word' id='word_1_98' title='bbox 722 1817 857 1871; x_wconf 77' lang='lat' dir='ltr'><strong>stilo.</strong></span> <span class='ocrx_word' id='word_1_99' title='bbox 888 1821 1063 1873; x_wconf 78' lang='lat' dir='ltr'><strong>Turio.</strong></span> <span class='ocrx_word' id='word_1_100' title='bbox 1089 1821 1385 1892; x_wconf 80' lang='lat' dir='ltr'><strong>posterius,</strong></span> <span class='ocrx_word' id='word_1_101' title='bbox 1456 1816 1646 1888; x_wconf 78' lang='lat' dir='ltr'><strong>forma</strong></span> <span class='ocrx_word' id='word_1_102' title='bbox 1666 1830 1972 1888; x_wconf 75' lang='lat' dir='ltr'><strong>comparata</strong></span> <span class='ocrx_word' id='word_1_103' title='bbox 1989 1818 2088 1870; x_wconf 85' lang='lat' dir='ltr'><strong>fuit</strong></span> <span class='ocrx_word' id='word_1_104' title='bbox 2102 1817 2329 1889; x_wconf 77' lang='lat' dir='ltr'><strong>plurima</strong></span> <span class='ocrx_word' id='word_1_105' title='bbox 2352 1820 2484 1871; x_wconf 76' lang='lat' dir='ltr'><strong>scri—</strong></span> 
     </span>
     <span class='ocr_line' id='line_1_14' title="bbox 377 1895 2481 1970; baseline 0.001 -23"><span class='ocrx_word' id='word_1_106' title='bbox 377 1895 543 1947; x_wconf 59' lang='lat' dir='ltr'><strong>cim.</strong></span> <span class='ocrx_word' id='word_1_107' title='bbox 584 1914 707 1947; x_wconf 86' lang='lat' dir='ltr'><strong>cum</strong></span> <span class='ocrx_word' id='word_1_108' title='bbox 752 1897 930 1950; x_wconf 82' lang='lat' dir='ltr'><strong>Goth.-</strong></span> <span class='ocrx_word' id='word_1_109' title='bbox 958 1911 1011 1950; x_wconf 88' lang='lat' dir='ltr'><strong>et</strong></span> <span class='ocrx_word' id='word_1_110' title='bbox 1054 1897 1192 1951; x_wconf 80' lang='lat' dir='ltr'><strong>vall.</strong></span> <span class='ocrx_word' id='word_1_111' title='bbox 1239 1899 1388 1969; x_wconf 76' lang='lat' dir='ltr'><strong>prius</strong></span> <span class='ocrx_word' id='word_1_112' title='bbox 1468 1896 1666 1949; x_wconf 66' lang='lat' dir='ltr'><strong>hendo.</strong></span> <span class='ocrx_word' id='word_1_113' title='bbox 1716 1897 1819 1950; x_wconf 85' lang='lat' dir='ltr'><strong>Sed</strong></span> <span class='ocrx_word' id='word_1_114' title='bbox 1856 1896 1944 1949; x_wconf 86' lang='lat' dir='ltr'><strong>illa</strong></span> <span class='ocrx_word' id='word_1_115' title='bbox 1993 1900 2286 1970; x_wconf 74' lang='lat' dir='ltr'><strong>«inscripta</strong></span> <span class='ocrx_word' id='word_1_116' title='bbox 2329 1916 2481 1950; x_wconf 86' lang='lat' dir='ltr'><strong>com—</strong></span> 
     </span>
    </p>
   </div>
   <div class='ocr_carea' id='block_1_5' title="bbox 376 1976 1391 3236">
    <p class='ocr_par' dir='ltr' id='par_1_5' title="bbox 378 1976 1387 2124">
     <span class='ocr_line' id='line_1_15' title="bbox 379 1976 1387 2048; baseline 0.004 -22"><span class='ocrx_word' id='word_1_117' title='bbox 379 1977 592 2027; x_wconf 77' lang='lat' dir='ltr'><strong>omittit.</strong></span> <span class='ocrx_word' id='word_1_118' title='bbox 612 2005 685 2016; x_wconf 90' lang='lat'>—</span> <span class='ocrx_word' id='word_1_119' title='bbox 707 1978 836 2028; x_wconf 71' lang='lat' dir='ltr'><strong>Item</strong></span> <span class='ocrx_word' id='word_1_120' title='bbox 854 1976 990 2030; x_wconf 78' lang='lat' dir='ltr'><strong>vall.</strong></span> <span class='ocrx_word' id='word_1_121' title='bbox 1011 1978 1103 2030; x_wconf 86' lang='lat' dir='ltr'><strong>lib.</strong></span> <span class='ocrx_word' id='word_1_122' title='bbox 1131 1979 1240 2030; x_wconf 81' lang='lat' dir='ltr'><strong>BR.</strong></span> <span class='ocrx_word' id='word_1_123' title='bbox 1264 1995 1314 2048; x_wconf 88' lang='lat'><strong>7,</strong></span> <span class='ocrx_word' id='word_1_124' title='bbox 1335 1977 1387 2043; x_wconf 85' lang='grc'>8,</span> 
     </span>
     <span class='ocr_line' id='line_1_16' title="bbox 378 2058 811 2124; baseline 0 -18"><span class='ocrx_word' id='word_1_125' title='bbox 378 2071 445 2124; x_wconf 83' lang='lat'><strong>9,</strong></span> <span class='ocrx_word' id='word_1_126' title='bbox 483 2071 501 2106; x_wconf 82' lang='lat'>1</span> <span class='ocrx_word' id='word_1_127' title='bbox 519 2072 538 2106; x_wconf 86' lang='lat' dir='ltr'><strong>t</strong></span> <span class='ocrx_word' id='word_1_128' title='bbox 557 2093 574 2120; x_wconf 86' lang='lat'>,</span> <span class='ocrx_word' id='word_1_129' title='bbox 613 2072 689 2107; x_wconf 66' lang='grc' dir='ltr'><strong>ια.</strong></span> <span class='ocrx_word' id='word_1_130' title='bbox 717 2058 811 2108; x_wconf 86' lang='lat' dir='ltr'><strong>En.</strong></span> 
     </span>
    </p>

    <p class='ocr_par' dir='ltr' id='par_1_6' title="bbox 376 2135 1391 2524">
     <span class='ocr_line' id='line_1_17' title="bbox 454 2135 1391 2209; baseline 0.002 -23"><span class='ocrx_word' id='word_1_131' title='bbox 454 2151 504 2186; x_wconf 82' lang='lat'><strong>2.</strong></span> <span class='ocrx_word' id='word_1_132' title='bbox 555 2135 733 2188; x_wconf 72' lang='lat' dir='ltr'><strong>Etiam</strong></span> <span class='ocrx_word' id='word_1_133' title='bbox 778 2138 1075 2209; x_wconf 65' lang='lat' dir='ltr'><strong>cogitantes.</strong></span> <span class='ocrx_word' id='word_1_134' title='bbox 1113 2137 1281 2201; x_wconf 59' lang='lat' dir='ltr'><strong>Jens„</strong></span> <span class='ocrx_word' id='word_1_135' title='bbox 1314 2136 1391 2188; x_wconf 73' lang='lat' dir='ltr'><strong>in·</strong></span> 
     </span>
     <span class='ocr_line' id='line_1_18' title="bbox 380 2213 1388 2287; baseline 0.004 -22"><span class='ocrx_word' id='word_1_136' title='bbox 380 2213 694 2287; x_wconf 74' lang='lat' dir='ltr'><strong>eoqitant&#39;es,</strong></span> <span class='ocrx_word' id='word_1_137' title='bbox 720 2234 839 2266; x_wconf 87' lang='lat' dir='ltr'><strong>cum</strong></span> <span class='ocrx_word' id='word_1_138' title='bbox 869 2213 991 2268; x_wconf 88' lang='lat' dir='ltr'><strong>edd.</strong></span> <span class='ocrx_word' id='word_1_139' title='bbox 1020 2229 1241 2286; x_wconf 74' lang='lat' dir='ltr'><strong>postet-r.</strong></span> <span class='ocrx_word' id='word_1_140' title='bbox 1265 2228 1388 2269; x_wconf 77' lang='lat' dir='ltr'><strong>ante</strong></span> 
     </span>
     <span class='ocr_line' id='line_1_19' title="bbox 378 2294 1389 2368; baseline 0 -20"><span class='ocrx_word' id='word_1_141' title='bbox 378 2294 500 2348; x_wconf 80' lang='lat' dir='ltr'><strong>Ald.</strong></span> <span class='ocrx_word' id='word_1_142' title='bbox 520 2333 536 2360; x_wconf 82' lang='lat'><strong>‚</strong></span> <span class='ocrx_word' id='word_1_143' title='bbox 557 2296 648 2367; x_wconf 87' lang='lat' dir='ltr'><strong>qui</strong></span> <span class='ocrx_word' id='word_1_144' title='bbox 672 2313 767 2347; x_wconf 82' lang='lat' dir='ltr'><strong>nec</strong></span> <span class='ocrx_word' id='word_1_145' title='bbox 793 2297 1092 2368; x_wconf 69' lang='lat' dir='ltr'><strong>coqt‘tantes.</strong></span> <span class='ocrx_word' id='word_1_146' title='bbox 1109 2324 1183 2334; x_wconf 92' lang='lat'><strong>-—-</strong></span> <span class='ocrx_word' id='word_1_147' title='bbox 1204 2296 1389 2348; x_wconf 78' lang='lat' dir='ltr'><strong>Nostri</strong></span> 
     </span>
     <span class='ocr_line' id='line_1_20' title="bbox 376 2373 1387 2448; baseline 0.003 -24"><span class='ocrx_word' id='word_1_148' title='bbox 376 2373 536 2424; x_wconf 78' lang='lat' dir='ltr'><strong>etiam</strong></span> <span class='ocrx_word' id='word_1_149' title='bbox 575 2373 889 2448; x_wconf 64' lang='lat' dir='ltr'><strong>cogitantes,</strong></span> <span class='ocrx_word' id='word_1_150' title='bbox 917 2393 1028 2426; x_wconf 83' lang='lat' dir='ltr'><strong>exc.</strong></span> <span class='ocrx_word' id='word_1_151' title='bbox 1059 2375 1174 2426; x_wconf 76' lang='lat' dir='ltr'><strong>lm.</strong></span> <span class='ocrx_word' id='word_1_152' title='bbox 1203 2390 1263 2444; x_wconf 82' lang='lat'><strong>7,</strong></span> <span class='ocrx_word' id='word_1_153' title='bbox 1296 2391 1387 2442; x_wconf 80' lang='grc'>11,</span> 
     </span>
     <span class='ocr_line' id='line_1_21' title="bbox 379 2451 974 2524; baseline 0.005 -22"><span class='ocrx_word' id='word_1_154' title='bbox 379 2453 474 2523; x_wconf 87' lang='lat' dir='ltr'><strong>qui</strong></span> <span class='ocrx_word' id='word_1_155' title='bbox 505 2451 859 2524; x_wconf 77' lang='lat' dir='ltr'><strong>ineoqitantes.</strong></span> <span class='ocrx_word' id='word_1_156' title='bbox 884 2456 974 2506; x_wconf 86' lang='lat' dir='ltr'><strong>En.</strong></span> 
     </span>
    </p>

    <p class='ocr_par' dir='ltr' id='par_1_7' title="bbox 377 2529 1389 3236">
     <span class='ocr_line' id='line_1_22' title="bbox 449 2529 1386 2598; baseline -0.002 -15"><span class='ocrx_word' id='word_1_157' title='bbox 449 2530 503 2583; x_wconf 82' lang='grc'><strong>3.</strong></span> <span class='ocrx_word' id='word_1_158' title='bbox 529 2530 660 2581; x_wconf 85' lang='lat' dir='ltr'><strong>Tam</strong></span> <span class='ocrx_word' id='word_1_159' title='bbox 685 2530 890 2583; x_wconf 78' lang='lat' dir='ltr'><strong>modica</strong></span> <span class='ocrx_word' id='word_1_160' title='bbox 995 2529 1154 2582; x_wconf 81' lang='lat' dir='ltr'><strong>labor.</strong></span> <span class='ocrx_word' id='word_1_161' title='bbox 1178 2531 1386 2598; x_wconf 56' lang='lat' dir='ltr'><strong>Tur-ic„</strong></span> 
     </span>
     <span class='ocr_line' id='line_1_23' title="bbox 381 2606 1386 2671; baseline 0.002 -11"><span class='ocrx_word' id='word_1_162' title='bbox 381 2619 487 2660; x_wconf 80' lang='lat' dir='ltr'><strong>tam</strong></span> <span class='ocrx_word' id='word_1_163' title='bbox 510 2609 623 2661; x_wconf 76' lang='lat' dir='ltr'><strong>odit</strong></span> <span class='ocrx_word' id='word_1_164' title='bbox 637 2609 937 2662; x_wconf 76' lang='lat' dir='ltr'><strong>autonetari</strong></span> <span class='ocrx_word' id='word_1_165' title='bbox 956 2606 1018 2671; x_wconf 88' lang='lat'><em>1.‚·</em></span> <span class='ocrx_word' id='word_1_166' title='bbox 1042 2627 1070 2661; x_wconf 76' lang='lat' dir='ltr'>a</span> <span class='ocrx_word' id='word_1_167' title='bbox 1095 2627 1200 2662; x_wconf 87' lang='lat' dir='ltr'><strong>sec.</strong></span> <span class='ocrx_word' id='word_1_168' title='bbox 1227 2628 1386 2663; x_wconf 76' lang='lat' dir='ltr'><strong>manu</strong></span> 
     </span>
     <span class='ocr_line' id='line_1_24' title="bbox 379 2687 1387 2760; baseline 0.003 -21"><span class='ocrx_word' id='word_1_169' title='bbox 379 2699 416 2740; x_wconf 80' lang='lat' dir='ltr'><strong>t.</strong></span> <span class='ocrx_word' id='word_1_170' title='bbox 448 2689 585 2743; x_wconf 77' lang='lat' dir='ltr'><strong>edita</strong></span> <span class='ocrx_word' id='word_1_171' title='bbox 611 2700 671 2740; x_wconf 83' lang='lat' dir='ltr'><strong>ut</strong></span> <span class='ocrx_word' id='word_1_172' title='bbox 688 2709 774 2742; x_wconf 83' lang='lat' dir='ltr'><strong>on.</strong></span> <span class='ocrx_word' id='word_1_173' title='bbox 797 2688 1017 2760; x_wconf 73' lang='lat' dir='ltr'><strong>Reliqua</strong></span> <span class='ocrx_word' id='word_1_174' title='bbox 1043 2706 1150 2739; x_wconf 87' lang='lat' dir='ltr'><strong>non</strong></span> <span class='ocrx_word' id='word_1_175' title='bbox 1176 2687 1387 2742; x_wconf 81' lang='lat' dir='ltr'><strong>addun-</strong></span> 
     </span>
     <span class='ocr_line' id='line_1_25' title="bbox 380 2766 1386 2838; baseline 0.001 -18"><span class='ocrx_word' id='word_1_176' title='bbox 380 2781 467 2820; x_wconf 82' lang='lat' dir='ltr'><strong>tur</strong></span> <span class='ocrx_word' id='word_1_177' title='bbox 480 2787 510 2820; x_wconf 82' lang='lat' dir='ltr'>a</span> <span class='ocrx_word' id='word_1_178' title='bbox 525 2769 846 2821; x_wconf 74' lang='lat' dir='ltr'><strong>conferente.</strong></span> <span class='ocrx_word' id='word_1_179' title='bbox 862 2767 1003 2821; x_wconf 77' lang='lat' dir='ltr'><strong>Flor.</strong></span> <span class='ocrx_word' id='word_1_180' title='bbox 1019 2766 1079 2837; x_wconf 80' lang='lat' dir='ltr'><strong>(a</strong></span> <span class='ocrx_word' id='word_1_181' title='bbox 1097 2787 1179 2838; x_wconf 68' lang='lat' dir='ltr'><strong>pv.</strong></span> <span class='ocrx_word' id='word_1_182' title='bbox 1201 2770 1386 2838; x_wconf 78' lang='lat' dir='ltr'><strong>manu)</strong></span> 
     </span>
     <span class='ocr_line' id='line_1_26' title="bbox 380 2845 1389 2901; baseline 0.003 -3"><span class='ocrx_word' id='word_1_183' title='bbox 380 2857 486 2898; x_wconf 79' lang='lat' dir='ltr'><strong>tam</strong></span> <span class='ocrx_word' id='word_1_184' title='bbox 509 2846 619 2900; x_wconf 73' lang='lat' dir='ltr'><strong>odie</strong></span> <span class='ocrx_word' id='word_1_185' title='bbox 641 2859 736 2900; x_wconf 81' lang='lat' dir='ltr'><strong>aut</strong></span> <span class='ocrx_word' id='word_1_186' title='bbox 757 2846 966 2898; x_wconf 81' lang='lat' dir='ltr'><strong>onerari</strong></span> <span class='ocrx_word' id='word_1_187' title='bbox 986 2845 1149 2898; x_wconf 78' lang='lat' dir='ltr'><strong>labor.</strong></span> <span class='ocrx_word' id='word_1_188' title='bbox 1167 2877 1233 2886; x_wconf 96' lang='lat'>—</span> <span class='ocrx_word' id='word_1_189' title='bbox 1253 2849 1389 2901; x_wconf 84' lang='lat' dir='ltr'><strong>Nos-</strong></span> 
     </span>
     <span class='ocr_line' id='line_1_27' title="bbox 377 2924 1381 3015; baseline 0.002 -38"><span class='ocrx_word' id='word_1_190' title='bbox 377 2927 446 2977; x_wconf 80' lang='lat' dir='ltr'><strong>tri</strong></span> <span class='ocrx_word' id='word_1_191' title='bbox 468 2939 734 3015; x_wconf 57' lang='lat' dir='ltr'><strong>receptam</strong></span> <span class='ocrx_word' id='word_1_192' title='bbox 762 2944 792 2976; x_wconf 76' lang='lat' dir='ltr'>a</span> <span class='ocrx_word' id='word_1_193' title='bbox 809 2925 993 2996; x_wconf 77' lang='lat' dir='ltr'><strong>Spald.</strong></span> <span class='ocrx_word' id='word_1_194' title='bbox 1019 2924 1141 2983; x_wconf 79' lang='lat' dir='ltr'><strong>leet.</strong></span> <span class='ocrx_word' id='word_1_195' title='bbox 1165 2924 1381 2979; x_wconf 82' lang='lat' dir='ltr'><strong>habent.</strong></span> 
     </span>
     <span class='ocr_line' id='line_1_28' title="bbox 381 3002 1384 3079; baseline -0.003 -22"><span class='ocrx_word' id='word_1_196' title='bbox 381 3006 710 3057; x_wconf 79' lang='lat' dir='ltr'><strong>Burmannus</strong></span> <span class='ocrx_word' id='word_1_197' title='bbox 747 3002 1026 3079; x_wconf 72' lang='lat' dir='ltr'><strong>legendum</strong></span> <span class='ocrx_word' id='word_1_198' title='bbox 1063 3017 1246 3057; x_wconf 87' lang='lat' dir='ltr'><strong>censet</strong></span> <span class='ocrx_word' id='word_1_199' title='bbox 1260 3004 1282 3056; x_wconf 67' lang='lat' dir='ltr'><strong>i</strong></span> <span class='ocrx_word' id='word_1_200' title='bbox 1302 3002 1384 3054; x_wconf 79' lang='lat' dir='ltr'><strong>la—</strong></span> 
     </span>
     <span class='ocr_line' id='line_1_29' title="bbox 379 3081 1388 3157; baseline -0.002 -21"><span class='ocrx_word' id='word_1_201' title='bbox 379 3084 498 3136; x_wconf 75' lang='lat' dir='ltr'><strong>bore</strong></span> <span class='ocrx_word' id='word_1_202' title='bbox 521 3081 614 3133; x_wconf 76' lang='lat' dir='ltr'><strong>illo</strong></span> <span class='ocrx_word' id='word_1_203' title='bbox 647 3101 754 3135; x_wconf 78' lang='lat' dir='ltr'><strong>non</strong></span> <span class='ocrx_word' id='word_1_204' title='bbox 777 3083 967 3136; x_wconf 78' lang='lat' dir='ltr'><strong>sentiat</strong></span> <span class='ocrx_word' id='word_1_205' title='bbox 979 3105 999 3144; x_wconf 87' lang='lat'><strong>,-</strong></span> <span class='ocrx_word' id='word_1_206' title='bbox 1023 3082 1223 3135; x_wconf 85' lang='lat' dir='ltr'><strong>scilicet</strong></span> <span class='ocrx_word' id='word_1_207' title='bbox 1245 3084 1388 3157; x_wconf 70' lang='lat' dir='ltr'><strong>coqu·-</strong></span> 
     </span>
     <span class='ocr_line' id='line_1_30' title="bbox 380 3163 1386 3236; baseline 0 -20"><span class='ocrx_word' id='word_1_208' title='bbox 380 3163 542 3226; x_wconf 72' lang='lat' dir='ltr'><strong>tatae&#39;o‚</strong></span> <span class='ocrx_word' id='word_1_209' title='bbox 573 3163 656 3215; x_wconf 79' lang='lat' dir='ltr'><strong>vel</strong></span> <span class='ocrx_word' id='word_1_210' title='bbox 685 3164 758 3216; x_wconf 79' lang='lat' dir='ltr'><strong>vis</strong></span> <span class='ocrx_word' id='word_1_211' title='bbox 779 3163 1047 3236; x_wconf 74' lang='lat' dir='ltr'><strong>coqt‘tandt’</strong></span> <span class='ocrx_word' id='word_1_212' title='bbox 1070 3186 1087 3216; x_wconf 83' lang='grc'><strong>.-</strong></span> <span class='ocrx_word' id='word_1_213' title='bbox 1121 3181 1242 3216; x_wconf 71' lang='lat' dir='ltr'><strong>nem</strong></span> <span class='ocrx_word' id='word_1_214' title='bbox 1273 3163 1386 3216; x_wconf 79' lang='lat' dir='ltr'><strong>haee</strong></span> 
     </span>
    </p>
   </div>
   <div class='ocr_carea' id='block_1_6' title="bbox 374 3242 1410 3312">
    <p class='ocr_par' dir='ltr' id='par_1_8' title="bbox 374 3242 1410 3312">
     <span class='ocr_line' id='line_1_31' title="bbox 374 3242 1410 3312; baseline 0.002 -19"><span class='ocrx_word' id='word_1_215' title='bbox 374 3242 450 3308; x_wconf 64' lang='grc' dir='ltr'><strong>τῇ</strong></span> <span class='ocrx_word' id='word_1_216' title='bbox 489 3242 803 3294; x_wconf 76' lang='lat' dir='ltr'><strong>continenda</strong></span> <span class='ocrx_word' id='word_1_217' title='bbox 852 3261 972 3293; x_wconf 83' lang='lat' dir='ltr'><strong>mox</strong></span> <span class='ocrx_word' id='word_1_218' title='bbox 1013 3245 1256 3312; x_wconf 86' lang='lat' dir='ltr'><strong>sequenti</strong></span> <span class='ocrx_word' id='word_1_219' title='bbox 1300 3262 1410 3303; x_wconf 57' lang='lat' dir='ltr'><strong>re-‚</strong></span> 
     </span>
    </p>
   </div>
   <div class='ocr_carea' id='block_1_7' title="bbox 373 3320 1390 4264">
    <p class='ocr_par' dir='ltr' id='par_1_9' title="bbox 379 3320 1153 3394">
     <span class='ocr_line' id='line_1_32' title="bbox 379 3320 1153 3394; baseline -0.004 -20"><span class='ocrx_word' id='word_1_220' title='bbox 379 3324 518 3394; x_wconf 77' lang='lat' dir='ltr'><strong>quiri</strong></span> <span class='ocrx_word' id='word_1_221' title='bbox 542 3320 670 3373; x_wconf 86' lang='lat' dir='ltr'><strong>dicit</strong></span> <span class='ocrx_word' id='word_1_222' title='bbox 696 3320 834 3373; x_wconf 85' lang='lat' dir='ltr'><strong>idem</strong></span> <span class='ocrx_word' id='word_1_223' title='bbox 860 3322 1035 3373; x_wconf 75' lang='lat' dir='ltr'><strong>Burm-</strong></span> <span class='ocrx_word' id='word_1_224' title='bbox 1057 3322 1153 3372; x_wconf 88' lang='lat' dir='ltr'><strong>En.</strong></span> 
     </span>
    </p>

    <p class='ocr_par' dir='ltr' id='par_1_10' title="bbox 373 3399 1390 4264">
     <span class='ocr_line' id='line_1_33' title="bbox 453 3399 1385 3472; baseline 0.001 -20"><span class='ocrx_word' id='word_1_225' title='bbox 453 3402 503 3467; x_wconf 74' lang='grc'><strong>4.</strong></span> <span class='ocrx_word' id='word_1_226' title='bbox 539 3401 591 3455; x_wconf 83' lang='lat' dir='ltr'><em>V</em></span> <span class='ocrx_word' id='word_1_227' title='bbox 588 3402 656 3461; x_wconf 77' lang='lat' dir='ltr'><strong>is,-</strong></span> <span class='ocrx_word' id='word_1_228' title='bbox 685 3403 760 3453; x_wconf 83' lang='lat' dir='ltr'><strong>sic</strong></span> <span class='ocrx_word' id='word_1_229' title='bbox 783 3402 911 3452; x_wconf 79' lang='lat' dir='ltr'><strong>Tur.</strong></span> <span class='ocrx_word' id='word_1_230' title='bbox 942 3400 1083 3452; x_wconf 80' lang='lat' dir='ltr'><strong>Flor.</strong></span> <span class='ocrx_word' id='word_1_231' title='bbox 1113 3399 1234 3471; x_wconf 82' lang='lat' dir='ltr'><strong>(hic</strong></span> <span class='ocrx_word' id='word_1_232' title='bbox 1256 3418 1284 3451; x_wconf 80' lang='lat' dir='ltr'><strong>a</strong></span> <span class='ocrx_word' id='word_1_233' title='bbox 1302 3418 1385 3472; x_wconf 76' lang='lat' dir='ltr'><strong>pr.</strong></span> 
     </span>
     <span class='ocr_line' id='line_1_34' title="bbox 379 3479 1386 3552; baseline 0 -20"><span class='ocrx_word' id='word_1_234' title='bbox 379 3481 594 3550; x_wconf 75' lang='lat' dir='ltr'><strong>manu.)</strong></span> <span class='ocrx_word' id='word_1_235' title='bbox 629 3479 838 3552; x_wconf 76' lang='lat' dir='ltr'><strong>Reliqui</strong></span> <span class='ocrx_word' id='word_1_236' title='bbox 880 3498 992 3532; x_wconf 83' lang='lat' dir='ltr'><strong>usu.</strong></span> <span class='ocrx_word' id='word_1_237' title='bbox 1028 3510 1094 3518; x_wconf 91' lang='lat'><strong>—</strong></span> <span class='ocrx_word' id='word_1_238' title='bbox 1131 3480 1386 3552; x_wconf 79' lang='lat' dir='ltr'><strong>Auqenda</strong></span> 
     </span>
     <span class='ocr_line' id='line_1_35' title="bbox 377 3560 1386 3632; baseline 0 -20"><span class='ocrx_word' id='word_1_239' title='bbox 377 3560 456 3612; x_wconf 72' lang='lat' dir='ltr'><strong>vis</strong></span> <span class='ocrx_word' id='word_1_240' title='bbox 480 3576 664 3632; x_wconf 81' lang='lat' dir='ltr'><strong>...quoe</strong></span> <span class='ocrx_word' id='word_1_241' title='bbox 686 3599 737 3629; x_wconf 43' lang='grc' dir='ltr'><strong>υ.</strong></span> <span class='ocrx_word' id='word_1_242' title='bbox 766 3561 1013 3612; x_wconf 68' lang='lat' dir='ltr'><strong>mevam-ia</strong></span> <span class='ocrx_word' id='word_1_243' title='bbox 1051 3569 1266 3612; x_wconf 79' lang='lat' dir='ltr'><strong>constat.</strong></span> <span class='ocrx_word' id='word_1_244' title='bbox 1305 3560 1386 3612; x_wconf 89' lang='lat' dir='ltr'><strong>Si-</strong></span> 
     </span>
     <span class='ocr_line' id='line_1_36' title="bbox 373 3636 1385 3710; baseline -0.001 -19"><span class='ocrx_word' id='word_1_245' title='bbox 373 3639 656 3709; x_wconf 76' lang='lat' dir='ltr'><strong>gnificatur</strong></span> <span class='ocrx_word' id='word_1_246' title='bbox 673 3636 748 3690; x_wconf 80' lang='lat' dir='ltr'><strong>vis</strong></span> <span class='ocrx_word' id='word_1_247' title='bbox 766 3639 925 3689; x_wconf 83' lang='lat' dir='ltr'><strong>animi</strong></span> <span class='ocrx_word' id='word_1_248' title='bbox 940 3637 1149 3708; x_wconf 74' lang='lat' dir='ltr'><strong>longam</strong></span> <span class='ocrx_word' id='word_1_249' title='bbox 1168 3656 1385 3710; x_wconf 86' lang='lat' dir='ltr'><strong>quoque</strong></span> 
     </span>
     <span class='ocr_line' id='line_1_37' title="bbox 379 3717 1386 3789; baseline -0.001 -19"><span class='ocrx_word' id='word_1_250' title='bbox 379 3720 675 3770; x_wconf 76' lang='lat' dir='ltr'><strong>orationem</strong></span> <span class='ocrx_word' id='word_1_251' title='bbox 692 3719 805 3770; x_wconf 89' lang='lat' dir='ltr'><strong>sine</strong></span> <span class='ocrx_word' id='word_1_252' title='bbox 824 3719 1108 3787; x_wconf 75' lang='lat' dir='ltr'><strong>scriptione</strong></span> <span class='ocrx_word' id='word_1_253' title='bbox 1122 3717 1386 3789; x_wconf 85' lang='lat' dir='ltr'><strong>complec-</strong></span> 
     </span>
     <span class='ocr_line' id='line_1_38' title="bbox 377 3792 1389 3868; baseline 0 -20"><span class='ocrx_word' id='word_1_254' title='bbox 377 3800 563 3857; x_wconf 81' lang='lat' dir='ltr'><strong>tentis;</strong></span> <span class='ocrx_word' id='word_1_255' title='bbox 588 3815 756 3867; x_wconf 77' lang='lat' dir='ltr'><strong>eaque</strong></span> <span class='ocrx_word' id='word_1_256' title='bbox 777 3794 1018 3868; x_wconf 72' lang='lat' dir='ltr'><strong>auyenda</strong></span> <span class='ocrx_word' id='word_1_257' title='bbox 1038 3809 1116 3847; x_wconf 84' lang='lat' dir='ltr'><strong>est</strong></span> <span class='ocrx_word' id='word_1_258' title='bbox 1137 3796 1227 3866; x_wconf 89' lang='lat' dir='ltr'><strong>(ut</strong></span> <span class='ocrx_word' id='word_1_259' title='bbox 1250 3792 1389 3848; x_wconf 83' lang='lat' dir='ltr'><strong>vitu-</strong></span> 
     </span>
     <span class='ocr_line' id='line_1_39' title="bbox 376 3875 1383 3930; baseline 0.001 -3"><span class='ocrx_word' id='word_1_260' title='bbox 376 3875 487 3929; x_wconf 85' lang='lat' dir='ltr'><strong>lum</strong></span> <span class='ocrx_word' id='word_1_261' title='bbox 506 3878 643 3929; x_wconf 78' lang='lat' dir='ltr'><strong>ferre</strong></span> <span class='ocrx_word' id='word_1_262' title='bbox 662 3875 1016 3929; x_wconf 71' lang='lat' dir='ltr'><strong>assuescendo</strong></span> <span class='ocrx_word' id='word_1_263' title='bbox 1033 3895 1156 3930; x_wconf 87' lang='lat' dir='ltr'><strong>mox</strong></span> <span class='ocrx_word' id='word_1_264' title='bbox 1173 3889 1383 3928; x_wconf 77' lang='lat' dir='ltr'><strong>taurum</strong></span> 
     </span>
     <span class='ocr_line' id='line_1_40' title="bbox 375 3953 1385 4024; baseline 0.002 -18"><span class='ocrx_word' id='word_1_265' title='bbox 375 3957 543 4020; x_wconf 77' lang='lat' dir='ltr'><strong>ferat,</strong></span> <span class='ocrx_word' id='word_1_266' title='bbox 567 3954 687 4006; x_wconf 73' lang='lat' dir='ltr'><strong>vide</strong></span> <span class='ocrx_word' id='word_1_267' title='bbox 712 3956 760 4007; x_wconf 83' lang='lat'><strong>1.</strong></span> <span class='ocrx_word' id='word_1_268' title='bbox 785 3972 846 4024; x_wconf 83' lang='lat'><strong>9,</strong></span> <span class='ocrx_word' id='word_1_269' title='bbox 873 3953 928 4024; x_wconf 84' lang='lat'><strong>5)</strong></span> <span class='ocrx_word' id='word_1_270' title='bbox 948 3965 1000 4006; x_wconf 82' lang='lat' dir='ltr'><strong>et</strong></span> <span class='ocrx_word' id='word_1_271' title='bbox 1021 3955 1385 4008; x_wconf 69' lang='lat' dir='ltr'><strong>exercitatione</strong></span> 
     </span>
     <span class='ocr_line' id='line_1_41' title="bbox 374 4031 1385 4105; baseline -0.003 -19"><span class='ocrx_word' id='word_1_272' title='bbox 374 4034 691 4086; x_wconf 73' lang='lat' dir='ltr'><strong>continenda</strong></span> <span class='ocrx_word' id='word_1_273' title='bbox 714 4032 862 4105; x_wconf 79' lang='lat' dir='ltr'><strong>(vide</strong></span> <span class='ocrx_word' id='word_1_274' title='bbox 886 4031 954 4085; x_wconf 89' lang='lat' dir='ltr'><strong>de</strong></span> <span class='ocrx_word' id='word_1_275' title='bbox 977 4032 1069 4084; x_wconf 79' lang='lat' dir='ltr'><strong>tali</strong></span> <span class='ocrx_word' id='word_1_276' title='bbox 1087 4031 1246 4104; x_wconf 84' lang='lat' dir='ltr'><strong>hujus</strong></span> <span class='ocrx_word' id='word_1_277' title='bbox 1264 4052 1385 4084; x_wconf 79' lang='lat' dir='ltr'><strong>ver-</strong></span> 
     </span>
     <span class='ocr_line' id='line_1_42' title="bbox 375 4109 1386 4164; baseline 0 -2"><span class='ocrx_word' id='word_1_278' title='bbox 375 4109 434 4162; x_wconf 83' lang='lat' dir='ltr'><strong>bi</strong></span> <span class='ocrx_word' id='word_1_279' title='bbox 477 4130 576 4164; x_wconf 80' lang='lat' dir='ltr'><strong>usu</strong></span> <span class='ocrx_word' id='word_1_280' title='bbox 608 4110 749 4163; x_wconf 75' lang='lat' dir='ltr'><strong>dicta</strong></span> <span class='ocrx_word' id='word_1_281' title='bbox 783 4112 851 4164; x_wconf 76' lang='lat' dir='ltr'><strong>ad</strong></span> <span class='ocrx_word' id='word_1_282' title='bbox 886 4113 1043 4164; x_wconf 73' lang='lat' dir='ltr'><strong>inser.</strong></span> <span class='ocrx_word' id='word_1_283' title='bbox 1075 4113 1243 4163; x_wconf 78' lang='lat' dir='ltr'><strong>nostri</strong></span> <span class='ocrx_word' id='word_1_284' title='bbox 1265 4110 1386 4163; x_wconf 81' lang='lat' dir='ltr'>libri</span> 
     </span>
     <span class='ocr_line' id='line_1_43' title="bbox 377 4190 1390 4264; baseline -0.003 -17"><span class='ocrx_word' id='word_1_285' title='bbox 377 4205 435 4247; x_wconf 75' lang='lat' dir='ltr'><strong>et</strong></span> <span class='ocrx_word' id='word_1_286' title='bbox 456 4192 631 4243; x_wconf 68' lang='lat' dir='ltr'><strong>Bura.</strong></span> <span class='ocrx_word' id='word_1_287' title='bbox 655 4190 722 4243; x_wconf 73' lang='lat' dir='ltr'><strong>ad</strong></span> <span class='ocrx_word' id='word_1_288' title='bbox 743 4193 949 4245; x_wconf 72' lang='lat' dir='ltr'><strong>peu-on.</strong></span> <span class='ocrx_word' id='word_1_289' title='bbox 976 4191 1084 4264; x_wconf 80' lang='lat'>11),</span> <span class='ocrx_word' id='word_1_290' title='bbox 1099 4205 1390 4264; x_wconf 65' lang='lat' dir='ltr'><strong>postqum</strong></span> 
     </span>
    </p>
   </div>
   <div class='ocr_carea' id='block_1_8' title="bbox 1462 1975 2482 3867">
    <p class='ocr_par' dir='ltr' id='par_1_11' title="bbox 1465 1975 2480 2503">
     <span class='ocr_line' id='line_1_44' title="bbox 1474 1975 2480 2047; baseline 0.004 -23"><span class='ocrx_word' id='word_1_291' title='bbox 1474 1999 1498 2024; x_wconf 73' lang='grc' dir='ltr'>ι</span> <span class='ocrx_word' id='word_1_292' title='bbox 1518 1975 1785 2047; x_wconf 75' lang='lat' dir='ltr'><strong>plectendi</strong></span> <span class='ocrx_word' id='word_1_293' title='bbox 1823 1979 1900 2031; x_wconf 82' lang='lat' dir='ltr'><strong>vis</strong></span> <span class='ocrx_word' id='word_1_294' title='bbox 1916 2000 1941 2024; x_wconf 72' lang='lat' dir='ltr'>n</span> <span class='ocrx_word' id='word_1_295' title='bbox 1989 1975 2114 2047; x_wconf 85' lang='lat' dir='ltr'><strong>quid</strong></span> <span class='ocrx_word' id='word_1_296' title='bbox 2159 1994 2480 2047; x_wconf 74' lang='lat' dir='ltr'><strong>magnopere</strong></span> 
     </span>
     <span class='ocr_line' id='line_1_45' title="bbox 1470 2053 2479 2128; baseline -0.002 -20"><span class='ocrx_word' id='word_1_297' title='bbox 1470 2068 1576 2120; x_wconf 85' lang='lat' dir='ltr'><strong>est,</strong></span> <span class='ocrx_word' id='word_1_298' title='bbox 1601 2057 1699 2108; x_wconf 86' lang='lat' dir='ltr'><strong>nisi</strong></span> <span class='ocrx_word' id='word_1_299' title='bbox 1720 2058 2209 2128; x_wconf 76' lang='lat' dir='ltr'><strong>memoriai&#39;ltaque</strong></span> <span class='ocrx_word' id='word_1_300' title='bbox 2233 2056 2287 2107; x_wconf 80' lang='lat' dir='ltr'><strong>in</strong></span> <span class='ocrx_word' id='word_1_301' title='bbox 2323 2053 2479 2107; x_wconf 78' lang='lat' dir='ltr'><strong>illum</strong></span> 
     </span>
     <span class='ocr_line' id='line_1_46' title="bbox 1469 2132 2477 2205; baseline 0 -19"><span class='ocrx_word' id='word_1_302' title='bbox 1469 2133 1641 2187; x_wconf 81' lang='lat' dir='ltr'><strong>Iocum</strong></span> <span class='ocrx_word' id='word_1_303' title='bbox 1667 2133 1793 2205; x_wconf 88' lang='lat' dir='ltr'><strong>(lib.</strong></span> <span class='ocrx_word' id='word_1_304' title='bbox 1825 2134 1931 2200; x_wconf 81' lang='grc' dir='ltr'>ΧΙ,</span> <span class='ocrx_word' id='word_1_305' title='bbox 1962 2152 2080 2205; x_wconf 82' lang='lat' dir='ltr'><strong>cap.</strong></span> <span class='ocrx_word' id='word_1_306' title='bbox 2114 2132 2198 2204; x_wconf 82' lang='lat'><strong>2.)</strong></span> <span class='ocrx_word' id='word_1_307' title='bbox 2221 2133 2477 2186; x_wconf 74' lang='lat' dir='ltr'><strong>differen-</strong></span> 
     </span>
     <span class='ocr_line' id='line_1_47' title="bbox 1469 2207 2474 2285; baseline 0 -21"><span class='ocrx_word' id='word_1_308' title='bbox 1469 2212 1570 2265; x_wconf 88' lang='lat' dir='ltr'><strong>dus</strong></span> <span class='ocrx_word' id='word_1_309' title='bbox 1595 2233 1659 2266; x_wconf 86' lang='lat' dir='ltr'><strong>ex</strong></span> <span class='ocrx_word' id='word_1_310' title='bbox 1683 2207 1870 2283; x_wconf 50' lang='lat' dir='ltr'><strong>nnessna</strong></span> <span class='ocrx_word' id='word_1_311' title='bbox 1891 2227 2043 2285; x_wconf 79' lang='lat' dir='ltr'><strong>parte</strong></span> <span class='ocrx_word' id='word_1_312' title='bbox 2066 2216 2179 2285; x_wconf 85' lang='lat' dir='ltr'><strong>ejus</strong></span> <span class='ocrx_word' id='word_1_313' title='bbox 2205 2226 2474 2265; x_wconf 75' lang='lat' dir='ltr'><strong>tractatus.</strong></span> 
     </span>
     <span class='ocr_line' id='line_1_48' title="bbox 1471 2290 2478 2363; baseline -0.001 -19"><span class='ocrx_word' id='word_1_314' title='bbox 1471 2291 1606 2344; x_wconf 84' lang='lat' dir='ltr'><strong>Vide</strong></span> <span class='ocrx_word' id='word_1_315' title='bbox 1635 2294 1748 2362; x_wconf 76' lang='lat' dir='ltr'><strong>ejus</strong></span> <span class='ocrx_word' id='word_1_316' title='bbox 1778 2310 1895 2363; x_wconf 76' lang='lat' dir='ltr'><strong>cap.</strong></span> <span class='ocrx_word' id='word_1_317' title='bbox 1934 2292 1980 2361; x_wconf 83' lang='lat'><strong>§.</strong></span> <span class='ocrx_word' id='word_1_318' title='bbox 2009 2291 2070 2359; x_wconf 75' lang='grc'><strong>41</strong></span> <span class='ocrx_word' id='word_1_319' title='bbox 2089 2330 2105 2357; x_wconf 78' lang='lat'><strong>.,</strong></span> <span class='ocrx_word' id='word_1_320' title='bbox 2144 2290 2237 2343; x_wconf 89' lang='lat' dir='ltr'><strong>ubi</strong></span> <span class='ocrx_word' id='word_1_321' title='bbox 2265 2290 2478 2343; x_wconf 81' lang='lat' dir='ltr'><strong>Milonis</strong></span> 
     </span>
     <span class='ocr_line' id='line_1_49' title="bbox 1467 2370 2479 2425; baseline 0.001 -2"><span class='ocrx_word' id='word_1_322' title='bbox 1467 2371 1785 2424; x_wconf 80' lang='lat' dir='ltr'><strong>Crotoniatae</strong></span> <span class='ocrx_word' id='word_1_323' title='bbox 1805 2370 2145 2424; x_wconf 79' lang='lat' dir='ltr'><strong>similitudine</strong></span> <span class='ocrx_word' id='word_1_324' title='bbox 2168 2374 2324 2423; x_wconf 82' lang='lat' dir='ltr'><strong>etiam</strong></span> <span class='ocrx_word' id='word_1_325' title='bbox 2347 2372 2479 2425; x_wconf 85' lang='lat' dir='ltr'><strong>Ges·-</strong></span> 
     </span>
     <span class='ocr_line' id='line_1_50' title="bbox 1465 2452 2071 2503; baseline 0 -2"><span class='ocrx_word' id='word_1_326' title='bbox 1465 2468 1626 2502; x_wconf 80' lang='lat' dir='ltr'><strong>nems</strong></span> <span class='ocrx_word' id='word_1_327' title='bbox 1650 2453 1817 2503; x_wconf 72' lang='lat' dir='ltr'><strong>utitur</strong></span> <span class='ocrx_word' id='word_1_328' title='bbox 1841 2452 1895 2501; x_wconf 89' lang='lat' dir='ltr'><strong>in</strong></span> <span class='ocrx_word' id='word_1_329' title='bbox 1926 2464 2071 2502; x_wconf 83' lang='lat' dir='ltr'><strong>nota.</strong></span> 
     </span>
    </p>

    <p class='ocr_par' dir='ltr' id='par_1_12' title="bbox 1465 2526 2482 2681">
     <span class='ocr_line' id='line_1_51' title="bbox 1541 2526 2482 2595; baseline -0.001 -13"><span class='ocrx_word' id='word_1_330' title='bbox 1541 2530 1590 2582; x_wconf 87' lang='lat'><strong>5.</strong></span> <span class='ocrx_word' id='word_1_331' title='bbox 1632 2529 1969 2581; x_wconf 70' lang='lat' dir='ltr'><strong>continenda</strong></span> <span class='ocrx_word' id='word_1_332' title='bbox 1988 2539 2075 2581; x_wconf 81' lang='lat' dir='ltr'><strong>est.</strong></span> <span class='ocrx_word' id='word_1_333' title='bbox 2100 2529 2208 2581; x_wconf 82' lang='lat' dir='ltr'><strong>RR.</strong></span> <span class='ocrx_word' id='word_1_334' title='bbox 2241 2528 2306 2595; x_wconf 90' lang='grc'>3,</span> <span class='ocrx_word' id='word_1_335' title='bbox 2334 2526 2387 2595; x_wconf 84' lang='grc'>5,</span> <span class='ocrx_word' id='word_1_336' title='bbox 2415 2528 2482 2581; x_wconf 66' lang='lat' dir='ltr'><strong>ti·</strong></span> 
     </span>
     <span class='ocr_line' id='line_1_52' title="bbox 1465 2608 2356 2681; baseline 0.001 -21"><span class='ocrx_word' id='word_1_337' title='bbox 1465 2610 1655 2662; x_wconf 82' lang='lat' dir='ltr'><strong>menda</strong></span> <span class='ocrx_word' id='word_1_338' title='bbox 1677 2622 1767 2662; x_wconf 82' lang='lat' dir='ltr'><strong>est.</strong></span> <span class='ocrx_word' id='word_1_339' title='bbox 1789 2608 1931 2661; x_wconf 58' lang='lat' dir='ltr'><strong>Male</strong></span> <span class='ocrx_word' id='word_1_340' title='bbox 1950 2648 1967 2676; x_wconf 89' lang='lat'>‚</span> <span class='ocrx_word' id='word_1_341' title='bbox 1987 2622 2041 2661; x_wconf 82' lang='lat' dir='ltr'><strong>ut</strong></span> <span class='ocrx_word' id='word_1_342' title='bbox 2072 2622 2237 2681; x_wconf 76' lang='lat' dir='ltr'><strong>patet.</strong></span> <span class='ocrx_word' id='word_1_343' title='bbox 2262 2610 2356 2661; x_wconf 81' lang='lat' dir='ltr'><strong>Eo.</strong></span> 
     </span>
    </p>

    <p class='ocr_par' dir='ltr' id='par_1_13' title="bbox 1462 2689 2479 3867">
     <span class='ocr_line' id='line_1_53' title="bbox 1538 2689 2477 2761; baseline -0.001 -19"><span class='ocrx_word' id='word_1_344' title='bbox 1538 2689 1590 2742; x_wconf 88' lang='grc'><strong>6.</strong></span> <span class='ocrx_word' id='word_1_345' title='bbox 1613 2691 1694 2740; x_wconf 86' lang='grc' dir='ltr'><strong>Εο</strong></span> <span class='ocrx_word' id='word_1_346' title='bbox 1721 2700 1892 2741; x_wconf 80' lang='lat' dir='ltr'><strong>tamen</strong></span> <span class='ocrx_word' id='word_1_347' title='bbox 1911 2691 2179 2761; x_wconf 76' lang='lat' dir='ltr'><strong>pervenit,</strong></span> <span class='ocrx_word' id='word_1_348' title='bbox 2201 2699 2264 2740; x_wconf 81' lang='lat' dir='ltr'><strong>ut</strong></span> <span class='ocrx_word' id='word_1_349' title='bbox 2363 2699 2477 2741; x_wconf 78' lang='lat' dir='ltr'><strong>tan·</strong></span> 
     </span>
     <span class='ocr_line' id='line_1_54' title="bbox 1466 2767 2478 2839; baseline 0 -20"><span class='ocrx_word' id='word_1_350' title='bbox 1466 2778 1578 2819; x_wconf 78' lang='lat' dir='ltr'><strong>tum</strong></span> <span class='ocrx_word' id='word_1_351' title='bbox 1605 2777 1968 2839; x_wconf 80' lang='lat' dir='ltr'><strong>consequatur,</strong></span> <span class='ocrx_word' id='word_1_352' title='bbox 1986 2780 2062 2820; x_wconf 76' lang='lat' dir='ltr'><strong>nt.</strong></span> <span class='ocrx_word' id='word_1_353' title='bbox 2079 2769 2191 2820; x_wconf 82' lang='lat' dir='ltr'><strong>Nisi</strong></span> <span class='ocrx_word' id='word_1_354' title='bbox 2207 2767 2478 2838; x_wconf 76' lang='lat' dir='ltr'><strong>negligen-</strong></span> 
     </span>
     <span class='ocr_line' id='line_1_55' title="bbox 1463 2847 2479 2917; baseline 0.003 -21"><span class='ocrx_word' id='word_1_355' title='bbox 1463 2847 1655 2897; x_wconf 77' lang='lat' dir='ltr'><strong>tiorem</strong></span> <span class='ocrx_word' id='word_1_356' title='bbox 1676 2848 1834 2897; x_wconf 82' lang='lat' dir='ltr'><strong>toties</strong></span> <span class='ocrx_word' id='word_1_357' title='bbox 1864 2847 2065 2917; x_wconf 75' lang='lat' dir='ltr'><strong>experti</strong></span> <span class='ocrx_word' id='word_1_358' title='bbox 2084 2864 2318 2898; x_wconf 78' lang='lat' dir='ltr'><strong>essemus</strong></span> <span class='ocrx_word' id='word_1_359' title='bbox 2338 2847 2479 2899; x_wconf 86' lang='lat' dir='ltr'><strong>Nos·</strong></span> 
     </span>
     <span class='ocr_line' id='line_1_56' title="bbox 1464 2923 2477 2996; baseline 0.001 -20"><span class='ocrx_word' id='word_1_360' title='bbox 1464 2938 1602 2976; x_wconf 83' lang='lat' dir='ltr'><strong>trum</strong></span> <span class='ocrx_word' id='word_1_361' title='bbox 1630 2927 1681 2976; x_wconf 91' lang='lat' dir='ltr'><strong>in</strong></span> <span class='ocrx_word' id='word_1_362' title='bbox 1701 2923 1975 2977; x_wconf 71' lang='lat' dir='ltr'><strong>vocabulis</strong></span> <span class='ocrx_word' id='word_1_363' title='bbox 2000 2925 2183 2977; x_wconf 81' lang='lat' dir='ltr'><strong>iisdem</strong></span> <span class='ocrx_word' id='word_1_364' title='bbox 2206 2928 2477 2996; x_wconf 73' lang='lat' dir='ltr'><strong>geminen-</strong></span> 
     </span>
     <span class='ocr_line' id='line_1_57' title="bbox 1465 3002 2478 3077; baseline 0.002 -22"><span class='ocrx_word' id='word_1_365' title='bbox 1465 3002 1546 3056; x_wconf 86' lang='lat' dir='ltr'><strong>dis</strong></span> <span class='ocrx_word' id='word_1_366' title='bbox 1570 3003 1719 3073; x_wconf 81' lang='lat' dir='ltr'><strong>(vide</strong></span> <span class='ocrx_word' id='word_1_367' title='bbox 1743 3006 1820 3070; x_wconf 79' lang='lat' dir='ltr'><strong>X,</strong></span> <span class='ocrx_word' id='word_1_368' title='bbox 1846 3003 1878 3056; x_wconf 84' lang='lat'><strong>5</strong></span> <span class='ocrx_word' id='word_1_369' title='bbox 1895 3041 1911 3069; x_wconf 85' lang='lat'>‚</span> <span class='ocrx_word' id='word_1_370' title='bbox 1936 3003 2034 3075; x_wconf 86' lang='lat'><strong>7),</strong></span> <span class='ocrx_word' id='word_1_371' title='bbox 2063 3007 2227 3077; x_wconf 74' lang='lat' dir='ltr'><strong>magis</strong></span> <span class='ocrx_word' id='word_1_372' title='bbox 2248 3007 2478 3067; x_wconf 78' lang='lat' dir='ltr'><strong>fortasse</strong></span> 
     </span>
     <span class='ocr_line' id='line_1_58' title="bbox 1467 3082 2475 3155; baseline 0 -18"><span class='ocrx_word' id='word_1_373' title='bbox 1467 3082 1862 3137; x_wconf 71' lang='lat' dir='ltr'><strong>offenderemur</strong></span> <span class='ocrx_word' id='word_1_374' title='bbox 1882 3082 2083 3155; x_wconf 85' lang='lat' dir='ltr'><strong>duplici</strong></span> <span class='ocrx_word' id='word_1_375' title='bbox 2106 3082 2211 3136; x_wconf 87' lang='lat' dir='ltr'><strong>hoc</strong></span> <span class='ocrx_word' id='word_1_376' title='bbox 2234 3096 2310 3151; x_wconf 82' lang='lat' dir='ltr'><strong>ut,</strong></span> <span class='ocrx_word' id='word_1_377' title='bbox 2328 3083 2475 3155; x_wconf 90' lang='lat' dir='ltr'><strong>quod</strong></span> 
     </span>
     <span class='ocr_line' id='line_1_59' title="bbox 1467 3161 2473 3235; baseline 0 -18"><span class='ocrx_word' id='word_1_378' title='bbox 1467 3162 1621 3227; x_wconf 71' lang='lat' dir='ltr'><strong>stilo,</strong></span> <span class='ocrx_word' id='word_1_379' title='bbox 1671 3174 1733 3213; x_wconf 85' lang='lat' dir='ltr'><strong>ut</strong></span> <span class='ocrx_word' id='word_1_380' title='bbox 1787 3164 1860 3213; x_wconf 79' lang='lat' dir='ltr'><strong>sit</strong></span> <span class='ocrx_word' id='word_1_381' title='bbox 1912 3161 2028 3227; x_wconf 82' lang='lat' dir='ltr'><strong>ille,</strong></span> <span class='ocrx_word' id='word_1_382' title='bbox 2082 3161 2473 3235; x_wconf 74' lang='lat' dir='ltr'><strong>deposcendum</strong></span> 
     </span>
     <span class='ocr_line' id='line_1_60' title="bbox 1467 3240 2473 3309; baseline 0.003 -16"><span class='ocrx_word' id='word_1_383' title='bbox 1467 3242 1631 3294; x_wconf 77' lang='lat' dir='ltr'><strong>fuisse</strong></span> <span class='ocrx_word' id='word_1_384' title='bbox 1661 3240 1940 3294; x_wconf 77' lang='lat' dir='ltr'><strong>videbitur.</strong></span> <span class='ocrx_word' id='word_1_385' title='bbox 1981 3242 2160 3309; x_wconf 76' lang='lat' dir='ltr'><strong>Quare</strong></span> <span class='ocrx_word' id='word_1_386' title='bbox 2188 3246 2325 3297; x_wconf 80' lang='lat' dir='ltr'><strong>enim</strong></span> <span class='ocrx_word' id='word_1_387' title='bbox 2364 3261 2473 3296; x_wconf 91' lang='lat' dir='ltr'><strong>non</strong></span> 
     </span>
     <span class='ocr_line' id='line_1_61' title="bbox 1465 3319 2475 3387; baseline 0 -13"><span class='ocrx_word' id='word_1_388' title='bbox 1465 3324 1538 3375; x_wconf 76' lang='lat' dir='ltr'><strong>ita</strong></span> <span class='ocrx_word' id='word_1_389' title='bbox 1559 3319 1823 3373; x_wconf 75' lang='lat' dir='ltr'><strong>ordinavit</strong></span> <span class='ocrx_word' id='word_1_390' title='bbox 1850 3322 2171 3387; x_wconf 76' lang='lat' dir='ltr'><strong>orationem,</strong></span> <span class='ocrx_word' id='word_1_391' title='bbox 2194 3335 2256 3375; x_wconf 81' lang='lat' dir='ltr'><strong>ut</strong></span> <span class='ocrx_word' id='word_1_392' title='bbox 2281 3321 2475 3374; x_wconf 79' lang='lat' dir='ltr'><strong>defun·</strong></span> 
     </span>
     <span class='ocr_line' id='line_1_62' title="bbox 1466 3404 2472 3472; baseline 0 -18"><span class='ocrx_word' id='word_1_393' title='bbox 1466 3415 1680 3472; x_wconf 74' lang='lat' dir='ltr'><strong>geretur</strong></span> <span class='ocrx_word' id='word_1_394' title='bbox 1705 3419 1815 3453; x_wconf 88' lang='lat' dir='ltr'><strong>uno</strong></span> <span class='ocrx_word' id='word_1_395' title='bbox 1843 3411 1905 3452; x_wconf 82' lang='lat' dir='ltr'><strong>ut</strong></span> <span class='ocrx_word' id='word_1_396' title='bbox 1933 3419 2054 3452; x_wconf 86' lang='lat' dir='ltr'><strong>eum</strong></span> <span class='ocrx_word' id='word_1_397' title='bbox 2079 3419 2177 3454; x_wconf 88' lang='lat' dir='ltr'><strong>suo</strong></span> <span class='ocrx_word' id='word_1_398' title='bbox 2211 3404 2472 3472; x_wconf 83' lang='lat' dir='ltr'><strong>conjunc·</strong></span> 
     </span>
     <span class='ocr_line' id='line_1_63' title="bbox 1466 3481 2472 3556; baseline 0.002 -21"><span class='ocrx_word' id='word_1_399' title='bbox 1466 3481 1610 3535; x_wconf 77' lang='lat' dir='ltr'><strong>tivo?</strong></span> <span class='ocrx_word' id='word_1_400' title='bbox 1653 3481 1839 3534; x_wconf 82' lang='lat' dir='ltr'><strong>Aliena</strong></span> <span class='ocrx_word' id='word_1_401' title='bbox 1882 3495 2056 3533; x_wconf 79' lang='lat' dir='ltr'><strong>tamen</strong></span> <span class='ocrx_word' id='word_1_402' title='bbox 2104 3482 2262 3534; x_wconf 82' lang='lat' dir='ltr'><strong>fuerit</strong></span> <span class='ocrx_word' id='word_1_403' title='bbox 2301 3482 2472 3556; x_wconf 63' lang='lat' dir='ltr'><strong>zelent,</strong></span> 
     </span>
     <span class='ocr_line' id='line_1_64' title="bbox 1465 3558 2474 3633; baseline 0 -21"><span class='ocrx_word' id='word_1_404' title='bbox 1465 3578 1581 3632; x_wconf 65' lang='lat' dir='ltr'><strong>qua*</strong></span> <span class='ocrx_word' id='word_1_405' title='bbox 1596 3561 1742 3633; x_wconf 76' lang='lat' dir='ltr'><strong>prius</strong></span> <span class='ocrx_word' id='word_1_406' title='bbox 1759 3569 1843 3627; x_wconf 81' lang='lat' dir='ltr'><strong>ut,</strong></span> <span class='ocrx_word' id='word_1_407' title='bbox 1859 3562 2090 3633; x_wconf 81' lang='lat' dir='ltr'><strong>itemque</strong></span> <span class='ocrx_word' id='word_1_408' title='bbox 2104 3558 2217 3613; x_wconf 76' lang='lat' dir='ltr'><strong>hoec</strong></span> <span class='ocrx_word' id='word_1_409' title='bbox 2232 3599 2249 3627; x_wconf 88' lang='lat'><strong>‚</strong></span> <span class='ocrx_word' id='word_1_410' title='bbox 2267 3571 2474 3613; x_wconf 77' lang='lat' dir='ltr'><strong>tantum</strong></span> 
     </span>
     <span class='ocr_line' id='line_1_65' title="bbox 1462 3638 2474 3710; baseline 0.001 -19"><span class='ocrx_word' id='word_1_411' title='bbox 1462 3649 1828 3710; x_wconf 76' lang='lat' dir='ltr'><strong>consequatur,</strong></span> <span class='ocrx_word' id='word_1_412' title='bbox 1853 3638 2201 3709; x_wconf 76' lang='lat' dir='ltr'><strong>expungenda</strong></span> <span class='ocrx_word' id='word_1_413' title='bbox 2223 3639 2441 3692; x_wconf 81' lang='lat' dir='ltr'><strong>suadeat</strong></span> <span class='ocrx_word' id='word_1_414' title='bbox 2456 3680 2474 3708; x_wconf 87' lang='lat'>‚</span> 
     </span>
     <span class='ocr_line' id='line_1_66' title="bbox 1462 3715 2477 3789; baseline 0 -18"><span class='ocrx_word' id='word_1_415' title='bbox 1462 3732 1522 3771; x_wconf 73' lang='lat' dir='ltr'><strong>ut</strong></span> <span class='ocrx_word' id='word_1_416' title='bbox 1544 3715 1661 3771; x_wconf 76' lang='lat' dir='ltr'><strong>talis</strong></span> <span class='ocrx_word' id='word_1_417' title='bbox 1681 3730 1942 3770; x_wconf 74' lang='lat' dir='ltr'><strong>structum</strong></span> <span class='ocrx_word' id='word_1_418' title='bbox 1961 3720 2249 3789; x_wconf 77' lang='lat' dir='ltr'><strong>contingat.</strong></span> <span class='ocrx_word' id='word_1_419' title='bbox 2271 3720 2477 3771; x_wconf 85' lang='lat' dir='ltr'><strong>Consti-</strong></span> 
     </span>
     <span class='ocr_line' id='line_1_67' title="bbox 1464 3795 2473 3867; baseline 0.001 -18"><span class='ocrx_word' id='word_1_420' title='bbox 1464 3798 1542 3849; x_wconf 80' lang='lat' dir='ltr'><strong>tui</strong></span> <span class='ocrx_word' id='word_1_421' title='bbox 1570 3809 1745 3848; x_wconf 75' lang='lat' dir='ltr'><strong>autem</strong></span> <span class='ocrx_word' id='word_1_422' title='bbox 1775 3795 1961 3852; x_wconf 70' lang='lat' dir='ltr'><strong>debet.</strong></span> <span class='ocrx_word' id='word_1_423' title='bbox 1987 3796 2129 3867; x_wconf 84' lang='lat' dir='ltr'><strong>quod</strong></span> <span class='ocrx_word' id='word_1_424' title='bbox 2159 3800 2226 3850; x_wconf 87' lang='lat' dir='ltr'><strong>sit</strong></span> <span class='ocrx_word' id='word_1_425' title='bbox 2260 3797 2473 3867; x_wconf 85' lang='lat' dir='ltr'><strong>subjec-</strong></span> 
     </span>
    </p>
   </div>
   <div class='ocr_carea' id='block_1_9' title="bbox 1461 3872 2567 3946">
    <p class='ocr_par' dir='ltr' id='par_1_14' title="bbox 1461 3872 2567 3946">
     <span class='ocr_line' id='line_1_68' title="bbox 1461 3872 2567 3946; baseline 0.001 -20"><span class='ocrx_word' id='word_1_426' title='bbox 1461 3887 1576 3926; x_wconf 81' lang='lat' dir='ltr'><strong>tum</strong></span> <span class='ocrx_word' id='word_1_427' title='bbox 1602 3876 1657 3925; x_wconf 79' lang='lat' dir='ltr'><strong>in</strong></span> <span class='ocrx_word' id='word_1_428' title='bbox 1687 3872 1848 3926; x_wconf 83' lang='lat' dir='ltr'><strong>verbo</strong></span> <span class='ocrx_word' id='word_1_429' title='bbox 1873 3875 2125 3946; x_wconf 77' lang='lat' dir='ltr'><strong>pervenit.</strong></span> <span class='ocrx_word' id='word_1_430' title='bbox 2153 3876 2313 3927; x_wconf 80' lang='lat' dir='ltr'><strong>Recte</strong></span> <span class='ocrx_word' id='word_1_431' title='bbox 2338 3876 2473 3928; x_wconf 87' lang='lat' dir='ltr'><strong>Ges·</strong></span> <span class='ocrx_word' id='word_1_432' title='bbox 2542 3892 2567 3907; x_wconf 91' lang='lat'><strong>··</strong></span> 
     </span>
    </p>
   </div>
   <div class='ocr_carea' id='block_1_10' title="bbox 1463 3952 2489 4263">
    <p class='ocr_par' dir='ltr' id='par_1_15' title="bbox 1463 3952 2489 4263">
     <span class='ocr_line' id='line_1_69' title="bbox 1463 3952 2470 4008; baseline 0.002 -2"><span class='ocrx_word' id='word_1_433' title='bbox 1463 3972 1622 4006; x_wconf 78' lang='lat' dir='ltr'><strong>uerus</strong></span> <span class='ocrx_word' id='word_1_434' title='bbox 1665 3952 1884 4004; x_wconf 87' lang='lat' dir='ltr'><strong>similem</strong></span> <span class='ocrx_word' id='word_1_435' title='bbox 1928 3953 2208 4006; x_wconf 78' lang='lat' dir='ltr'><strong>formulam</strong></span> <span class='ocrx_word' id='word_1_436' title='bbox 2246 3954 2470 4008; x_wconf 89' lang='lat' dir='ltr'><strong>demon-</strong></span> 
     </span>
     <span class='ocr_line' id='line_1_70' title="bbox 1465 4031 2473 4102; baseline 0.003 -18"><span class='ocrx_word' id='word_1_437' title='bbox 1465 4045 1597 4085; x_wconf 72' lang='lat' dir='ltr'><strong>strat</strong></span> <span class='ocrx_word' id='word_1_438' title='bbox 1610 4033 1676 4097; x_wconf 82' lang='lat' dir='ltr'><strong>X,</strong></span> <span class='ocrx_word' id='word_1_439' title='bbox 1691 4049 1742 4102; x_wconf 85' lang='lat'><strong>7,</strong></span> <span class='ocrx_word' id='word_1_440' title='bbox 1763 4050 1843 4100; x_wconf 88' lang='lat'><strong>¹9·</strong></span> <span class='ocrx_word' id='word_1_441' title='bbox 1862 4032 1919 4082; x_wconf 87' lang='lat' dir='ltr'><strong>ln</strong></span> <span class='ocrx_word' id='word_1_442' title='bbox 1936 4031 2121 4084; x_wconf 77' lang='lat' dir='ltr'><strong>harum</strong></span> <span class='ocrx_word' id='word_1_443' title='bbox 2140 4034 2473 4087; x_wconf 85' lang='lat' dir='ltr'><strong>locutionum</strong></span> 
     </span>
     <span class='ocr_line' id='line_1_71' title="bbox 1463 4110 2489 4185; baseline 0.003 -22"><span class='ocrx_word' id='word_1_444' title='bbox 1463 4124 1653 4164; x_wconf 78' lang='lat' dir='ltr'><strong>neutra</strong></span> <span class='ocrx_word' id='word_1_445' title='bbox 1678 4110 2029 4183; x_wconf 76' lang='lat' dir='ltr'><strong>impersonale</strong></span> <span class='ocrx_word' id='word_1_446' title='bbox 2051 4111 2269 4165; x_wconf 79' lang='lat' dir='ltr'><strong>verbum</strong></span> <span class='ocrx_word' id='word_1_447' title='bbox 2294 4133 2489 4185; x_wconf 77' lang='lat' dir='ltr'><strong>perve-</strong></span> 
     </span>
     <span class='ocr_line' id='line_1_72' title="bbox 1463 4192 2474 4263; baseline 0.006 -20"><span class='ocrx_word' id='word_1_448' title='bbox 1463 4193 1578 4245; x_wconf 72' lang='lat' dir='ltr'><strong>nire</strong></span> <span class='ocrx_word' id='word_1_449' title='bbox 1615 4210 1902 4263; x_wconf 77' lang='lat' dir='ltr'><strong>agnosces,</strong></span> <span class='ocrx_word' id='word_1_450' title='bbox 1928 4192 2011 4246; x_wconf 80' lang='lat' dir='ltr'><strong>vel</strong></span> <span class='ocrx_word' id='word_1_451' title='bbox 2042 4193 2329 4247; x_wconf 73' lang='lat' dir='ltr'><strong>subaudies</strong></span> <span class='ocrx_word' id='word_1_452' title='bbox 2362 4214 2474 4259; x_wconf 65' lang='grc' dir='ltr'><strong>τες,</strong></span> 
     </span>
    </p>
   </div>
  </div>
 </body>
</html>
