3200 5159
680 507 809 576 316

1247 507 1342 570 M.
1381 506 1612 572 FABII
1649 506 2207 590 QUINTILIANI

660 631 924 731 spatio¹
995 631 1354 730 pertinax,
1419 653 1572 704 tum
1628 632 1853 704 labori
1916 660 2058 705 non
2117 632 2371 705 facile²
2437 659 2781 707 cessurus.

563 763 630 831 4¹
669 748 917 846 Neque
948 746 1390 845 gravissimus
1409 745 1437 790 ³
1469 744 1756 819 autem4
1785 747 1858 819 in
1897 748 2164 821 musica
2193 775 2440 837 sonna,
2470 777 2601 821 nec
2630 777 2795 822 acu·

668 862 983 935 tissimus
1026 862 1473 935 orationibus
1529 863 1908 955 convenit:
1963 891 2131 936 nam
2191 886 2260 937 et
2309 864 2475 938 hic⁵
2535 892 2790 965 parum
2863 892 2870 901 ·

667 978 942 1068 claru5‚
1010 979 1458 1078 nimiumque
1512 980 1812 1079 plenus,
1878 981 2161 1054 nullum
2218 983 2469 1054 afferre
2531 983 2792 1055 animis
2869 1016 2878 1023 ·

669 1116 945 1167 motum
988 1118 1244 1197 potest;
1292 1118 1359 1169 et
1398 1096 1516 1170 ille
1557 1096 2001 1196 praetenuis⁶‚
2045 1120 2113 1171 et
2155 1098 2552 1172 immodicae
2587 1099 2793 1172 clari-

668 1211 855 1300 tatiS‚
904 1238 1130 1310 quum
1179 1233 1278 1284 est
1322 1212 1498 1284 ultra
1544 1239 1831 1303 verum,
1878 1234 2028 1285 tum
2079 1240 2309 1311 neque
2357 1212 2792 1312 pronuncia-

669 1326 865 1399 tione
930 1326 1158 1419 flecti‚
1209 1355 1438 1424 neque
1488 1326 1750 1401 diutius
1794 1330 1976 1402 ferre
2029 1328 2495 1402 intentionem
2548 1349 2789 1429 potest.

669 1446 855 1519 Nam
899 1470 1071 1535 vox,
1132 1465 1209 1516 ut
1259 1445 1493 1534 nervi,
1559 1473 1702 1544 quo
1752 1446 2138 1538 remissior,
2186 1448 2319 1520 hoc
2364 1447 2674 1546 gravior⁷
2728 1468 2796 1521 et

677 1623 701 1648 a
722 1619 831 1652 non
855 1617 995 1651 unus
1019 1599 1183 1651 modo
1204 1614 1365 1672 atque
1378 1601 1512 1654 alter
1526 1620 1690 1654 sonna
1768 1601 1941 1655 cilices
1964 1620 2148 1657 rursus.
2177 1604 2342 1655 Cau».
2373 1602 2606 1673 (omisso
2634 1616 2794 1657 antea

679 1702 703 1727 ι
724 1677 1074 1752 respondeat,
1111 1678 1205 1731 sed
1235 1682 1539 1752 quicunque
1568 1694 1693 1732 sunt

680 1780 704 1805 ιι
724 1760 779 1809 in
800 1755 1129 1829 polychordo
1142 1795 1159 1822 ‚
1178 1758 1262 1811 vel
1278 1757 1590 1832 hydraulico
1607 1778 1693 1810 or-

680 1858 704 1883 ·
724 1855 896 1907 gano,
938 1838 1051 1886 toni
1080 1851 1316 1907 pareant.
1353 1837 1470 1890 vid.
1498 1839 1595 1901 xl,
1626 1839 1693 1905 3,

681 1936 707 1961 ι
729 1914 811 1980 16,
836 1912 930 1966 ubi
950 1912 1109 1966 tubos
1132 1914 1519 1985 quosdam‚vel
1539 1916 1696 1968 tibias

683 2017 707 2041 α
727 1994 978 2065 intelligi,
1002 2014 1099 2067 per
1123 2014 1254 2067 quas
1288 1999 1503 2069 spiritus
1527 2011 1696 2065 meet,

681 2097 705 2122 a
726 2088 974 2146 apertum
1001 2089 1080 2127 est
1108 2097 1119 2127 :
1150 2077 1387 2129 sectione
1409 2095 1536 2129 vero
1570 2078 1697 2146 169,

682 2173 707 2200 ιι
725 2171 981 2227 ovyanum
1029 2173 1144 2207 esse
1190 2168 1419 2228 systema
1462 2155 1698 2227 plurium

682 2251 707 2278 ιι
726 2249 999 2285 sonorum.
1024 2232 1249 2303 Elegana
1265 2233 1577 2286 Tertulliani
1609 2233 1699 2286 de-

676 2331 702 2356 ·
728 2312 944 2381 scriptio
979 2329 1043 2363 ex
1082 2310 1173 2363 lib.
1199 2310 1267 2364 de
1296 2314 1471 2365 anima
1509 2331 1559 2364 c.
1596 2314 1696 2380 14,

682 2409 707 2436 ιι
727 2392 885 2441 etiam
909 2389 996 2442 hic
1017 2390 1223 2461 legatur
1240 2414 1254 2443 z
1274 2393 1460 2465 Specta
1479 2404 1695 2466 porten-

683 2491 709 2516 α
730 2470 1035 2522 ίοείςείηιαηι
1097 2472 1423 2524 Archimedis
1481 2471 1697 2546 munifi·

685 2570 709 2595 ιι
729 2551 985 2615 centiam,
1029 2568 1289 2623 orqanum
1329 2550 1696 2622 hydraulicum

683 2651 707 2677 n
727 2629 873 2696 dico,
905 2641 983 2682 tot
1003 2630 1261 2696 membra,
1298 2642 1377 2682 tot
1390 2642 1594 2703 partes,
1623 2641 1700 2682 tot

686 2732 710 2757 α
729 2709 1090 2781 compagines,
1139 2720 1217 2761 tot
1255 2710 1443 2763 itinera
1477 2728 1693 2775 vocum,

683 2813 707 2837 α
728 2800 805 2843 tot
817 2788 1128 2859 compendia
1160 2807 1434 2856 sonorum,
1465 2799 1542 2840 tot
1558 2807 1698 2841 com-

680 2892 705 2918 «
729 2870 918 2922 mercia
944 2867 1251 2935 modorum,
1283 2880 1359 2921 tot
1380 2870 1515 2921 acies
1543 2869 1700 2922 tibia-

683 2972 707 2997 «
728 2966 873 3014 rum,
912 2959 962 2999 et
984 2966 1094 2999 una
1118 2946 1279 3000 moles
1309 2959 1458 2999 erant
1494 2949 1693 3001 omnia.

685 3048 710 3075 ιι
730 2986 964 3079 Ctesibio
990 3025 1203 3091 tribuit,
1226 3038 1279 3085 et
1296 3027 1535 3078 nominat
1563 3025 1694 3079 Plin.

685 3127 709 3152 ιι
726 3106 821 3155 vll
834 3141 850 3167 ,
867 3102 956 3171 37,
974 3120 1078 3154 sec.
1097 3103 1185 3169 38,
1202 3117 1254 3156 et
1269 3103 1516 3174 leguntur
1534 3103 1696 3157 hodie

685 3203 709 3229 α
730 3180 1148 3233 machinationes
1186 3179 1243 3232 id
1264 3200 1432 3251 genus
1456 3183 1510 3233 in
1540 3180 1696 3234 disci-

685 3284 709 3309 «
729 3261 840 3333 puli
863 3260 1001 3312 illius
1026 3261 1252 3312 Heronio
1282 3259 1619 3334 spiritalibus
1642 3262 1698 3313 in

686 3363 710 3388 α
730 3341 851 3394 fine.
897 3341 1135 3392 Poeticae
1169 3338 1550 3410 descriptiones
1574 3357 1699 3410 sup-

688 3441 712 3467 «
732 3418 1085 3492 peditavimus
1115 3417 1184 3470 ad
1220 3416 1516 3471 Clu-eston.
1550 3416 1702 3470 Plinii

688 3521 713 3547 a
734 3499 917 3551 XLVII
932 3516 1046 3560 ;no.
1068 3514 1086 3548 1
1099 3514 1125 3548 2
1140 3535 1158 3563 ,
1174 3516 1228 3568 p.
1243 3497 1362 3563 404.
1374 3521 1397 3545 ι
1411 3498 1700 3551 Gesnerue.

757 3596 803 3631 ι.
833 3578 1008 3649 Quum
1030 3579 1216 3648 spatio.
1252 3576 1429 3630 Guelf.
1453 3617 1471 3645 ‚
1520 3588 1633 3630 tum
1655 3597 1695 3630 s.

678 3657 814 3710 Vide
831 3659 919 3722 lv,
943 3674 959 3707 ι
971 3693 988 3723 ,
1004 3657 1094 3708 66.
1112 3659 1348 3723 Poterat,
1364 3656 1535 3709 sicubi
1549 3656 1698 3724 alias,

679 3735 767 3789 hic
784 3749 988 3788 rectum
1012 3735 1174 3789 videri
1200 3748 1341 3797 tum;
1367 3736 1461 3789 sed
1478 3735 1699 3807 diligen-

681 3819 871 3869 tiorem
884 3828 1059 3868 tamen
1071 3814 1299 3867 arbitror
1310 3818 1571 3867 rationem
1585 3816 1698 3869 vul-

680 3910 830 3966 gatoe.
858 3897 968 3947 Nec
991 3892 1300 3965 probandus
1313 3893 1444 3947 Obr.
1469 3897 1561 3966 qui
1574 3913 1697 3948 mox

682 3987 793 4028 tum
817 3984 888 4025 est
917 3971 1055 4023 ultra
1077 3990 1176 4042 pro
1196 3990 1358 4043 quum
1378 3990 1423 4023 e.
1449 3992 1502 4023 u.
1517 3994 1537 4033 ,-
1571 3974 1698 4024 item

686 4052 733 4126 ς.
757 4052 854 4121 44ς
880 4051 1021 4103 idem
1050 4061 1160 4100 tum
1182 4050 1426 4123 yratiam.

753 4149 800 4184 2.
842 4129 1019 4181 Facile
1058 4146 1301 4181 cessurus.
1336 4130 1515 4182 Turic.
1554 4129 1698 4182 Flor.

676 4210 795 4285 (hic
809 4212 1031 4283 primam
1053 4227 1236 4261 vocem
1258 4208 1563 4279 disjunctim
1579 4208 1705 4281 λία-

1770 1681 1913 1753 non)
1925 1682 1980 1753 f.
2003 1700 2225 1736 cesara-us
2248 1700 2432 1735 rumis.

1842 1761 1894 1813 3.
1916 1763 2294 1816 Gravissimum.
2302 1763 2390 1814 .in
2407 1762 2602 1814 musica
2619 1780 2790 1815 sonus.

1771 1841 1919 1895 Nihil
1933 1842 2127 1895 aliud
2107 1863 2163 1895 m
2179 1842 2377 1895 musica
2391 1841 2478 1895 hic
2480 1842 2791 1933 fignificat,

1779 1940 1938 1992 qnam
1978 1924 2022 1974 si
2064 1921 2266 1974 dictum
2302 1935 2440 1974 esset
2473 1922 2525 1973 in
2555 1920 2791 2016 chordis,

1774 2001 1901 2054 vel
1883 2021 1939 2053 m
1962 2000 2107 2073 lym,
2136 2015 2190 2054 et
2211 2017 2355 2055 recte
2377 1989 2509 2057 nien:
2530 2013 2582 2053 et
2604 1986 2792 2056 arsiam

1777 2079 2026 2134 admonet
2042 2080 2248 2133 Pseudo
2251 2079 2572 2132 &Turnebus
2589 2078 2726 2130 Vide
2741 2081 2793 2145 1,

1785 2171 1877 2223 ιο,
1900 2157 1952 2209 3.

1847 2235 1900 2301 4.
1916 2234 2108 2287 Autem
2119 2258 2138 2298 ;
2160 2239 2235 2288 sic
2249 2236 2425 2288 Turio.
2445 2234 2586 2287 Flor.
2605 2234 2788 2289 Ambr.

1780 2329 1809 2365 2
1823 2351 1841 2379 ,
1862 2311 2038 2371 Guelf.
2057 2316 2220 2366 Cur.
2251 2332 2372 2365 cum
2390 2311 2551 2365 Goth.
2584 2325 2637 2364 et
2657 2311 2785 2365 edd.

1776 2404 1900 2443 ante
1923 2391 2121 2465 Gryph.
2147 2392 2356 2463 Reliqui
2378 2402 2463 2457 ut,
2501 2390 2791 2444 foedisaimo

1778 2469 2034 2545 asyndeto
2047 2509 2062 2532 ,
2079 2490 2177 2524 nec
2195 2471 2301 2524 nlla
2318 2471 2490 2543 proba
2507 2473 2790 2524 sententia.

1775 2551 2041 2602 —Nostri
2058 2562 2261 2616 autem,
2279 2562 2485 2622 except.
2502 2549 2652 2602 Poul.
2664 2587 2682 2617 ,
2700 2550 2795 2622 qni

1777 2629 1925 2683 solus
1951 2641 2025 2681 ut.
2057 2632 2153 2682 En.

1850 2709 1899 2763 5.
1929 2710 2002 2760 Et
2040 2709 2179 2762 hic...
2209 2718 2263 2760 et
2295 2706 2404 2760 ille.
2442 2709 2622 2761 Turic-
2646 2707 2790 2760 Flor.

1775 2790 1941 2842 Cnn».
1955 2790 2036 2855 ,ἰη
2058 2788 2191 2841 luis...
2210 2785 2303 2840 ille
2314 2787 2534 2857 (omisso
2551 2800 2672 2840 ante
2683 2786 2795 2858 et),

1777 2870 2114 2939 conspirante
2130 2870 2183 2921 in
2199 2870 2374 2939 priore
2389 2870 2642 2920 varietate
2653 2867 2791 2920 Alm.

1777 2945 2048 2998 Sententia
2082 2944 2296 3016 quidem
2331 2962 2440 2996 non
2466 2957 2546 2997 est
2567 2943 2714 2998 nulla
2735 2946 2795 2998 in

1776 3023 1878 3077 hac
1903 3026 2138 3076 ratione:
2166 3026 2224 3075 in
2245 3023 2326 3075 his
2338 3018 2437 3095 pro
2460 3025 2649 3076 horum
2665 3025 2794 3076 duo·

1779 3122 1930 3165 rum3
1972 3122 2071 3156 nec
2097 3106 2270 3156 statim
2305 3106 2379 3156 sic
2415 3105 2637 3156 recurrit
2667 3122 2796 3175 per-

1776 3181 2020 3234 turbatus
2034 3185 2410 3255 pronominum
2427 3181 2559 3234 ordo
2572 3218 2590 3248 ,
2601 3182 2668 3234 de
2683 3201 2793 3254 qno

1775 3260 1895 3314 vide
1920 3261 2082 3314 modo
2108 3261 2153 3332 §.
2180 3261 2268 3328 40.
2295 3261 2598 3331 Elegantior
2613 3274 2791 3313 tamen

1779 3339 1945 3392 videri
1956 3353 2134 3410 potest
2149 3340 2377 3411 vulgata.
2396 3340 2556 3392 Goth.
2573 3351 2624 3391 et
2640 3338 2792 3391 ille...

1781 3419 2124 3470 intentionem
2157 3429 2324 3490 potest
2354 3420 2554 3470 omittit
2577 3431 2796 3488 propter

1781 3496 2237 3550 hornoeoteleuton
2274 3495 2423 3568 (vide
2448 3495 2493 3568 §.
2525 3495 2642 3567 36).
2687 3499 2792 3548 Pro

1782 3576 1924 3629 ultra
1947 3576 2088 3628 Flor.
2115 3576 2351 3628 vulnera.
2473 3644 2476 3651 Ι
2779 3640 2786 3646 ,

1850 3650 1902 3706 6.
1917 3654 2218 3708 Proetenm’s.
2238 3653 2510 3707 Guelferb.
2523 3693 2541 3720 ,
2552 3656 2795 3725 protinus

1777 3734 2169 3807 (superscripta
2217 3748 2340 3788 aunt
2391 3734 2503 3787 haec
2542 3735 2756 3807 ptenuis
2771 3772 2791 3799 ,

1774 3815 1963 3886 pennis
1978 3814 2015 3883 ).
2045 3812 2173 3866 Obr.
2188 3850 2206 3877 ,
2218 3812 2507 3884 pertenuis,
2533 3824 2593 3863 ut
2606 3829 2795 3863 secun-

1775 3892 1846 3945 da
1860 3892 2035 3945 Guelf.
2048 3910 2253 3944 manns,
2270 3889 2373 3944 Sed
2387 3889 2506 3942 vide
2521 3889 2592 3940 xl
2602 3927 2620 3949 ,
2646 3908 2664 3941 1
2675 3928 2692 3956 ‚
2704 3891 2766 3943 31
2777 3929 2792 3941 .

1853 3990 1902 4043 7.
1931 3972 2049 4024 Hoc
2071 3971 2308 4044 qmvior,·
2342 3973 2418 4023 sic
2448 3969 2625 4022 Tur-ic.
2650 3970 2792 4021 Flor.

1778 4050 1960 4103 Ambr.
1983 4069 2010 4104 2
2028 4088 2046 4115 ,
2067 4051 2243 4103 Guelf.
2265 4048 2426 4102 Goth.
2452 4048 2473 4114 (
2485 4062 2589 4101 tac.
2604 4049 2796 4119 Gesn.)

1780 4133 1940 4185 Cur.
1973 4148 2095 4183 curn
2112 4129 2300 4183 Almel.
2323 4129 2532 4200 Reliqui
2555 4130 2798 4181 inserunt

1781 4221 1859 4272 et,-
1901 4208 1996 4263 sed
2027 4210 2256 4262 vicissim
2277 4226 2417 4261 unus
2454 4206 2622 4261 Cim.
2652 4205 2794 4261 idem
