3200 5159
664 527 1312 598 INSTITUTIOMS
1351 527 1607 594 onA'r.
1650 527 2006 608 LIB.·x11,
2052 528 2110 594 5.

2308 526 2435 614 469
2520 606 2527 613 .

337 649 683 748 studium,
716 656 895 730 nihil
935 657 1281 758 profectus
1315 656 1459 755 ipse
1489 654 1852 755 profuerit3
1887 675 1966 726 ut
1998 654 2053 727 si
2093 653 2213 725 des
2244 679 2438 725 arma

342 768 603 844 timidis
619 793 689 846 et
707 771 1132 845 imbellibus,
1154 771 1412 843 Invitus
1433 768 1830 842 mehercule
1848 783 1867 816 ¹
1893 769 2073 858 dico,
2096 768 2441 870 quoniam

345 906 412 957 et
433 885 629 961 aliter
654 889 873 988 accipi
900 909 1149 989 potest,
1180 887 1407 982 ipsam
1432 885 1960 972 verecundiam,
1981 882 2268 955 vitium²
2295 882 2445 985 qui-

349 1000 544 1088 dem,
584 1000 749 1070 ⁶2:1³
789 994 1096 1070 amabile
1118 1054 1137 1087 ,
1178 1017 1246 1069 et
1273 1023 1426 1097 quae
1453 996 1735 1069 virtutes
1767 996 2097 1069 facillime
2125 1017 2444 1096 generet,

348 1136 495 1182 esse
530 1110 708 1184 inter
739 1112 1026 1186 adversa
1039 1110 1096 1203 4,
1131 1112 1513 1214 multisque
1540 1113 1615 1184 iu
1646 1140 1853 1186 causa
1877 1113 2125 1202 fuisse,
2157 1134 2235 1183 ut
2260 1114 2449 1186 bona

353 1317 412 1355 ut
447 1306 653 1377 singula
687 1307 1010 1373 ascendant,
1053 1326 1210 1361 ars...
1247 1318 1359 1361 stu-

351 1382 511 1435 dium.
520 1423 552 1435 ..
561 1385 843 1459 profectum·
860 1405 923 1438 ex
933 1399 1044 1438 arte
1056 1384 1186 1455 (sive
1202 1388 1364 1438 scien·

352 1462 448 1532 tia)
461 1476 514 1515 et
524 1462 699 1516 studio
710 1464 842 1536 (sive
853 1465 1252 1537 exercitatione)
1268 1466 1365 1516 ori-

355 1557 439 1594 tur
452 1544 722 1615 profectus
738 1546 793 1596 in
809 1563 908 1597 usu
924 1545 1287 1608 artimwom.

435 1638 477 1673 1.
506 1621 832 1684 Mehemule;
868 1625 944 1676 sic
966 1623 1128 1675 (ἔω.
1160 1635 1214 1674 et
1240 1621 1362 1675 edd.

357 1700 459 1770 (de
484 1703 629 1754 Jens.
659 1715 761 1755 tac.
796 1702 979 1767 Gesn.)
1013 1703 1119 1755 mei
1152 1701 1365 1773 quidem

358 1793 482 1832 ante
505 1781 662 1832 Rusc.
699 1780 790 1832 Me
813 1778 1066 1846 herentes,
1090 1781 1363 1832 Turicens.

360 1859 500 1912 Flor.
526 1859 704 1912 Guelf.
720 1862 933 1925 Omen-i,
959 1857 1230 1911 mehercle.
1255 1860 1368 1911 Nos

364 1939 508 2013 quod
548 1941 824 2011 posuimus
865 1942 1174 1992 constantin
1216 1937 1370 1991 dedi·

365 2015 509 2071 mus:
525 2035 652 2070 nam
664 2016 784 2070 vide
797 2032 911 2070 not.
934 2018 966 2084 4
984 2017 1051 2070 ad
1069 2019 1135 2070 Vl
1146 2056 1164 2084 ‚
1178 2017 1231 2082 3,
1248 2016 1335 2086 74.

437 2115 486 2149 2.
515 2096 713 2151 Vitium
741 2095 983 2170 quidem,
1018 2095 1106 2148 sed
1126 2093 1370 2147 amabile.

367 2178 490 2228 Haec
506 2174 788 2227 verborum
804 2176 1055 2245 junctura
1069 2211 1086 2239 ‚
1109 2192 1213 2246 qua
1229 2191 1375 2225 com·

365 2252 634 2307 mendatio
673 2254 784 2305 vitii
827 2271 926 2326 per
971 2252 1059 2306 sed
1100 2251 1375 2322 adjicitur,

366 2349 583 2386 causam
623 2332 828 2400 reddit,
873 2350 969 2384 cur
1011 2330 1206 2384 invitus
1243 2329 1376 2383 illud

367 2412 598 2466 damnet.
614 2410 776 2481 Quod
790 2409 913 2463 ideo
930 2428 1124 2463 moneo
1135 2447 1153 2476 ‚
1173 2428 1241 2462 ne
1257 2410 1376 2481 quis

368 2493 708 2546 omissionem
742 2488 1018 2563 particulae
1054 2488 1145 2542 sed
1176 2491 1233 2540 in
1265 2505 1375 2541 uno

367 2570 565 2624 Codice
584 2571 798 2642 arripiat
818 2569 884 2622 ad
905 2568 1049 2622 hunc
1064 2586 1276 2621 sensum
1295 2586 1379 2620 ex-

369 2650 700 2705 tundendnm
721 2672 733 2701 x
769 2673 792 2697 ι
809 2648 1034 2703 amabile
1064 2647 1279 2720 quidem
1301 2650 1378 2699 vi-

376 2736 584 2797 nium,
624 2746 677 2785 et
718 2749 833 2805 quae
867 2733 1085 2783 virtutes
1127 2741 1374 2801 generet,

376 2836 399 2860 α
421 2831 533 2865 esse
563 2824 736 2863 tamen
773 2812 909 2862 inter
936 2809 1170 2862 adversa.
1195 2831 1217 2855 ι·
1251 2809 1373 2862 Non

372 2906 516 2945 recte
540 2904 715 2943 autem
740 2888 935 2942 docent
950 2926 967 2954 ‚
991 2890 1084 2960 qui
1107 2887 1377 2961 duplicem

373 2991 487 3026 esse
517 2968 893 3023 verecundiam
933 2980 1204 3035 statuunt,
1245 2985 1379 3038 qua-

374 3071 492 3106 rum
522 3051 738 3104 alteram
764 3063 969 3101 tantum
1000 3047 1089 3101 hic
1115 3048 1381 3118 vituperet

372 3134 554 3201 Quint.
581 3131 717 3183 Nam
743 3130 786 3180 si
808 3130 879 3179 ita
905 3142 1040 3180 esset
1056 3165 1073 3193 ‚
1101 3139 1245 3179 certe
1268 3143 1379 3177 non

375 3211 513 3263 hanc
537 3209 783 3262 virtutum
799 3208 1105 3280 genitricem
1130 3203 1381 3277 predica·

374 3304 472 3344 ret.
492 3290 728 3362 Apparet
751 3289 911 3358 igitur
929 3306 1049 3338 eum
1071 3304 1182 3337 non
1202 3284 1382 3337 distin-

374 3387 569 3441 guere3
598 3367 689 3420 sed
719 3368 773 3418 in
801 3385 866 3419 eo
888 3364 1150 3439 paradoxi
1183 3362 1384 3435 aliquid

378 3466 639 3522 quarere,
678 3445 824 3518 quod
858 3443 1230 3497 verecundiam
1271 3445 1384 3495 sine

376 3528 677 3580 discrimine
691 3526 875 3577 vitium
898 3541 1014 3575 esse
1038 3523 1381 3595 pronunciat:

377 3607 432 3660 id
454 3606 600 3659 haud
623 3604 784 3657 dubie
803 3616 1047 3676 spectans
1064 3639 1081 3666 ‚
1108 3599 1253 3671 quod
1276 3618 1387 3651 non

380 3690 445 3740 sit
463 3706 559 3740 cur
577 3695 812 3737 ver-eatur
828 3700 1061 3754 unquam
1078 3684 1158 3734 vir
1175 3680 1349 3732 bonus
1367 3702 1380 3732 ε

380 3767 560 3819 vitium
585 3766 764 3836 igitur,
791 3761 883 3816 sed
910 3760 1057 3833 quod
1080 3779 1143 3812 eo
1169 3762 1384 3811 nomine

379 3846 585 3895 veniam
615 3862 645 3896 a
670 3839 995 3914 sapientibus
1023 3840 1180 3890 etiam
1214 3840 1386 3908 impe-

382 3937 516 3989 tret,
541 3921 688 3994 quod
718 3921 959 3974 homines
975 3957 992 3985 ‚
1019 3920 1266 3970 vitiosum
1292 3935 1386 3986 ge-

383 4021 514 4070 nus,
539 4021 569 4055 a
592 4000 863 4074 pejoribus
890 3999 1033 4051 haud
1067 4018 1184 4050 raro
1216 3996 1388 4050 abdu-

381 4092 503 4146 cat,
531 4094 583 4155 et
608 4080 699 4132 fiat
727 4081 877 4151 quasi
898 4081 980 4130 via
1015 4077 1082 4130 ad
1115 4080 1255 4147 ipsas
1282 4077 1389 4128 vir-

382 4172 541 4213 tutes.
573 4163 651 4212 lta
674 4173 728 4213 et
748 4158 875 4213 alibi
898 4158 1126 4211 honesto
1153 4158 1275 4210 loco
1298 4176 1389 4208 ve-

377 4240 690 4294 recundiam
726 4253 983 4294 memorat
1015 4237 1168 4309 (vide
1198 4239 1283 4304 lv,
1326 4256 1352 4289 2
1373 4277 1389 4302 .‚

1441 1310 1537 1373 883
1560 1311 1661 1375 VI,
1686 1311 1739 1377 3,
1764 1310 1868 1376 643
1900 1312 1959 1362 it.
1985 1307 2337 1375 verecundior,
2362 1311 2453 1376 lv,

1445 1407 1472 1441 2
1487 1427 1502 1454 ‚
1525 1390 1589 1461 8)
1609 1403 1663 1442 et
1685 1389 1771 1442 hic
1796 1410 1892 1463 per
1915 1407 2206 1463 oxymoron
2231 1387 2456 1441 amabile

1443 1469 1632 1521 vitium
1653 1467 1812 1536 dicit,
1830 1468 1923 1521 sed
1937 1470 2123 1520 vitium
2143 1480 2347 1533 tamen,
2368 1467 2455 1519 cui

1446 1545 1797 1598 obnitendum
1820 1549 1887 1599 sit
1901 1584 1919 1612 ,
1945 1547 2154 1617 quoties
2176 1545 2245 1598 ab
2268 1544 2459 1599 hones·

1445 1625 1512 1677 tis
1541 1622 1776 1676 reducat.

1517 1702 1570 1755 3.
1590 1702 1707 1754 Sed.
1734 1702 1945 1754 Omittit
1958 1705 2115 1756 Voss.
2136 1701 2188 1754 3.

1520 1782 1572 1849 4.
1609 1783 1731 1833 Esse
1754 1781 1891 1833 inter·
1909 1781 2148 1843 adversm
2182 1784 2256 1834 sic
2279 1784 2456 1835 Tur-ic.

1447 1858 1572 1930 (nisi
1594 1858 1740 1932 quod
1755 1858 1840 1911 hic
1856 1859 2197 1930 esset)Amb1-.
2219 1879 2269 1928 2,
2283 1861 2459 1913 Guelf.

1449 1941 1613 1993 Cute.
1638 1939 1803 1992 Goth.
1834 1959 1955 1991 cum
1980 1939 2115 1992 Vall.
2141 1940 2279 1992 Alm.
2307 1937 2457 1994 Rern.

1450 2019 1595 2070 Esset
1621 2018 1825 2070 interim
1851 2019 2091 2085 adversa,
2115 2019 2347 2072 Florent.
2374 2018 2464 2090 (de

1453 2096 1664 2148 interim
1685 2109 1859 2148 tamen
1877 2115 1988 2148 non
2007 2096 2198 2149 diserte
2216 2110 2465 2151 monente

1456 2177 1548 2248 qui
1580 2176 1842 2248 contulit).
1878 2176 2001 2229 Esse
2023 2177 2336 2250 interimque
2366 2178 2468 2230 ad-

1457 2273 1596 2306 versa
1610 2293 1627 2320 ,
1641 2259 1794 2308 Voss.
1818 2257 1867 2308 3.
1889 2256 2009 2309 Esse
2029 2257 2264 2329 interque
2280 2259 2466 2311 adver-

1454 2352 1599 2399 sam,
1626 2338 1779 2387 Voss.
1822 2351 1866 2386 ι.
1902 2335 2087 2388 Caeteri
2125 2355 2227 2389 esse
2257 2338 2469 2390 interim

1455 2413 1740 2465 adversam.
1771 2413 1901 2480 Quae
1936 2415 2193 2486 scriptura
2224 2412 2307 2466 bis
2339 2433 2471 2486 pee-

1457 2506 1559 2546 cat.
1598 2495 1738 2545 Nam
1776 2495 1868 2566 qui
1906 2494 2088 2545 vitium
2129 2497 2467 2566 quantumvis

1454 2573 1609 2624 venia
1648 2570 1867 2643 dignum
1901 2571 2031 2624 dicit
2061 2572 2470 2640 verecundiam,

1455 2651 1533 2716 is,
1563 2652 1715 2722 quasi
1748 2651 1814 2703 de
1850 2670 1956 2725 quo
1991 2652 2241 2705 monendi
2271 2656 2467 2720 simus,

1455 2730 1648 2782 inferre
1663 2748 1772 2781 non
1787 2743 1983 2803 potest,
1993 2750 2108 2782 eam
2125 2731 2333 2783 interim
2352 2751 2469 2785 esse

1457 2810 1729 2862 adversam
1751 2833 1763 2861 :
1790 2830 1964 2882 neque
1988 2829 2168 2863 rursus
2192 2812 2235 2863 si
2259 2811 2470 2863 interim

1458 2902 1665 2942 tantum
1685 2904 1765 2943 est
1784 2889 2000 2942 adversa
2014 2927 2031 2956 ,
2054 2888 2234 2941 multis
2255 2888 2344 2941 illa
2368 2909 2466 2963 po-

1460 2971 1559 3020 tuit
1583 2986 1698 3020 esse
1721 2970 2038 3040 perniciosa.
2069 2970 2354 3021 Manifesto
2381 2988 2471 3022 au-

1462 3063 1567 3102 tem
1599 3050 1796 3102 docent
1820 3053 2130 3121 sequentia,
2165 3049 2352 3103 sedulo
2384 3070 2471 3103 re·-

1462 3128 1653 3182 cedere
1666 3130 1921 3182 Nostrum
1937 3148 1967 3182 a
1982 3130 2182 3201 vulgari
2198 3132 2472 3202 opinione,

1464 3227 1568 3280 qua
1594 3207 1912 3260 verecundia
1947 3227 1975 3260 a
2002 3209 2258 3282 probitate
2281 3229 2472 3280 parum

1463 3287 1819 3357 distinguitur.
1849 3289 1984 3339 Huic
2016 3289 2175 3360 igitur
2199 3290 2473 3360 scriptoris

1464 3368 1630 3419 menti
1661 3367 1817 3417 unice
1850 3367 2098 3419 convenit
2129 3366 2275 3438 quod
2307 3367 2474 3418 maxi-

1464 3463 1582 3498 mus
1611 3446 1933 3516 optimorum
1962 3444 2218 3498 librorum
2243 3465 2476 3499 consen-

1467 3542 1557 3577 sus
1579 3536 1824 3596 praestat·;
1851 3524 1979 3576 dum
2003 3524 2213 3596 vulgata
2237 3527 2292 3576 in
2315 3527 2476 3597 scrip-

1467 3606 1533 3656 tis
1557 3601 1732 3655 adhuc
1756 3603 1961 3655 collatis
1977 3642 1993 3669 ‚
2017 3617 2207 3676 praeter
2227 3604 2395 3657 levem
2418 3604 2478 3656 il-

1465 3683 1576 3735 lum
1588 3685 1744 3735 Voss.
1778 3702 1804 3735 2
1831 3681 2113 3755 (siquidem
2144 3698 2287 3737 recte
2318 3683 2478 3737 silen-

1467 3776 1573 3815 tem
1592 3762 1659 3814 de
1680 3781 1745 3814 eo
1761 3765 2116 3815 Burmannum
2137 3764 2478 3834 interpretor)

1466 3844 1670 3912 integra
1704 3860 1968 3913 nusquam
2003 3854 2188 3893 exstat.
2213 3842 2285 3892 Et
2306 3841 2443 3892 bona
2457 3880 2477 3908 ‚

1465 3922 1644 3973 Turic.
1670 3920 1811 3972 Flor.
1835 3919 2053 3972 Prolata
2074 3921 2140 3973 sit
2160 3940 2192 3971 a
2216 3919 2448 3992 quodam
2463 3958 2482 3986 ,

1467 3997 1613 4049 Flor.
1660 4000 2168 4065 connituntur-entur,
2213 4001 2376 4053 Qu».
2405 4031 2479 4042 —-

1469 4078 1653 4130 Nostri
1685 4076 1887 4143 Codd.‚
1929 4095 2029 4131 esse
2066 4079 2205 4130 inter
2232 4079 2478 4146 advena,

1471 4159 1573 4209 nisi
1600 4156 1746 4287 (guod
1766 4157 1915 4211 Poul.
1935 4177 2038 4231 pro
2059 4158 2197 4233 inter
2212 4157 2303 4210 dat
2323 4160 2485 4210 inter-

1471 4256 1585 4310 que.
1662 4254 1707 4288 u.
