3200 5159
668 537 1318 604 INSTITUTIONIS
1352 537 1608 604 ORAT.
1649 540 1809 604 LlB.
1848 540 1971 619 XI,
2014 542 2076 605 3.

2294 561 2420 629 ²97

330 658 603 735 inhibet
641 660 904 751 multa,
948 681 1025 733 ut
1066 662 1417 761 insurgere
1441 677 1458 707 ¹
1508 682 1575 734 et
1615 661 2030 753 exclamare3
2076 682 2146 735 et
2187 662 2426 761 aliqua

328 775 537 874 cogit,
578 797 654 849 ut
694 775 1193 848 intermittere²
1228 796 1296 848 et
1332 774 1718 868 deflectere,
1766 798 1833 850 et
1873 774 1902 822 ³
1925 804 2103 851 rasas
2136 776 2419 851 4fauces

329 891 608 965 aelatus
634 892 999 992 fatigatum
1030 892 1326 964 deformi
1361 893 1629 966 cantico
1665 893 1984 966 reficere:
2020 893 2139 966 sed
2174 921 2300 966 nos
2338 894 2424 966 de

334 1034 415 1079 eo
441 1034 631 1081 nunc
660 1006 1105 1108 loquamur⁵‚
1136 1008 1247 1081 cui
1284 1032 1427 1081 non
1455 1010 1706 1082 frustra
1730 1010 2143 1110 praecipitur.
2176 1011 2426 1100 Quum
2476 1028 2539 1095 ¹4

333 1122 419 1194 sit
451 1144 685 1195 autem
718 1123 949 1196 omnis
980 1124 1193 1215 actio,
1238 1145 1315 1196 ut
1355 1124 1534 1213 dixi,
1584 1124 1658 1196 in
1705 1125 1875 1197 duas
1909 1124 2128 1197 divisa
2159 1146 2387 1224 partes
2408 1182 2429 1214 ‚

334 1265 567 1311 vocem
602 1255 998 1342 qestumque
1019 1299 1039 1330 ,
1083 1268 1387 1341 quorum
1428 1241 1598 1315 alter
1630 1241 1899 1329 oculos,
1934 1241 2152 1314 altera
2184 1240 2433 1314 ⁶aures

334 1375 597 1444 movet,
634 1381 758 1454 per
789 1382 964 1453 quos
996 1355 1173 1429 duos
1198 1384 1439 1430 sensus
1471 1358 1706 1430 omnis
1740 1358 1828 1429 ad
1862 1356 2186 1430 animum
2224 1383 2436 1457 pene-

337 1486 466 1540 trat
497 1471 790 1542 affectus
809 1528 829 1563 ,
871 1471 1063 1571 prius
1091 1494 1196 1545 est
1227 1474 1311 1545 de
1338 1500 1506 1546 voce
1538 1474 1766 1545 dicere
1785 1531 1804 1563 ,
1834 1472 1947 1546 cui
1979 1473 2193 1544 etiam
2219 1488 2438 1571 qestus

337 1587 925 1660 accommodatur.
960 1591 1041 1661 In
1068 1615 1151 1660 ea
1177 1589 1403 1688 prima
1426 1590 1808 1662 observatio
1838 1608 1967 1680 est,
2005 1587 2278 1689 qualem
2302 1585 2436 1658 ha-

342 1695 496 1770 beas
508 1729 532 1783 ;
559 1701 899 1791 secunda,
936 1703 1280 1802 quomodo
1315 1710 1546 1776 utaris.
1588 1706 1858 1777 Natura
1889 1702 2072 1775 vocis
2099 1721 2441 1803 spectatur

340 1821 728 1916 quantitate
752 1838 819 1890 et
853 1819 1222 1920 qualitate:
1252 1827 1644 1923 quantitas⁷
1677 1820 2091 1920 simplicior3
2131 1820 2208 1891 in
2238 1845 2439 1890 sum-
2487 1839 2549 1893 15

425 2047 468 2080 ι.
512 2029 783 2105 Insutyere
818 2042 870 2084 et
903 2031 1229 2098 exclamare3
1274 2037 1350 2088 sie
1430 2032 1682 2089 cantandi
1698 2037 1880 2087 vitium
1895 2071 1913 2101 ‚
1936 2034 2077 2088 idem
2099 2032 2258 2105 plane
2282 2045 2362 2085 est
2381 2050 2442 2084 ac

346 2106 501 2159 Basil.
521 2109 571 2159 Ῑ.
595 2120 646 2161 et
663 2108 918 2178 clamare,
943 2109 1172 2164 Florent.
1195 2111 1247 2183 (a
1267 2133 1348 2186 pr.

346 2185 545 2256 nanu).
577 2186 785 2259 Reliqui
807 2192 1059 2243 omittunt
1085 2201 1152 2243 et.

420 2283 469 2317 2.
505 2264 575 2317 Ut
595 2267 958 2330 intermittere,-
982 2271 1057 2321 sic
1075 2272 1351 2325 Tun-icens.

342 2345 388 2397 ‚F
390 2343 487 2395 lor.
505 2364 626 2397 cum
646 2346 784 2398 Altu.
807 2347 875 2399 Ut
896 2348 980 2401 vel
992 2349 1086 2402 sibi
1105 2351 1359 2403 intenuit·

350 2435 482 2488 tere,
509 2426 667 2477 Cun’.
692 2426 901 2500 Reliqui
932 2439 992 2480 ut
1020 2430 1353 2483 summittere.

347 2507 477 2559 Mox
514 2516 567 2556 et
600 2505 877 2559 nobiscum
916 2507 1047 2560 dant
1077 2511 1351 2562 Tui-icens.

346 2585 529 2639 Ambr.
557 2603 615 2651 2,
632 2586 807 2639 Guelf.
823 2589 977 2640 Voss.
1002 2605 1048 2655 t,
1072 2590 1122 2643 3.
1148 2590 1355 2661 Reliqui

340 2665 621 2725 ,omittunt
640 2695 705 2703 —
720 2666 902 2719 Nostri
919 2668 1090 2721 codd.
1102 2705 1122 2735 .,
1141 2680 1202 2721 ut
1220 2688 1357 2723 atm-

348 2744 569 2797 nu‘ttere.
599 2747 693 2798 En.

423 2823 475 2876 3.
492 2824 661 2877 nasas.
676 2825 859 2892 Cur„
879 2846 1076 2895 raucas,
1091 2846 1214 2881 cum
1232 2828 1355 2881 edd.

352 2916 478 2957 ante
509 2902 671 2969 Oba,
706 2906 805 2957 nisi
838 2905 989 2976 quod
1026 2919 1267 2960 nostrum
1302 2909 1359 2960 in

354 2998 518 3052 marg.
556 2980 779 3054 Gryphii
819 2982 983 3052 (1544
994 2985 1033 3055 ).
1073 3014 1145 3024 -
1180 2987 1361 3038 Nostri

353 3061 554 3125 codd„
588 3079 755 3127 rasas,
790 3066 1023 3136 exceptis
1041 3063 1176 3117 vall.
1208 3063 1299 3117 lib.
1330 3082 1360 3116 ι

354 3140 589 3194 secunda
618 3160 779 3193 manu
800 3143 1031 3207 recenti,
1059 3143 1166 3194 RR.
1200 3160 1250 3213 7,
1283 3159 1364 3209 ιι,

357 3223 449 3291 qui
480 3237 674 3271 raucas.
698 3220 792 3271 En.

428 3300 482 3366 4.
512 3302 667 3352 Ram
675 3300 920 3371 fauces
948 3297 1166 3372 reficere.
1193 3303 1252 3355 In
1276 3321 1364 3354 ra·-

358 3382 425 3432 sis
436 3379 699 3450 faucibus,
721 3399 836 3453 quse
861 3394 942 3432 est
963 3384 1201 3433 omnium
1221 3382 1363 3435 MSS.

358 3462 653 3531 scriptura,
692 3480 799 3514 nou
837 3461 1105 3515 debebant
1141 3464 1367 3529 haerere,

356 3560 462 3594 nec
502 3541 605 3593 alia
647 3544 824 3595 omnia
867 3555 1068 3595 tentare
1102 3545 1210 3596 VV.
1251 3544 1364 3596 DD.

358 3619 609 3691 Deforme
626 3620 893 3679 canticum
920 3639 1255 3693 nequaquam
1281 3640 1371 3673 vo-

350 3698 721 3770 ‚efferationem
734 3698 1086 3768 intelligemus
1106 3718 1226 3752 cum
1246 3701 1370 3755 Ges-

346 3799 523 3846 -neuo,
544 3799 725 3833 verum
750 3778 961 3833 mollem
979 3777 1369 3851 pronunciandi

366 3858 619 3922 modum,
650 3858 1014 3912 consulentem
1051 3857 1199 3911 illum
1236 3877 1369 3910 eou-

368 3940 645 4003 saucietis‚
679 3937 733 3990 id
762 3950 874 4001 est,
918 3936 1068 4004 rasis,
1106 3937 1367 3989 faucibus.

367 4017 501 4071 vide
526 4016 605 4089 ξς.
633 4034 728 4083 20,
752 4018 837 4069 23.
862 4017 1116 4088 Deforme
1136 4015 1268 4068 illud
1291 4030 1372 4069 est

368 4111 423 4148 et
440 4114 630 4167 purum
653 4095 816 4149 virile.
834 4095 967 4149 Vide
986 4097 1088 4161 xl,
1118 4113 1166 4161 t,
1194 4095 1294 4160 56,
1319 4108 1371 4148 et

365 4194 483 4246 quse
512 4176 587 4227 ibi
621 4175 1050 4227 demonstrantur
1086 4174 1224 4228 loen.
1261 4174 1372 4226 Γω-

366 4252 491 4305 dum
509 4291 529 4319 ,
551 4273 657 4327 quo
672 4251 934 4307 vocabulo
949 4251 1250 4326 appellatur
1262 4251 1368 4305 hoc

1431 2115 1682 2188 deforme.
1698 2117 1833 2169 Satis
1849 2113 1988 2167 hene
2002 2113 2317 2185 Gedoynus:
2342 2129 2445 2163 «un

1438 2218 1462 2243 α
1482 2196 1682 2248 fausset
1704 2191 2064 2263 desugreable.
2089 2214 2113 2239 n

1505 2271 1554 2325 5.
1592 2273 1928 2345 ὶοᾳιιαηηινς
1973 2273 2050 2325 sic
2084 2272 2261 2322 Turio.
2303 2269 2444 2323 Flor.

1435 2352 1618 2404 Ambr.
1648 2369 1676 2404 2
1695 2390 1712 2418 ‚
1746 2350 1912 2403 Guelf
1950 2352 2110 2403 Csur.
2138 2367 2262 2400 cum
2283 2346 2444 2400 Goth.

1436 2433 1590 2484 Voss.
1619 2449 1649 2483 2
1666 2469 1683 2497 ,
1714 2444 1768 2482 et
1791 2429 1915 2482 edd.
1941 2442 2063 2481 ante
2085 2426 2283 2500 Gryph.
2305 2425 2449 2479 Reli-

1439 2513 1530 2581 qui
1565 2510 1849 2582 loquimur.
1877 2507 2012 2561 vide
2048 2507 2243 2577 §.138.
2279 2506 2448 2559 Modo

1435 2589 1597 2643 Goth.
1629 2590 1755 2660 (tac.
1780 2588 1968 2659 Gesn.)
2002 2599 2053 2641 et
2083 2587 2247 2652 latus,
2277 2585 2448 2649 male;

1435 2670 1632 2736 Caum,
1654 2669 2032 2741 fatigandum.
2049 2696 2116 2707 —
2141 2667 2322 2719 Nostri
2343 2667 2451 2719 Co-

1436 2749 1582 2803 dices
1611 2748 1907 2821 loquamur.
1937 2749 2030 2800 En.

1509 2829 1561 2883 6.
1583 2827 1767 2880 Altera
1788 2845 1956 2880 aures.
1970 2826 2150 2883 Tude.
2173 2821 2358 2875 Ambr.
2388 2841 2417 2875 2
2432 2861 2450 2889 ‚

1437 2906 1614 2960 Guelf.
1641 2906 1767 2958 Exc.
1793 2906 2008 2959 Samen.
2026 2939 2045 2967 ,
2064 2902 2199 2954 alter
2218 2920 2270 2955 a.
2283 2938 2302 2966 ,
2328 2920 2450 2953 cum

1442 2986 1593 3037 Voss.
1621 3001 1638 3035 ι
1652 3022 1663 3033 .
1685 2981 1852 3035 Modo
1869 2981 2007 3033 Flor.
2024 2979 2224 3045 Guelf„
2247 2978 2447 3031 divisas.

1443 3066 1751 3129 Tui-icens„
1784 3072 2013 3134 gestum,
2053 3062 2165 3113 sine
2188 3059 2448 3112 enclitica.

1446 3144 1639 3205 Csina,
1663 3150 1716 3192 et
1736 3150 1957 3213 qestum.
1980 3140 2109 3191 Mox
2131 3137 2303 3204 Flor.‚
2337 3137 2453 3209 pri·

1446 3240 1562 3273 mus
1583 3230 1683 3283 est,
1710 3230 1761 3270 et
1790 3219 1845 3270 iu
1873 3215 2317 3288 subsequentibus
2339 3215 2453 3267 Tu-

1445 3303 1634 3351 ricens.
1657 3297 1851 3362 cium,
1871 3294 2045 3366 primo
2068 3295 2367 3347 observatio.
2383 3323 2454 3333 -

1447 3374 1628 3429 Altera
1661 3392 1840 3435 aur-es,-
1881 3376 1954 3426 sic
1976 3371 2112 3425 vau.
2150 3371 2244 3426 lib.
2278 3390 2308 3424 ι
2344 3390 2450 3424 see.
2489 3420 2500 3439 ,

1448 3476 1608 3509 manu
1641 3454 1875 3520 recenti,
1911 3455 1972 3505 R.
2001 3452 2037 3507 3
2077 3471 2107 3505 a
2146 3471 2251 3505 see.
2293 3471 2455 3505 manu

1446 3534 1600 3589 valde
1625 3537 1842 3606 antique
1858 3571 1876 3599 ‚
1914 3535 1975 3585 R.
2000 3552 2052 3603 9.
2086 3532 2296 3603 Reliqui
2321 3531 2453 3587 alter

1448 3636 1614 3670 aures.
1639 3615 1732 3666 En.

1523 3713 1571 3766 7.
1603 3696 1896 3767 Quantitas.
1916 3696 2094 3746 Turio.
2115 3692 2254 3746 Flor.
2280 3692 2398 3763 (hie
2423 3711 2453 3745 ι

1448 3796 1528 3849 pr.
1549 3776 1733 3846 manu)
1759 3774 1953 3839 Caum,
1974 3772 2308 3846 quantitatis,
2332 3791 2454 3823 cum

1449 3855 1708 3908 Almelov.
1724 3853 1886 3905 Enim
1906 3866 2087 3906 nostro
2106 3850 2381 3922 subjicitur
2401 3855 2454 3904 in

1448 3937 1592 3988 Jens.
1617 3947 1669 3985 et
1689 3932 1809 3984 edd.
1827 3945 2052 4003 posterr.
2068 3946 2192 3983 aute
2211 3930 2336 3984 Bad.
2355 3934 2455 3984 Pro

1451 4032 1516 4065 eo
1552 4023 1626 4064 est
1657 4011 1858 4063 habent
1889 4011 2027 4062 Alm.
2061 4010 2217 4062 Basil.
2249 4010 2453 4083 Gryph.

1451 4094 1715 4147 Omittunt
1730 4089 1972 4141 voculam
1987 4089 2266 4143 nobiscum
2277 4093 2452 4142 Turio.

1450 4171 1642 4223 Ambu—
1665 4190 1693 4222 2
1710 4208 1728 4232 ,
1750 4167 1925 4221 Guelf.
1950 4167 2115 4221 Clu».
2140 4187 2265 4222 cum
2290 4170 2454 4223 Goth.

1451 4252 1606 4301 Voss.
1626 4265 1684 4313 2,
1699 4246 1834 4299 vall.
1860 4261 1914 4300 et
1934 4245 2053 4299 edd.
2080 4261 2203 4301 aute
2217 4248 2339 4301 And.
2362 4248 2460 4301 Re·
