3200 5159
658 516 1309 585 INSTITUTIONIS
1344 516 1600 582 ORAT.
1640 516 1802 584 LIB.
1837 515 1996 595 XII,
2044 538 2142 583 ιο.

2315 517 2443 608 549

355 635 696 737 cipueque
745 640 1001 713 Graecis
1046 640 1120 711 in
1167 665 1299 712 usu
1349 662 1492 711 non
1548 637 1681 711 fuit
1732 638 1976 741 (apud
2026 638 2436 712 Ciceronem

356 753 543 826 enim
568 769 584 800 ¹
619 756 972 853 invenio),
1008 756 1181 828 dum
1223 782 1371 828 rem
1402 756 1872 847 contineant²,
1908 776 1975 828 et
2010 755 2255 855 copia³
2294 782 2440 829 non

356 868 784 962 redundent,
819 894 890 944 et
912 872 1000 944 ad
1020 872 1380 966 yictoriarn
1410 892 1747 973 spectent,
1778 870 1935 970 quis
1959 868 2172 944 utile4
2200 870 2441 971 neget?

347 1050 626 1102 sententiis.
662 1078 729 1091 ·-
754 1049 933 1102 Nostri
965 1048 1190 1102 Codices
1222 1048 1354 1102 dant

351 1123 440 1176 alii
468 1127 772 1196 sententias,
810 1126 899 1180 alii
939 1129 1215 1183 sententiis.
1257 1133 1348 1183 Eu.

350 1232 421 1244 —-
460 1204 613 1274 Quod
649 1208 923 1270 veteribus‚·
960 1210 1035 1261 sic
1074 1210 1350 1262 Tur-icens.

349 1279 488 1333 Flor.
515 1301 635 1335 cnm
661 1285 828 1353 A!m.,
851 1299 904 1338 et
927 1287 997 1338 ita
1022 1285 1164 1339 haud
1190 1286 1351 1341 dubie

346 1361 401 1414 in
429 1364 552 1434 Arg.
583 1366 773 1435 repetit
802 1365 930 1418 Obr.
959 1368 1048 1437 qui
1077 1365 1199 1419 inde
1227 1368 1353 1420 fecit

344 1443 604 1515 quodque.
625 1443 832 1516 Reliqui
846 1445 991 1517 quod
1003 1448 1253 1499 omittunt
1268 1461 1321 1499 et
1332 1485 1350 1512 ,

344 1520 468 1573 inde
492 1521 559 1574 ab
583 1521 732 1588 Ald.,
755 1522 915 1576 verba
940 1524 1243 1577 veteribus...
1270 1527 1350 1577 ἰη-

345 1602 496 1653 venio
514 1601 838 1673 parenthesis
852 1602 975 1655 loco
990 1603 1205 1656 babent.
1224 1607 1352 1656 Pan-

342 1675 398 1729 lo
432 1680 778 1751 negligentior
812 1699 971 1747 sane,
1009 1679 1103 1733 sed
1136 1682 1349 1733 minime

344 1759 575 1811 insolens
591 1798 607 1825 ,
633 1763 879 1832 junctura
903 1760 1101 1831 quod...
1126 1761 1347 1832 quod-m

421 1853 465 1889 1.
505 1838 798 1890 Ciceronem
828 1838 968 1890 enirn
999 1838 1242 1901 inveni03
1271 1841 1346 1891 sic

343 1917 527 1987 scripti
544 1928 595 1969 et
611 1918 740 1981 mei,
756 1930 807 1969 et
830 1917 1113 1969 Burmanni
1134 1936 1345 1985 omnes,

343 2005 397 2044 et
420 1991 545 2045 edd.
574 2007 697 2047 ante
726 1994 854 2047 Bad.
880 2012 991 2046 acc.
1016 1993 1172 2046 Basil.
1203 1993 1345 2046 Reli-

341 2074 434 2143 qui
461 2073 604 2125 enim
634 2075 917 2137 omittunt,
949 2086 1213 2144 praeeunte
1243 2074 1344 2125 Ba·

339 2148 457 2217 dio,
474 2154 566 2224 qni
585 2154 639 2204 in
658 2152 798 2205 notis
820 2164 993 2203 tamen
1013 2152 1191 2222 posuit
1213 2148 1346 2204 illud

340 2249 462 2283 cnm
504 2230 606 2284 hac
639 2231 1009 2284 observatione
1043 2229 1348 2283 «redundat

345 2331 367 2356 σι
386 2313 545 2364 enim.
563 2336 586 2359 u
601 2313 797 2363 Verum
813 2329 923 2362 non
937 2308 1229 2376 redundat,
1250 2309 1346 2362 sed

337 2407 549 2442 cansam
572 2393 750 2463 potius
775 2388 948 2442 reddit
963 2427 981 2456 ,
1008 2408 1115 2441 cur
1131 2403 1344 2442 senten-

335 2470 527 2523 tiarum
556 2488 710 2521 nsum
740 2486 850 2520 non
878 2488 975 2522 suo
999 2481 1204 2520 tantum
1228 2487 1338 2522 aevo

336 2545 537 2599 tribuat
580 2545 800 2616 Quintil.
849 2545 985 2600 Sane
1030 2545 1338 2618 Spaldingio

336 2629 492 2679 etiam
520 2640 704 2678 natum
728 2625 1010 2680 videbatur
1033 2627 1174 2678 enim
1203 2645 1234 2679 e
1258 2630 1340 2678 vi·

334 2706 471 2758 cinis
484 2707 732 2776 utrinqne
747 2705 930 2760 litteris
943 2725 957 2755 ε
970 2704 1065 2758 sed
1081 2719 1190 2757 tum
1207 2725 1333 2758 con·

334 2800 546 2836 sensum
566 2785 801 2835 omnium
820 2783 1079 2837 librorum
1098 2783 1336 2837 nondum

333 2862 547 2917 viderat.

407 2963 454 2997 π.
477 2947 601 2998 Rem
621 2947 940 2998 contineant.
965 2946 1091 2998 Rem
1112 2965 1336 3000 nurnero

333 3022 583 3093 singulari
610 3025 692 3074 vix
724 3037 801 3077 est
832 3025 961 3095 quin
991 3043 1099 3075 rem
1133 3024 1200 3077 de
1228 3044 1333 3097 qna

333 3103 524 3173 agitur,
546 3102 657 3154 aive
680 3120 893 3154 cansam
923 3101 1215 3173 intelligam
1248 3117 1332 3155 at·

329 3198 435 3252 qne
453 3181 531 3233 sic
548 3181 745 3232 Noster
765 3180 886 3245 Vll,
912 3197 957 3245 1,
984 3181 1078 3246 23,
1101 3179 1169 3232 de
1189 3182 1334 3252 prin-

327 3256 491 3330 cipali
510 3258 563 3310 in
582 3258 702 3330 jure
725 3258 1014 3330 questione
1036 3257 1192 3325 dicit,
1215 3278 1332 3312 eam

324 3356 441 3391 esse
465 3356 580 3410 quae
602 3355 810 3391 causam
832 3337 945 3391 fere
968 3337 1259 3398 contineam
1278 3350 1333 3391 et

326 3417 547 3487 propius
572 3417 729 3468 etiam
753 3413 865 3468 Cic.
892 3417 1035 3467 Brut.
1065 3432 1159 3485 29,
1182 3434 1332 3469 sena·

329 3496 455 3547 toris
475 3493 695 3564 alicujus
719 3517 741 3540 ι
762 3511 869 3545 non
888 3492 1223 3565 prudentiam
1243 3511 1332 3546 so-

334 3593 357 3618 ·
376 3571 515 3637 lutn',
535 3571 655 3638 sed,
676 3572 818 3645 qnod
840 3573 1061 3625 maxime
1081 3591 1187 3624 rem
1208 3590 1332 3625 con·

331 3673 354 3698 ι
374 3649 603 3716 tinebat,
628 3650 785 3703 fidem
807 3675 829 3698 n
859 3649 1058 3703 laudat.
1082 3649 1187 3702 Sed
1210 3652 1328 3722 quie

327 3749 358 3783 a
390 3730 687 3795 sententiis,
725 3729 920 3801 quibus
952 3747 1132 3782 carere
1171 3731 1328 3782 etiam

322 3811 588 3880 possimus
598 3847 616 3876 ,
630 3806 735 3861 hoc
755 3823 942 3881 poscat
955 3847 971 3875 ,
986 3821 1044 3859 nt
1058 3805 1189 3861 iilud
1203 3826 1329 3861 con·

324 3888 524 3939 ‘tineent
550 3889 603 3939 in
631 3904 738 3959 qno
768 3889 989 3939 maxime
1017 3886 1178 3938 cardo
1207 3906 1325 3939 ver-

324 3968 496 4018 tatur?
514 3968 653 4020 Nam
670 3965 775 4020 hoc
798 3967 912 4019 fere
935 3985 1049 4020 esse
1073 3984 1179 4018 rem
1202 3984 1322 4018 con-

1435 1068 1555 1102 nere
1574 1070 1590 1100 .-
1628 1062 1682 1102 et
1710 1051 1757 1101 si
1781 1046 2122 1102 vel=maxime
2149 1050 2220 1101 ita
2248 1047 2443 1102 intelli·

1432 1147 1557 1200 gas,
1590 1131 1785 1196 sentis,
1818 1130 2031 1202 opinor,
2064 1147 2223 1201 quam
2256 1129 2442 1181 incon·

1431 1208 1588 1260 cinne
1626 1206 1829 1260 dictum
1865 1208 1933 1259 sit
1968 1204 2163 1259 debere
2199 1224 2287 1259 eas
2325 1228 2348 1253 σι
2370 1204 2442 1259 ad

1439 1306 1462 1333 κ
1480 1304 1590 1339 rem
1610 1299 1879 1357 spectare,
1898 1304 2007 1337 non
2027 1287 2181 1338 nimis
2194 1285 2439 1357 copiosas

1438 1386 1461 1412 ι
1481 1382 1597 1419 esse
1618 1404 1635 1432 ,
1683 1364 1753 1417 ad
1796 1365 2069 1418 victoriam
2115 1378 2382 1437 spectare:
2410 1386 2435 1412 ιι

1431 1444 1525 1498 ubi
1548 1444 1695 1519 quod
1720 1447 1891 1518 primo
1917 1457 1970 1498 et
1993 1445 2179 1498 ultimo
2203 1444 2323 1497 Ioco
2346 1462 2441 1516 po-

1431 1528 1588 1578 situm
1623 1539 1704 1578 est
1736 1525 1805 1577 ad
1836 1524 1977 1578 idem
2015 1526 2125 1577 fere
2159 1524 2314 1578 redit.
2339 1527 2439 1578 Vix

1432 1608 1615 1680 itaque
1656 1604 1801 1659 aliud
1840 1604 1907 1659 de
1947 1607 2220 1658 sententiis
2262 1607 2435 1678 primo

1428 1683 1552 1739 loco
1589 1687 1788 1757 requiri
1824 1698 2065 1757 poterat,
2102 1686 2205 1737 nisi
2241 1700 2300 1737 ut
2332 1685 2438 1737 011*-

1427 1763 1554 1834 qut‘d
1565 1802 1582 1829 ,
1603 1782 1715 1816 non
1733 1783 1879 1816 mera
1892 1761 2052 1816 verba
2064 1802 2082 1829 ,
2100 1765 2437 1831 contineant,

1428 1841 1701 1913 quomodo
1723 1856 1774 1895 et
1795 1844 1997 1917 accepit
2011 1841 2317 1914 Gedoynus.
2334 1844 2436 1897 Sed

1424 1919 1681 1987 hoccine,
1698 1939 1858 1993 quum
1876 1920 1943 1974 de
1957 1921 2227 1974 sententiis
2242 1923 2296 1973 in
2317 1922 2436 1973 uni-

1424 2019 1636 2054 versum
1660 1999 1927 2072 loqueris,
1960 2012 2040 2051 est
2067 2016 2173 2050 rem
2201 1999 2437 2051 contine-

1426 2078 1519 2129 re?
1548 2095 1721 2148 neque
1751 2079 1926 2129 statim
1955 2078 2178 2149 quisque
2207 2094 2310 2128 rem
2342 2075 2434 2130 ino

1430 2154 1598 2207 altero
1623 2174 1777 2207 sensu
1801 2153 1995 2207 dictam
2022 2152 2234 2206 credet?
2256 2155 2433 2224 Quare

1426 2231 1514 2285 hic
1539 2235 1696 2285 etiam
1722 2250 1773 2284 m
1797 2235 1851 2285 in
1875 2251 1898 2285 s
1919 2245 2122 2284 mutato
2145 2230 2293 2301 (vide
2315 2246 2430 2286 not.

1426 2312 1459 2379 4
1477 2352 1493 2380 ,
1522 2311 1668 2378 utile)
1699 2330 1773 2364 ree
1793 2312 2122 2376 contineant,
2147 2310 2429 2381 legendum

1425 2409 1637 2443 censeor.
1670 2420 1739 2429 —
1766 2390 1955 2441 Verior
1989 2389 2092 2441 loci
2131 2388 2429 2443 emendatio

1423 2471 1651 2522 occurrit
1673 2470 2019 2534 Buttmanno,
2045 2467 2171 2519 dum
2198 2486 2251 2519 re
2271 2469 2432 2520 eonti-

1421 2558 1649 2600 neantur
1689 2549 1852 2601 serius
1898 2545 2201 2618 conjicienti
2224 2567 2236 2597 ε
2280 2544 2423 2599 iilam

1419 2629 1559 2679 enim
1585 2645 1745 2697 qnam
1772 2625 1840 2678 de
1862 2625 2221 2679 concinnitate
2245 2641 2427 2679 move-

1416 2719 1495 2758 rat
1538 2703 1903 2757 difficultatem
1940 2721 2050 2755 non
2087 2704 2264 2774 magni
2306 2720 2424 2756 esse

1415 2787 1672 2837 momenti
1708 2786 1823 2856 ipse
1854 2781 2123 2836 inteltexit.
2157 2782 2425 2835 Heindor-

1414 2863 1514 2916 fius
1539 2862 1920 2933 conjecit-dunt
1951 2879 2054 2913 rem
2080 2862 2419 2933 confirmant,

1415 2940 1564 3014 quod
1595 2958 1695 2993 sno
1724 2939 1865 2991 idem
1893 2942 2241 2992 Buttmannns
2274 2958 2422 2991 com-

1413 3034 1592 3073 mento
1618 3022 1829 3073 minime
1853 3018 2229 3091 postponebat.
2253 3019 2346 3072 En.
2411 3070 2420 3077 ,

1483 3098 1533 3151 3.
1559 3100 1722 3171 Copia
1750 3117 1856 3151 non
1888 3098 2187 3150 redundent.
2209 3097 2420 3151 Habent

1410 3178 1561 3248 copia
1593 3177 1721 3229 dum
1758 3177 2046 3229 redundent
2069 3176 2245 3228 Turio.
2276 3177 2415 3230 Flor.

1410 3256 1572 3308 Cnu’.
1616 3254 1779 3327 Copia
1824 3254 2142 3318 redundent,-
2178 3256 2321 3308 Jens.
2361 3270 2414 3307 et

1412 3347 1573 3406 postt.
1614 3346 1736 3387 ante
1773 3332 1899 3386 Bad.
1935 3335 2023 3405 qni
2061 3335 2260 3406 primus
2292 3353 2419 3386 nos-

1411 3426 1550 3465 trum
1581 3431 1644 3466 ex
1666 3412 1801 3466 Van.
1836 3415 2108 3466 inventum
2139 3410 2332 3464 deinde
2361 3415 2417 3465 in

1410 3491 1625 3564 reliquis
1645 3495 1802 3545 etiam
1819 3505 1961 3543 certe
1981 3493 2034 3543 in
2057 3492 2266 3543 nostris.
2282 3491 2418 3543 Red-

1409 3572 1606 3624 undare
1646 3588 1855 3643 semper
1895 3583 1972 3624 est
2013 3572 2072 3621 in
2109 3571 2271 3636 vitio,
2296 3569 2415 3623 vide

1407 3651 1507 3716 lx,
1531 3651 1596 3717 3,
1623 3653 1705 3722 74.
1735 3681 1807 3690 —
1829 3650 1990 3702 vali&
2014 3649 2107 3702 libi
2130 3652 2238 3703 RR-
2265 3651 2327 3715 8,
2350 3668 2413 3718 9,

1405 3731 1557 3801 copia
1589 3747 1696 3781 non
1729 3728 2033 3782 redundent.
2069 3728 2251 3780 Caeteri
2283 3729 2412 3779 dum

1404 3823 1504 3882 pro
1533 3828 1661 3862 non.
1690 3808 1838 3860 Ponl.
1868 3822 2155 3880 utrumqne
2187 3809 2413 3874 omittit,

1406 3900 1459 3942 et
1473 3907 1573 3959 pro
1590 3886 1881 3939 redundent
1892 3886 1983 3939 dat
2000 3885 2304 3939 redundant.
2317 3890 2411 3940 En.

1475 3965 1695 4033 4.·Πιὶ1ε
1713 3979 1879 4039 neqet.
1896 3969 2073 4019 Tur-ic.
2087 4004 2104 4032 ,
2124 3965 2307 4018 utilem
2329 3982 2411 4019 ne-

323 4045 482 4098 tinere
499 4045 748 4117 exemplis
767 4045 869 4098 illis
891 4059 1056 4118 patet.
1082 4047 1324 4118 Spectare
1397 4058 1552 4120 qent,
1567 4064 1690 4098 cum
1707 4045 1839 4098 Alm.
1865 4045 2058 4098 Utilem
2075 4057 2252 4118 neqet,
2266 4046 2406 4099 Flor.

323 4123 537 4195 quidem
558 4124 625 4177 ad
647 4145 784 4192 rem,
807 4126 1209 4180 accommodatae
1225 4145 1325 4180 esse
1403 4140 1482 4193 et,
1508 4127 1687 4180 nescio
1712 4145 1821 4198 quo
1844 4143 2052 4191 errore,
2077 4123 2197 4176 Ald.
2225 4125 2407 4179 Malim

320 4205 371 4255 ei
398 4201 595 4256 debent
612 4223 627 4254 ε
660 4203 755 4258 sed
781 4203 887 4259 hoc
914 4224 1023 4259 non
1052 4217 1133 4260 est
1157 4207 1321 4259 eonti-

1404 4204 1556 4257 utiles
1570 4228 1589 4257 .-
1618 4222 1743 4257 nam
1763 4202 2012 4277 displicet
2031 4202 2308 4273 singularis
2327 4206 2412 4256 in-
2453 4206 2458 4211 '
