3200 5159
687 495 1334 567 ms'rl'm'rloms
1368 496 1624 562 ORAT.
1668 472 1990 580 LIBLX1,
2032 498 2093 564 3.

2305 499 2440 610 349,

355 650 567 725 quam
597 622 686 695 ad
717 623 962 713 verba,
997 619 1601 709 accommodatus;
1632 620 1820 719 quod
1849 621 2056 693 etiam
2087 621 2437 694 histrioni-

353 743 486 814 bus
519 740 730 841 paulo
757 738 1185 838 gravioribus
1215 738 1443 810 facere
1481 735 1694 807 moris
1720 736 1890 808 fuit:
1937 763 2102 836 ergo
2129 756 2204 809 ut
2238 737 2331 809 ad
2364 763 2434 810 se

353 878 652 927 manum
683 855 966 944 referre,
1001 860 1223 953 quum
1253 851 1339 924 de
1368 876 1438 924 se
1464 850 1614 950 ipso
1640 850 2002 949 loquatur,
2030 872 2103 924 et
2127 851 2198 922 in
2235 843 2433 940 eum,

262 1026 271 1037 .
354 996 569 1068 quem
597 968 1024 1041 demonstret
1042 1022 1061 1056 ,
1098 965 1456 1039 intendere
1480 1020 1499 1054 ,
1539 985 1605 1037 et
1629 965 1859 1064 a‘liqua
1882 964 1989 1037 his
2010 964 2264 1037 similia
2289 991 2437 1065 per-

353 1084 700 1174 miserim3
740 1084 834 1157 ita
873 1110 1053 1173 non,
1085 1082 1413 1180 effingere
1450 1101 1664 1153 status
1696 1081 2040 1181 quosdam
2062 1139 2082 1173 ,
2125 1102 2194 1154 et
2221 1080 2434 1181 quid-

354 1196 527 1297 quid
556 1198 733 1270 dicet
760 1197 1144 1270 ostendere.
1183 1197 1429 1294 Neque
1459 1196 1532 1267 id
1562 1196 1638 1267 in
1666 1195 1994 1269 manibus
2021 1195 2283 1288 solum,
2314 1196 2434 1268 sed
2464 1220 2534 1274 90

353 1312 425 1384 in
455 1313 652 1385 omni
680 1333 876 1411 gestu
907 1339 985 1385 ac
1009 1339 1176 1384 voce
1203 1310 1620 1385 servandum
1649 1332 1787 1384 est:
1824 1338 1966 1384 nou
1992 1311 2183 1383 enim
2212 1311 2433 1384 autin

351 1426 495 1498 illa·
523 1428 838 1526 periodo,
874 1429 1071 1500 Stetit
1096 1426 1416 1501 soleatus²
1433 1443 1692 1528 praetor
1713 1427 1957 1529 populi
1987 1432 2288 1518 romani,
2325 1427 2435 1499 in-

354 1543 639 1617 clinatio
668 1543 1138 1617 incumbentis
1171 1544 1244 1616 in
1270 1543 1756 1617 mulierculam
1768 1543 2004 1616 Verris
2037 1543 2435 1642 effingenda
2538 1590 2546 1601 -

355 1677 495 1745 est;
539 1679 659 1730 aut
701 1659 775 1730 in
823 1658 975 1748 illa,
1024 1658 1424 1732 Coedebatur
1468 1665 1538 1730 in
1582 1659 1804 1731 medio
1842 1661 2013 1759 fbro
2059 1661 2427 1744 Messanae,

358 1794 587 1846 motus
618 1773 916 1847 laterum
936 1832 955 1865 ,
1000 1775 1225 1874 qualis
1259 1803 1399 1848 esse
1427 1776 1516 1848 ad
1544 1775 1829 1849 verbera
1857 1777 2063 1861 solet,
2105 1796 2437 1876 torquen-

355 1885 520 1976 dus;
545 1908 666 1960 aut
680 1916 807 1960 vox
825 1947 845 1979 ,
868 1889 1095 1989 qualis
1119 1889 1352 1962 dolore
1373 1890 1810 1990 exprimitur,
1836 1889 2160 1963 eruenda.
2183 1891 2431 1980 Quum
2462 1915 2527 1970 91

354 2001 527 2073 mihi
571 2003 860 2075 comoedi
903 2031 1182 2104 quoque
1222 2006 1518 2103 pessime
1558 2005 1780 2076 facere
1826 2004 2221 2092 videantur,
2263 2005 2421 2103 qui,

356 2114 620 2187 etiamsi
664 2116 997 2217 juvenem
1047 2139 1288 2218 agant,
1336 2146 1559 2217 quum
1610 2119 1889 2192 tamen3
1941 2120 2012 2190 in
2061 2118 2433 2217 expositio-
2485 2126 2490 2129 ’

358 2308 414 2360 t‘n
428 2328 547 2361 eum
559 2349 580 2376 ,
595 2329 717 2363 eum
729 2311 848 2364 Διά.
865 2312 978 2366 Sibi
989 2333 1087 2386 pro
1102 2312 1181 2368 luis
1193 2313 1355 2369 Goth.

356 2391 429 2441 lis
441 2428 459 2455 ,
495 2392 638 2444 Jens.
678 2410 802 2444 cum
837 2392 957 2444 edd.
984 2407 1208 2465 posterr.
1237 2405 1358 2446 ante

357 2466 483 2519 Bad.
510 2470 584 2521 Et
614 2482 737 2540 post
770 2470 1086 2541 permiserim
1123 2473 1360 2525 inserunt

358 2545 535 2597 Turio.
556 2545 690 2599 nor.
719 2547 876 2600 iidem
900 2566 1022 2601 mox
1046 2551 1180 2602 dicet
1199 2552 1357 2603 omit-

359 2635 479 2676 tunt
499 2643 619 2677 eum
639 2625 776 2679 Alm.
791 2629 1057 2681 -Nostri
1077 2628 1267 2699 Codd.,
1289 2631 1361 2682 ad

358 2720 539 2755 sensus.
572 2704 666 2755 En.

435 2799 454 2833 ι
468 2818 480 2831 .
496 2780 604 2833 Illa
614 2780 846 2852 periodo.
858 2779 1018 2835 Goth.
1034 2783 1162 2853 (tae.
1174 2783 1357 2854 Genu.)

358 2857 453 2912 illo
478 2878 534 2931 p.
558 2858 697 2911 Plor.
712 2898 730 2925 ,
749 2870 963 2934 pwpter
980 2861 1241 2934 populum
1275 2880 1359 2915 ro-

360 2957 598 2991 manum.
618 2941 779 2992 Cam.
794 2977 812 3005 ,
837 2940 893 2992 in
909 2940 1240 2995 muliermala.
1253 2942 1363 2993 Tu·

357 3019 451 3070 rie.
470 3018 630 3081 Flor„
651 3036 899 3071 messana.
921 3021 1018 3072 Hic
1041 3033 1093 3072 et
1114 3037 1237 3073 mox
1258 3038 1358 3091 pro

358 3110 475 3146 vox.
504 3094 684 3146 Ambr.
714 3112 772 3161 π,
795 3094 998 3162 ΟιιοΙΐ.,
1015 3096 1216 3163 dolori,
1236 3115 1360 3149 cum

360 3170 495 3223 Ala.
519 3170 626 3241 (nil
650 3172 754 3225 tale
790 3175 846 3224 in
880 3177 1099 3240 nostrie,
1127 3174 1245 3227 vide
1269 3175 1360 3247 81)

356 3254 511 3304 Voss.
541 3250 591 3302 3.
626 3252 807 3318 Dolor,
836 3254 998 3307 Cnn’.
1023 3240 1359 3321 Erudiendlz,

360 3329 630 3381 Tur-icem.
657 3329 797 3382 Flor.
832 3350 953 3384 cum
975 3333 1279 3385 Alm.Vo⁸⁸.
1313 3350 1355 3385 ι.

359 3408 551 3460 Tentat
586 3411 759 3461 Burm.
798 3411 1011 3464 edenda.
1042 3412 1151 3482 Ego
1181 3431 1361 3465 verum

362 3504 555 3539 censeo
568 3488 864 3559 vulgatum,
885 3508 1206 3563 quamquam
1224 3493 1363 3544 inso-

360 3566 475 3619 lens
494 3582 600 3634 est,
626 3568 771 3639 quod
793 3572 955 3622 seiam
971 3609 988 3637 ,
1013 3571 1232 3624 locutio.
1262 3572 1363 3626 Sed

361 3647 561 3698 maimu-
600 3647 862 3718 quidquid
905 3667 1027 3700 cum
1071 3649 1253 3703 labore
1298 3669 1363 3703 ex

362 3726 631 3799 profundo
672 3726 1025 3798 prou-abitur,
1066 3742 1120 3781 et
1154 3732 1227 3782 ita
1265 3748 1363 3781 vox

364 3802 468 3856 hoc
496 3803 634 3858 loco.
655 3806 788 3859 Vide
805 3808 906 3873 VI,
947 3825 1004 3873 α,
1045 3806 1127 3861 25.
1166 3808 1363 3861 Eadem

364 3885 636 3953 confusio,
660 3886 739 3951 X,
771 3903 831 3952 2,
864 3888 915 3938 6.
944 3889 1121 3956 Quare
1142 3890 1253 3958 jam
1280 3908 1364 3941 re-

361 3963 517 4033 jicio,
542 3963 688 4035 quod
707 3979 1039 4018 succurreret
1055 3967 1364 4039 emuqienda

369 4039 513 4110 (nam
535 4043 815 4117 eruqt'enda
838 4056 891 4097 et
914 4046 1132 4097 nimium
1160 4058 1212 4097 et
1236 4063 1365 4097 nus-

372 4136 529 4190 quam
568 4118 740 4173 adhuc
774 4122 1085 4194 repertum).
1120 4122 1252 4176 Vide
1288 4125 1366 4190 11,

382 4213 402 4249 ι
414 4214 441 4249 2
459 4235 476 4265 ,
494 4216 551 4267 9.
575 4200 656 4252 Ne
674 4198 1001 4254 Lochmauni
1020 4190 1229 4273 quidem
1252 4200 1369 4274 pla-

1440 2329 1549 2382 cet,
1580 2335 1898 2389 quamquam
1928 2314 2190 2368 lenissima
2218 2314 2431 2385 conjec-

1439 2409 1555 2448 tura
1579 2419 1592 2448 t
1619 2395 1894 2447 eradenda.

1511 2493 1558 2527 2.
1579 2475 1730 2528 Steti:
1749 2472 1985 2526 soleatus.
2009 2472 2116 2524 Cic.
2141 2471 2355 2522 inverr.
2365 2470 2431 2535 V,

1435 2552 1833 2618 33.Videvm,
1858 2552 1922 2617 3,
1952 2549 2054 2617 64,
2081 2548 2169 2602 65.
2202 2547 2433 2600 Goedeba-

1438 2642 1535 2685 tur.
1554 2634 1703 2684 Verr.
1718 2634 1786 2698 V,
1809 2629 1896 2682 62.

1507 2710 1558 2764 3.
1588 2710 1786 2761 Tamen
1820 2709 1874 2760 in
1906 2704 2234 2777 expositione.
2252 2705 2431 2755 Turio.

1434 2788 1573 2843 Flor.
1594 2790 1757 2841 CAm’.
1780 2789 2030 2838 omittunt
2050 2785 2133 2848 in,
2155 2800 2275 2835 cum
2294 2781 2428 2834 Alm.

1435 2871 1563 2921 Tres
1578 2868 1779 2939 pn‘orea
1794 2874 1854 2917 ut
1868 2862 2100 2934 Hydn'oe.
2111 2858 2273 2911 Modo
2293 2857 2435 2930 quod

1436 2942 1642 2997 etiamst·
1662 2960 1760 3013 pro
1779 2940 1877 3013 qui
1897 2959 1941 2991 e.
1971 2937 2150 2989 Ambr.
2176 2954 2234 3003 α,
2255 2935 2432 2988 Guelf.

1437 3024 1598 3076 Cnn.
1626 3039 1747 3072 cum
1764 3020 1914 3070 Voss.
1944 3034 1960 3068 ι
1993 3015 2077 3086 (in
2105 3014 2207 3067 hac
2231 3017 2432 3066 ratione

1439 3118 1622 3153 omnes
1653 3098 1757 3150 hoe
1783 3098 1979 3149 faciant
2000 3093 2223 3148 eomoedi
2240 3131 2256 3157 ,
2289 3092 2434 3165 quod

1438 3198 1548 3232 uon
1576 3193 1658 3230 est
1677 3196 1802 3229 vero
1827 3175 2010 3228 simile.
2035 3174 2153 3226 Alia
2176 3176 2308 3226 ratio
2336 3174 2434 3240 m,

1439 3256 1502 3322 6,
1533 3254 1642 3323 64).
1685 3247 1958 3328 Georgica,
1986 3252 2256 3303 Turicens.
2293 3251 2432 3303 Flor.

1444 3334 1664 3408 Georyio
1677 3372 1694 3399 ‚
1709 3334 1852 3384 lene.
1868 3330 2095 3402 (tacente
2111 3329 2297 3402 Gesn.)
2315 3349 2437 3382 cum

1441 3411 1560 3466 edd.
1595 3425 1818 3483 postea-r.
1846 3422 1968 3460 ante
1991 3406 2116 3459 Bad.
2141 3409 2230 3477 qui
2252 3425 2281 3458 e
2302 3406 2435 3457 Van.

1441 3502 1697 3541 nostrum.
1717 3484 1819 3540 Sed
1838 3498 1889 3538 et
1911 3488 1965 3536 in
1986 3482 2252 3537 Guelferb.
2274 3484 2433 3536 Goth.

1441 3571 1599 3623 Cam».
1624 3568 1758 3633 hoc,
1794 3584 1915 3618 cum
1928 3564 2078 3617 Voss.
2108 3582 2135 3616 2
2167 3564 2390 3615 {itteram
2419 3565 2440 3615 i

1440 3652 1671 3702 inserere
1694 3647 1899 3699 dicatur
1920 3658 2041 3697 ante
2067 3628 2128 3697 of
2141 3644 2267 3696 Mox
2288 3653 2340 3695 et
2359 3642 2439 3714 ef·

1431 3726 1598 3798 fem„
1628 3725 1801 3778 Guelf.
1831 3724 1974 3776 Adeo
2001 3723 2169 3790 utin,
2204 3720 2436 3773 Florem.

1443 3805 1618 3859 Guelf.
1637 3805 1849 3876 Quoque
1861 3800 2044 3873 aliqua
2055 3838 2072 3865 ,
2087 3802 2263 3853 Turio.
2276 3797 2438 3852 Goth.

1444 3885 1569 3956 (tae.
1585 3882 1769 3952 Gesn.)
1790 3883 1950 3934 Cnu’.
1973 3898 2095 3931 eum
2112 3881 2263 3932 Voss.
2289 3896 2336 3930 α.
2358 3878 2441 3929 An

1443 3964 1544 4016 fuit
1581 3962 1869 4032 antiquitus
1904 3980 1917 4010 ε
1964 3957 2092 4009 adeo
2132 3967 2204 4011 est
2238 3958 2293 4008 t'n
2336 3954 2443 4034 illis

1445 4059 1649 4117 quoque
1679 4035 2047 4091 al.?—Modo
2083 4035 2223 4108 quod
2244 4034 2444 4087 etiamsi

1445 4138 1545 4193 pro
1577 4119 1703 4193 qui,
1732 4136 1776 4168 e.
1802 4116 2039 4188 plerique
2062 4116 2243 4166 nostri.
2279 4114 2442 4166 Iidem

1451 4201 1679 4272 Geor-qo,
1709 4209 1909 4268 except.
1932 4197 1996 4247 R.
2031 4212 2110 4260 ιι,
2135 4196 2224 4266 qui
2242 4192 2444 4266 qeoryi‘-
