3200 5159
788 494 911 558 502

1350 491 1444 553 M.
1485 489 1713 552 FABII
1749 489 2306 571 QUINTILIANI

786 635 1239 713 susceperunt
1275 613 1553 711 negotia
1592 612 1806 711 paulo
1844 613 1931 684 ad
1973 612 2358 685 dicendum
2400 612 2749 703 tenuiora,
2776 640 2900 685 exv

787 729 1124 800 trinsecus
1163 726 1482 800 adductis
1514 754 1596 798 ea
1630 728 1835 800 rebus
1866 727 2425 819 circumliniunt‚
2468 754 2586 817 ac,
2614 728 2672 800 si
2706 727 2894 800 defe-

789 843 1010 915 cerint
1048 842 1217 930 alia,
1263 841 1589 914 conviciis
1628 842 1923 943 implent
1942 867 2158 915 vacua
2195 868 2598 932 causarum3
2640 843 2695 915 si
2723 869 2890 915 con-

788 958 1021 1057 tingit,
1056 958 1261 1047 veris;
1298 957 1615 1033 siminus
1632 1018 1652 1050 ,
1679 960 1854 1032 fictis
1881 987 1896 1031 :
1923 959 2137 1032 modo
2163 960 2251 1031 sit
2273 959 2562 1031 materia
2585 959 2884 1059 ingenii,

788 1097 1274 1176 mereaturque
1296 1093 1313 1123 ¹
1354 1077 1734 1150 clamorem
1769 1075 1942 1147 dum
1979 1074 2267 1147 dicitur:
2321 1074 2510 1172 quod
2546 1101 2674 1174 ego
2714 1075 2886 1147 adeo

786 1189 993 1290 longe
1023 1215 1193 1291 puto
1212 1194 1301 1267 ab
1320 1213 1587 1267 oratore
1618 1193 1956 1293 perfecto,
1992 1213 2069 1264 ut
2102 1218 2270 1264 eum
2290 1219 2380 1264 ne
2400 1218 2562 1264 vera
2592 1191 2880 1291 quidem

711 1330 746 1383 9
785 1306 1252 1408 objecturum,
1289 1310 1423 1382 nisi
1454 1310 1528 1381 id
1556 1335 1763 1381 causa
1789 1307 2035 1405 exigit,
2072 1308 2375 1379 credam.
2418 1310 2522 1379 Ea
2556 1327 2656 1379 est
2694 1307 2884 1378 enim

782 1448 1060 1519 prorsus
1084 1431 1364 1497 οιιηίηα2
1381 1484 1404 1514 ,
1429 1448 1509 1498 ut
1525 1425 1622 1497 ait
1643 1424 1937 1524 Appiae,
1964 1422 2372 1523 eloquentia,
2400 1421 2430 1467 ³
2447 1422 2878 1521 cognituram

778 1585 984 1652 minus,
1011 1586 1172 1638 Goth.
1206 1588 1342 1659 (tac.
1377 1583 1593 1659 Gesn.).
1634 1588 1791 1660 Inge-

778 1682 883 1715 nua
897 1703 916 1731 ‚
960 1665 1135 1717 Guelf.
1177 1667 1323 1720 Jens.
1367 1680 1420 1720 et
1458 1665 1578 1720 edd.
1621 1678 1786 1738 postt.

776 1754 903 1794 ante
921 1741 1041 1796 Ald.
1074 1745 1437 1818 Mereaturque
1459 1745 1682 1817 quedam
1702 1763 1790 1797 ore

774 1824 989 1875 modum
1013 1822 1227 1890 dicitur,
1250 1824 1390 1877 Flor.
1423 1825 1751 1897 objectorum
1766 1863 1786 1891 ‚

778 1900 847 1953 id.
883 1901 1143 1976 Exigitur,
1175 1899 1527 1956 Turic.'Flor.
1570 1904 1784 1955 Credam

775 1997 908 2031 cnm.
940 1993 1044 2049 est,
1072 1981 1214 2036 Flor.
1241 1984 1403 2036 cin».
1429 2012 1501 2022 —
1522 1984 1622 2036 nio
1654 1981 1784 2034 nihil

776 2059 897 2111 novi
920 2059 1155 2113 afferunt
1176 2063 1343 2114 nostri
1367 2059 1539 2113 codd.
1566 2064 1659 2115 En.

851 2155 893 2190 1.
921 2139 1206 2193 Mereatur.
1224 2140 1357 2193 Vide
1377 2142 1467 2208 lv,
1489 2157 1516 2194 2
1533 2178 1549 2206 ,
1573 2142 1671 2210 39,
1695 2153 1779 2210 77.

774 2217 1028 2271 Eumdem
1057 2237 1272 2273 sensnm
1299 2221 1355 2272 in
1384 2222 1553 2272 foma
1578 2220 1782 2284 activa,

772 2296 889 2349 vide
912 2299 1051 2350 infra
1075 2299 1202 2364 ΧΠ,
1229 2315 1248 2350 t
1268 2315 1312 2364 ι,
1338 2298 1389 2350 3.

846 2393 893 2430 2.
935 2379 1170 2444 canina,
1207 2390 1265 2431 ut
1299 2378 1376 2430 ait
1406 2378 1640 2449 Appius,
1673 2375 1785 2429 elo-

771 2458 999 2525 quentia.
1032 2457 1207 2523 Fons,
1236 2457 1391 2509 nohis
1420 2469 1595 2521 certe,
1623 2455 1783 2527 hujus

772 2531 899 2584 dicti
932 2548 1010 2587 est
1042 2535 1393 2604 fragmentum
1426 2536 1659 2589 Sallustii
1692 2553 1779 2607 ap.

771 2612 1005 2662 Nonium
1017 2629 1148 2663 voce
1167 2613 1374 2666 stabula
1391 2612 1519 2682 (lib.
1541 2616 1589 2677 1,
1606 2633 1660 2684 p.
1682 2615 1781 2681 60,

770 2687 855 2743 ed.
895 2691 1130 2762 Mero->z
1170 2691 1344 2744 «Inde
1381 2706 1433 2744 et
1469 2691 1780 2758 Sallustius,

774 2789 795 2812 n
821 2767 1023 2820 canina
1040 2803 1057 2832 ‚
1088 2781 1145 2820 ut
1166 2770 1246 2821 ait
1265 2769 1492 2842 Appius,
1512 2769 1782 2840 facundi·

772 2868 796 2891 «κ
817 2846 1172 2899 exercebatur.-
1196 2871 1220 2895 a
1261 2849 1403 2901 unde
1442 2850 1497 2900 ‘m
1536 2848 1782 2919 complu-

767 2943 902 2976 rium
946 2939 1223 2978 aucturum
1266 2927 1463 2999 scripta
1510 2927 1740 2979 manavit
1761 2964 1778 2992 ,

767 3020 995 3072 quorum
1015 3003 1134 3055 loca
1154 3021 1326 3076 quaere
1348 3003 1491 3076 apud
1511 3006 1685 3076 intpp.
1707 3003 1777 3055 ad

764 3079 994 3133 Sallustii
1016 3082 1203 3153 fragm.
1228 3085 1447 3135 flavere.
1470 3085 1544 3150 11,
1564 3100 1618 3154 p.
1649 3100 1666 3134 t
1685 3099 1775 3154 19,

763 3174 817 3213 et
847 3175 961 3231 ¹²9·
988 3162 1293 3214 Lactantius
1317 3176 1492 3214 autem
1516 3161 1652 3234 (vt,
1684 3162 1776 3233 18)

762 3241 819 3291 in
838 3240 1147 3293 Ciceronem
1170 3240 1299 3293 illud
1318 3244 1603 3295 contorsit:
1629 3241 1777 3313 quod

763 3319 885 3372 ideo
914 3338 1107 3373 moneo
1124 3359 1140 3388 ‚
1175 3339 1242 3373 ne
1267 3323 1387 3393 quis
1411 3321 1478 3375 ab
1508 3324 1626 3394 ipso
1655 3322 1772 3376 Sal-

763 3400 955 3468 lustio,
990 3413 1082 3453 aut
1110 3402 1267 3454 etiam
1295 3403 1470 3474 Appio
1500 3401 1771 3474 quodam,

680 3528 685 3534 .
760 3481 818 3531 in
840 3480 1151 3533 Ciceronem
1174 3479 1431 3533 directum
1456 3482 1667 3546 credat,
1687 3483 1773 3536 de·

760 3574 949 3630 ceptus
964 3580 1026 3613 ea
1042 3561 1321 3631 fragmenti
1332 3559 1634 3614 Sallustiani
1649 3579 1774 3615 con·

759 3641 1005 3710 ceptione
1026 3677 1043 3704 ‚
1085 3655 1243 3711 quam
1285 3638 1461 3693 videre
1503 3651 1583 3693 est
1624 3641 1771 3713 apud

760 3719 977 3771 flavere.
992 3756 1009 3784 ‚
1032 3738 1086 3791 p.
1116 3733 1230 3789 129.
1257 3720 1389 3788 Quis
1412 3720 1570 3771 fuerit
1591 3732 1769 3774 antem

758 3794 849 3850 ille
870 3798 1108 3869 Appius,
1143 3798 1339 3850 frustra
1368 3797 1498 3851 locis
1527 3800 1770 3853 indicatis

759 3893 977 3947 quens.
1020 3876 1124 3931 Sed
1165 3877 1321 3930 facile
1362 3891 1442 3931 est
1483 3881 1767 3950 conjectu,

755 3957 917 4010 fuisse
949 3958 1223 4030 antiquum
1255 3958 1403 4012 illum
1435 3960 1572 4031 App.
1606 3961 1768 4013 Clau-

756 4033 902 4086 dium
926 4033 1161 4102 Caecum,
1187 4040 1339 4109 cujus
1362 4055 1571 4091 carmen
1597 4055 1768 4092 mora·

756 4111 838 4178 le,
860 4114 942 4166 vel
976 4118 1246 4169 sententiae
1272 4116 1422 4169 lectae
1446 4131 1568 4170 sunt
1602 4117 1726 4171 olim
1745 4158 1762 4187 ‚
1801 4179 1802 4182 Ἴ

757 4190 1153 4267 allegantur-que
1171 4195 1414 4250 Ciceroni
1425 4199 1584 4251 Tusc.
1602 4197 1694 4266 lv,
1711 4216 1759 4252 2.

1869 1581 2353 1637 Pseudo-Sallustio
2373 1584 2487 1636 init.
2509 1584 2687 1654 primae
2700 1583 2792 1635 Or.
2810 1581 2882 1634 de

1867 1663 1999 1735 Rep.
2026 1663 2156 1716 Ord.
2183 1665 2340 1716 Festo
2365 1663 2422 1714 in
2444 1663 2716 1732 Stuprum.
2744 1663 2884 1715 Pris-

1866 1745 2021 1797 ciano
2048 1745 2193 1809 vul,
2221 1763 2275 1816 p.
2305 1760 2424 1813 792.
2458 1744 2590 1812 Qum
2617 1740 2736 1794 loca
2763 1761 2876 1794 non

1867 1824 1978 1876 sine
2014 1823 2286 1895 voluptate
2323 1842 2352 1874 a
2390 1819 2698 1874 venerande
2736 1820 2876 1875 illius

1835 1951 1846 1966 ,
1866 1905 2193 1975 antiquitatis
2222 1901 2471 1954 studiosis
2495 1901 2875 1964 conferentia-3

1866 2000 2185 2055 quamquam
2204 1982 2424 2035 materis
2443 1981 2670 2033 fortasse
2688 1999 2876 2052 super-

1864 2076 1944 2113 est
1959 2061 2341 2133 quaestionibus
2356 2059 2422 2111 de
2436 2059 2749 2130 antiquitate
2763 2077 2876 2110 ser-

1863 2142 2037 2193 monis
2071 2155 2122 2193 et
2155 2140 2222 2192 de
2253 2153 2423 2193 metro
2455 2139 2872 2208 fragmentorum

1864 2220 2093 2272 illorum.

1935 2295 1984 2350 3.
2024 2300 2400 2369 coquinarum
2433 2298 2508 2347 sic
2541 2313 2724 2348 onnes
2753 2314 2874 2347 on-

1863 2378 1991 2428 nino
2012 2376 2155 2428 MSS.
2176 2375 2310 2447 (nisi
2330 2373 2475 2446 quod
2494 2374 2634 2428 Flor.
2650 2413 2668 2441 ‚
2691 2376 2876 2427 conai-

1866 2464 2065 2516 tumm5
2083 2457 2236 2507 Voss.
2263 2454 2325 2521 3,
2348 2453 2650 2527 coquinat)
2673 2469 2723 2507 et
2747 2452 2871 2506 edd.

1863 2535 2188 2604 antiquiores
2217 2548 2342 2586 ante
2368 2533 2488 2586 Ald.
2514 2535 2606 2606 qui
2633 2535 2835 2606 primus
2851 2572 2867 2600 ‚

1863 2632 1928 2665 ex
1959 2631 2102 2665 mera
2140 2611 2283 2665 haud
2324 2612 2484 2666 dubie
2524 2614 2832 2683 conjectura
2852 2652 2870 2673 .,

1861 2692 2055 2743 invexit
2079 2708 2373 2757 censuram,
2401 2690 2548 2762 quod
2574 2709 2756 2745 omnes
2777 2690 2870 2744 de·

1860 2767 1986 2821 inde
2008 2771 2334 2821 retinuerunt
2352 2785 2542 2842 preter
2557 2787 2724 2823 unum
2737 2769 2869 2824 Obr.

1861 2845 1982 2919 qui.
2006 2848 2152 2920 quod
2177 2850 2434 2900 rationem
2457 2867 2567 2900 non
2594 2851 2836 2921 exposuit
2852 2887 2869 2912 ‚

1859 2929 2174 2980 imitatorem
2221 2927 2407 2980 habuit
2450 2930 2730 2981 neminem.
2769 2931 2870 2983 Su-

1857 3021 2038 3077 specta
2076 3022 2252 3059 tamen
2286 3022 2498 3079 recepta
2528 3008 2632 3059 fuit
2653 3006 2862 3060 Rollino

1858 3088 2032 3138 etiam.
2067 3116 2139 3126 —
2169 3088 2351 3138 Nostri
2387 3085 2594 3152 Codd.,
2627 3087 2865 3159 coquitu-

1858 3178 1986 3217 ram.
2003 3167 2096 3217 En.
2112 3197 2182 3206 —
2194 3168 2526 3240 Coqnt'mram
2544 3164 2683 3218 male
2696 3166 2866 3218 dicen-

1857 3243 2866 3319 disubire.009nituroevocabulumhuc·

1851 3341 2020 3398 usqne
2048 3324 2242 3377 lectum
2271 3338 2351 3377 est
2382 3327 2436 3376 in
2465 3325 2627 3377 unico
2655 3339 2858 3377 tantum

1851 3402 1972 3454 loco
1996 3404 2235 3457 Suetonii
2257 3403 2432 3456 Vitell.
2462 3421 2490 3455 2
2506 3441 2523 3470 ,
2549 3403 2641 3455 nbi
2669 3402 2735 3455 de
2761 3402 2860 3455 ali·

1852 3499 1960 3553 quo
1974 3481 2277 3534 sectionibus
2293 3493 2345 3532 et
2363 3482 2645 3554 coyuitun's
2663 3482 2863 3534 uben'us

1850 3562 2218 3634 compendium
2254 3573 2406 3617 nacto
2439 3576 2714 3629 narratur,
2746 3581 2861 3615 cer-

1851 3657 2068 3717 tumque
2108 3658 2186 3698 est
2216 3642 2498 3714 significari
2531 3661 2595 3694 eo
2634 3661 2855 3708 munus,

1849 3723 1931 3775 vel
1962 3724 2196 3776 officium
2224 3724 2533 3799 coquitur-is,-
2559 3719 2706 3793 quod
2733 3723 2856 3775 satis

1851 3802 2201 3876 probabiliter
2223 3806 2449 3857 refertur
2476 3801 2551 3854 ibi
2579 3802 2647 3855 ad
2671 3804 2854 3874 cogni·

1850 3895 2016 3933 torem
2055 3881 2327 3952 publicum
2349 3920 2366 3946 ,
2404 3881 2496 3953 qui
2531 3899 2613 3933 res
2651 3893 2855 3952 gereret

1847 3962 2040 4025 aerarii,
2061 3962 2168 4013 sive
2182 3962 2291 4012 fisci
2314 3963 2536 4031 ejusque
2553 3977 2711 4013 causa
2734 3977 2851 4011 cum

1846 4041 2073 4092 maximo
2099 4057 2196 4091 suo
2220 4039 2539 4112 compendio
2564 4037 2854 4092 delatorem

1844 4133 2038 4190 ageret.
2066 4119 2394 4173 Generaliori
2423 4135 2599 4173 autem
2632 4121 2848 4173 notione

1843 4201 2088 4271 cognitor
2123 4212 2233 4267 est,
2278 4203 2584 4275 quicunqne
2623 4199 2849 4253 alienant
