3200 5159
580 502 1234 574 INSTITUTIONIS
1271 504 1528 569 ORAT.
1570 504 1736 568 LIB.
1776 504 1936 582 XII,
1986 528 2084 571 ιο.

2255 458 2387 591 '573

282 626 579 700 modum
595 644 643 720 ¹3
665 630 817 702 sine
841 656 983 728 quo
1006 626 1187 699 nihil
1212 652 1345 698 nec
1363 624 1747 714 laudabile,
1772 652 1900 697 nec
1927 626 2228 698 salutare
2255 645 2383 711 est3

283 764 350 814 et
397 743 583 817 nitor
619 745 741 818 ille
783 740 1055 818 cultum
1087 743 1401 834 virilem,
1434 764 1504 814 et
1536 742 1847 815 inventio
1870 741 2253 844 judicium.
2281 741 2391 814 Sic
2414 753 2483 807 80

281 880 486 931 eruut
529 888 832 961 mayna,
884 887 1029 932 non
1083 858 1347 931 nimia²
1364 889 1383 948 3
1436 856 1800 945 sublimia,
1850 885 1996 930 non
2043 858 2389 957 abrupta3

257 976 517 1070 sortia,
553 1004 697 1050 non
733 977 1127 1065 temeraria3
1158 1002 1390 1048 severa
1400 1031 1421 1063 ,
1467 1002 1616 1047 non
1654 975 1869 1046 tristia
1883 1007 1906 1065 3¹
1935 980 2210 1074 φηυία,
2243 1001 2389 1046 non

280 1093 514 1182 tarda3
562 1094 753 1183 laeta,
801 1122 947 1166 non
989 1091 1373 1181 luxuriosa3
1413 1092 1770 1191 jucunda,
1815 1117 1962 1163 non
2011 1089 2343 1163 dissoluta
2368 1119 2386 1179 ;

280 1211 572 1305 qrandia
586 1209 639 1299 ³,
669 1237 815 1283 non
849 1210 1123 1284 tumida
1136 1209 1346 1281 ‘isim
1369 1207 1476 1280 ilis
1501 1208 1576 1279 in
1613 1208 1868 1280 caeteris
1898 1205 2119 1281 ratio⁵
2146 1229 2279 1296 est,
2308 1235 2386 1280 ac

360 1379 377 1413 ι
390 1402 402 1413 .
425 1365 584 1435 Copia
605 1367 758 1420 habet
773 1369 1006 1420 modum.
1028 1366 1291 1420 Heindor-

281 1442 379 1494 fius
404 1447 703 1514 suspicatur
726 1447 887 1499 fuisse
912 1447 1097 1500 habeat
1118 1446 1291 1515 (idem

282 1539 496 1593 quoque
519 1522 696 1595 placet
713 1525 982 1598 Rollino);
1011 1544 1120 1576 non
1147 1524 1291 1596 quod

278 1596 367 1651 hic
387 1600 705 1656 indicativus
729 1605 1045 1657 commodus
1066 1622 1176 1656 non
1196 1606 1292 1671 sit,

278 1677 373 1729 sed
403 1679 549 1749 quod
581 1700 693 1734 nou
718 1683 999 1735 commode
1024 1696 1293 1755 repetatur

279 1754 419 1807 idem
443 1760 497 1809 in
520 1774 784 1830 sequentt.
819 1772 871 1813 et
890 1763 1034 1813 nitor
1057 1760 1152 1814 itte
1174 1760 1291 1814 cul-

280 1847 395 1887 tum
404 1876 423 1903 ‚
440 1852 540 1891 etc.
554 1842 836 1893 verissima
859 1854 1034 1894 autem
1052 1841 1290 1913 ejusdem

280 1929 361 1966 est
398 1917 697 1973 observatio
725 1922 782 1973 in
812 1923 1067 1992 proximis
1100 1920 1290 1974 distin-

280 1995 510 2047 ctionem
527 2011 650 2069 post
664 2018 880 2075 magna,
890 1999 1153 2066 sublimia,
1165 2013 1289 2066 etc.‚

280 2073 455 2128 delere
485 2078 721 2149 jubentis
737 2118 754 2145 ,
797 2095 854 2132 ut
870 2119 888 2146 ,
931 2080 1075 2151 quod
1114 2083 1288 2152 primo

281 2154 481 2227 ubique
526 2158 647 2211 loco
690 2163 923 2232 positum
968 2173 1079 2226 est,
1122 2163 1290 2211 instar

282 2235 507 2306 subjecti
530 2241 630 2297 sits
663 2259 857 2314 magna
880 2252 1034 2293 emm
1066 2258 1173 2292 non
1202 2239 1287 2290 ηἰ-

280 2332 388 2365 mia
403 2354 421 2382 ‚
450 2330 503 2368 et
532 2319 606 2370 sic
630 2337 808 2389 porro,

356 2414 402 2447 2.
433 2397 617 2449 Nimia
629 2421 649 2460 ,·
684 2397 948 2452 sublimia.
986 2401 1165 2465 Jens.‚
1201 2400 1289 2450 ni-

283 2474 449 2525 mium
471 2476 740 2545 sublimia,
766 2489 818 2530 et
836 2480 1142 2550 posteriorr.
1166 2490 1290 2530 ante

280 2551 404 2604 Ald.
419 2552 616 2606 Abi-uta
626 2596 645 2623 ‚
661 2556 836 2608 Guelf.
853 2556 1103 2609 Str-isticia
1114 2597 1132 2625 ,
1146 2557 1286 2608 Flor.

280 2630 529 2683 Jucunda
554 2653 660 2687 non
690 2633 782 2686 lux
807 2635 1053 2688 dissoluta
1068 2674 1086 2701 ‚
1111 2637 1287 2687 Turio.

285 2709 424 2761 Flor.
450 2712 685 2784 Apparet
717 2712 941 2767 scribam
972 2712 1289 2784 autographi

282 2788 474 2842 horum
510 2792 767 2845 Codicum
803 2812 901 2865 per
935 2810 1167 2846 errorem
1203 2812 1289 2844 re-

284 2869 490 2941 lapsum
506 2871 575 2925 ad
591 2873 887 2937 luxuriosa,
898 2875 1169 2943 inceptum
1176 2874 1288 2942 jam

286 2948 503 3002 verbum
526 2971 638 3004 non
661 2951 930 3003 delevisse.
953 2953 1090 3002 Hinc
1110 2964 1290 3002 tamen

286 3043 466 3081 natum
492 3047 597 3080 non
619 3029 750 3095 luxu
769 3027 1015 3082 dissoluta
1040 3031 1093 3080 in
1114 3029 1288 3083 Guelf.

285 3108 456 3181 (quod
492 3121 679 3160 notatu
717 3108 933 3178 dignum
972 3107 1040 3160 ad
1075 3109 1291 3178 genesin

285 3190 443 3259 hujus
467 3189 701 3263 Codicis)
724 3189 843 3243 Ald.
869 3189 1025 3242 Basa.

357 3270 407 3322 3.
448 3270 681 3323 Grandia
698 3310 717 3337 ‚
757 3288 863 3322 non
902 3267 1126 3321 tumida.
1157 3268 1292 3321 Vide

287 3364 396 3402 not.
426 3352 578 3404 infra.
603 3349 863 3403 Videntur
895 3362 1071 3403 autem
1098 3366 1293 3421 maqna

290 3428 503 3500 quidem
539 3427 608 3481 ad
645 3448 729 3480 res
762 3441 1037 3500 spectare,
1068 3426 1294 3499 qrandia

290 3507 358 3560 ad
378 3521 642 3560 oratorem
661 3511 838 3580 ipsum
857 3521 911 3560 et
929 3506 998 3560 ad
1010 3506 1169 3559 verba
1189 3508 1297 3559 nni-

288 3607 433 3641 mum
446 3589 820 3659 patefacienda
835 3589 941 3641 sive
952 3626 970 3654 ,
987 3590 1042 3639 in
1060 3586 1264 3639 tumido
1276 3624 1293 3653 ‚

290 3670 606 3720 ostentantia
615 3666 764 3719 .Vide
778 3680 966 3739 praeter
978 3666 1097 3719 loca
1112 3670 1167 3718 in
1182 3680 1292 3718 not.

294 3745 426 3796 infra
452 3743 695 3809 laudata,
720 3746 795 3812 11,
830 3762 909 3812 ιι,
935 3745 995 3808 33
1030 3745 1106 3812 X,
1128 3763 1173 3812 1,
1196 3745 1295 3814 65,

296 3837 390 3892 77;
421 3823 546 3887 ΧΠ,
581 3839 670 3889 ιο,
701 3823 786 3876 58.

362 3902 413 3969 4.
434 3903 667 3959 ‹iv-andiu
680 3941 696 3967 ‚
720 3922 827 3956 non
844 3903 1051 3957 tumida
1061 3926 1080 3967 ‚·
1101 3907 1176 3958 sic
1194 3907 1301 3960 Go-

294 3978 439 4033 than.
457 3982 611 4036 Voss.
646 3999 693 4034 2.
727 3981 904 4034 Fortia
936 4002 990 4034 n.
1025 3993 1091 4049 t.,
1120 3984 1297 4035 Turic.

296 4057 434 4110 Flor.
450 4057 573 4129 (nisi
592 4059 735 4132 quod
754 4059 841 4112 hic
859 4059 1104 4132 tumidia)
1123 4060 1296 4113 Guelf-

297 4157 419 4191 eum
442 4138 579 4191 Alm.
607 4141 752 4193 Jens.
786 4140 915 4192 Bad.
944 4140 1119 4193 Fortia
1145 4161 1198 4193 n.
1231 4140 1302 4190 n·-

298 4215 441 4267 mida
454 4253 469 4278 ,
486 4217 637 4269 Tarv.
656 4218 838 4271 Locat.
853 4220 988 4279 Ven.
1007 4218 1179 4272 Plena
1196 4237 1303 4270 non

1374 1367 1572 1419 tumida
1593 1407 1612 1434 ,
1664 1367 1850 1440 reliqui
1901 1381 2169 1440 praeeunte
2220 1369 2382 1420 Cant.

1371 1445 1550 1511 Quum
1560 1443 1734 1515 fortia
1755 1448 1938 1497 nescio
1961 1465 2069 1517 quo
2089 1448 2388 1518 corruptio-

1372 1525 1454 1575 nis
1474 1542 1606 1575 casu
1624 1524 1733 1575 huc
1751 1527 1977 1591 venerit,
2001 1538 2223 1596 apparet
2243 1525 2391 1576 alter·

1373 1616 1549 1654 utrum
1573 1617 1718 1656 certe
1743 1623 1959 1670 eorum,
1985 1623 2100 1675 quae
2126 1607 2238 1675 ejus
2263 1606 2386 1657 loeo

1373 1680 1638 1751 leguntur,
1654 1685 1987 1736 correctione
2008 1684 2292 1735 suffectum
2316 1703 2388 1737 es-

1370 1778 1444 1812 se.
1467 1758 1677 1812 Praetuli
1690 1760 1920 1835 qrandia
1940 1780 2048 1813 non
2068 1761 2191 1814 ideo
2212 1761 2388 1814 solum
2476 1805 2484 1811 .

1373 1838 1517 1910 quod
1557 1853 1695 1892 esset
1734 1858 1762 1891 e
1800 1841 2007 1912 scriptis
2022 1880 2040 1908 ,
2079 1841 2172 1892 sed
2208 1841 2388 1912 aliqua

1371 1921 1529 1972 etiam
1545 1922 1620 1971 rei
1636 1921 1801 1995 ipsius
1818 1922 2026 1972 ratione
2040 1919 2384 1973 habita.Nam

1370 2001 1601 2070 primum
1640 2001 1898 2053 tumidum
1936 2019 2096 2071 supra
2123 2003 2280 2052 etiam
2307 2002 2387 2068 X,

1373 2097 1436 2145 2,
1475 2079 1536 2131 16
1569 2078 1699 2150 (ubi
1731 2079 1845 2132 hoec
1883 2094 2009 2132 sunt
2046 2096 2229 2133 nostro
2263 2081 2385 2134 loco

1369 2176 1606 2229 congrua
1627 2156 1801 2231 :fiunt
1813 2177 1911 2231 pro
1926 2158 2214 2233 qrandibus
2231 2163 2387 2212 tumi-

1369 2237 1424 2288 di
1438 2276 1450 2287 .
1467 2275 1478 2287 .
1497 2276 1508 2288 .
1533 2237 1767 2309 fortibus
1791 2236 2054 2290 temerarii
2067 2277 2086 2302 ‚
2122 2234 2253 2291 loetis
2275 2256 2384 2291 cor-

1370 2315 1596 2386 rupti...)
1623 2333 1746 2367 cum
1774 2315 1968 2391 grandi
2003 2316 2076 2366 ita
2113 2320 2386 2388 composi·-

1371 2407 1482 2445 tum
1498 2393 1813 2460 habuimus,
1833 2407 1887 2446 et
1900 2394 2049 2460 vlu,
2067 2395 2129 2459 3,
2153 2396 2242 2462 ιθ,
2264 2415 2387 2449 cum

1370 2470 1684 2547 maqmfico,
1722 2473 1864 2544 quod
1899 2472 2039 2524 idem
2064 2487 2162 2527 est.
2186 2475 2384 2528 Contra

1367 2551 1618 2624 plenum,
1642 2552 1787 2623 quod
1807 2555 1909 2619 xl,
1935 2569 1983 2618 ι,
2003 2553 2063 2605 31
2092 2558 2387 2626 opponitur

1369 2649 1556 2702 presso
1592 2645 1646 2683 et
1670 2631 1800 2697 ΧΠ,
1834 2649 1923 2694 ιο,
1946 2632 2017 2684 66
2043 2632 2255 2699 subtili,
2290 2653 2385 2686 co-

1367 2724 1589 2780 gnatum
1597 2712 1783 2761 vitium
1794 2709 2110 2778 Quintiliani
2126 2725 2269 2763 certe
2285 2732 2385 2764 ser·

1369 2809 1528 2843 mone
1558 2809 1667 2843 non
1698 2801 1955 2843 tumorem
1974 2789 2162 2856 habet,
2179 2792 2281 2844 sed
2306 2811 2385 2844 re-

1369 2869 1736 2921 dundantiam.
1772 2871 1967 2921 Fateor
2001 2888 2110 2920 nou
2134 2872 2259 2922 satis
2289 2890 2385 2942 ap—

1370 2965 1557 3017 parere
1572 2984 1588 3013 ‚
1610 2965 1706 2998 cur
1720 2947 1946 3020 grandia
1972 2966 2000 2998 a
2022 2950 2261 3017 cognatis
2281 2949 2383 3002 inis

1373 3028 1603 3098 maqniS,
1628 3025 1956 3092 sublimibus,
1976 3041 2077 3078 etc.
2101 3041 2210 3079 tam
2228 3028 2386 3100 longe

1372 3106 1757 3158 distineantur:
1790 3107 1881 3159 sed
1914 3106 2113 3160 valeret
2147 3108 2288 3161 idem
2317 3110 2385 3164 de

1374 3186 1519 3236 omni
1542 3183 1705 3237 verbo
1732 3184 1876 3256 quod
1902 3189 2098 3238 tumori
2122 3202 2266 3240 recte
2296 3189 2386 3241 ad-

1366 3266 1638 3335 jungeres.
1685 3263 1865 3330 Quare
1917 3263 2168 3317 subnasci
2219 3268 2388 3337 possit

1374 3358 1559 3395 contra
1578 3356 1863 3415 utrumque
1883 3342 2102 3395 verbum
2124 3348 2386 3417 suspicio,

1376 3436 1428 3475 et
1447 3441 1555 3474 non
1575 3424 1756 3495 inepte
1773 3440 2046 3495 proponas
2069 3425 2251 3492 mitia,
2277 3445 2386 3477 non

1377 3501 1590 3567 timida,
1615 3501 1700 3555 vel
1733 3506 1776 3554 si
1807 3501 1951 3573 quod
1977 3502 2120 3555 aliud
2144 3523 2387 3556 commo-

1375 3582 1493 3634 dius
1531 3584 1709 3634 timori
1748 3582 2084 3653 adjungatur.
2109 3614 2181 3624 -—·
2207 3585 2387 3637 Nostri

1377 3663 1600 3715 Codices
1632 3662 1832 3734 fortia,
1876 3681 1984 3715 non
2029 3664 2258 3729 tumida,
2299 3684 2387 3717 ex·-

1378 3755 1535 3814 cepto
1557 3744 1617 3794 R.
1645 3761 1711 3812 9,
1736 3744 1827 3814 qui
1845 3743 2103 3815 quandia,
2132 3757 2184 3795 et
2208 3745 2389 3811 Poul.,

1379 3827 1471 3895 qui
1504 3823 1720 3896 sorcida
1741 3862 1758 3890 ,
1806 3838 2091 3895 utrumque
2135 3823 2259 3879 loco
2306 3827 2390 3877 τοό

1367 3903 1557 3975 fortia.
1588 3904 1685 3955 En.

1454 3982 1503 4035 5.
1524 3981 1676 4035 Ratio
1689 4020 1707 4047 ,
1726 3983 1920 4033 omisso
1939 3991 2039 4047 est,
2058 3979 2220 4032 Goth.
2241 3983 2388 4034 Jens.

1382 4075 1435 4114 et
1464 4064 1773 4133 posteriorr.
1815 4074 1936 4113 aute
1969 4058 2286 4112 Basil.—·r‹;
2320 4073 2395 4114 est

1384 4144 1636 4194 omittunt
1654 4158 1868 4212 quoque
1878 4140 2015 4194 vall.
2033 4140 2125 4192 lib.
2142 4143 2249 4192 RR.
2270 4142 2320 4208 8,
2337 4159 2390 4211 9,

1384 4220 1531 4277 Poul.
1557 4223 1653 4275 En.
