3200 5159
722 425 875 569 „40

1346 492 1439 555 M.
1481 489 1710 556 FABII
1750 493 2306 575 QUINTILIAM

780 627 889 680 tus
919 610 1107 682 enim
1137 610 1430 710 quisque
1464 613 1759 686 inveniri
1780 628 1798 658 ¹
1831 635 1973 686 tam
2002 616 2288 714 demens
2320 637 2576 715 potest,
2614 617 2738 714 qui
2771 600 2872 689 ne

778 722 1452 823 minima²,quidem
1485 727 1779 827 alicujus
1811 728 2032 800 certe³
2065 730 2318 803 fiducia
2351 730 2559 829 partis
2597 757 2874 803 memo-

781 836 1008 908 riaml*
1058 840 1514 938 posteritatis⁵
1560 842 1975 941 speraverit?
2020 844 2141 941 qui
2187 845 2245 916 si
2294 845 2452 943 quis
2501 864 2634 930 est,
2685 843 2870 914 intra

777 943 1041 1050 primos
1073 955 1303 1052 statim
1336 983 1571 1028 versus
1607 956 2195 1060 deprehendetur,
2244 980 2316 1031 et
2352 959 2548 1030 citius
2589 985 2719 1030 nos
2761 957 2870 1028 di·-

777 1067 1037 1158 mittet,
1064 1096 1279 1168 quam
1300 1069 1422 1143 utf·
1447 1072 1595 1172 ejus
1624 1055 1833 1145 nobis·
1853 1099 2113 1172 magno
2137 1073 2470 1174 temporis
2490 1074 2876 1145 detrimen-

777 1205 848 1256 to
869 1207 1134 1259 constet
1153 1189 1732 1286 experimentum.
1759 1188 1892 1261 Sed
1917 1216 2059 1262 non
2082 1189 2421 1289 quidquid
2448 1189 2534 1260 ad
2554 1188 2867 1288 aliquam

774 1324 1049 1400 partem
1076 1303 1412 1375 scientiae?
1441 1305 1765 1404 pertinet,
1793 1306 2108 1403 protinus
2130 1306 2219 1378 ad
2245 1305 2636 1378 faciendam
2657 1304 2867 1376 etiam

773 1414 1037 1508 φράσινῦ,
1101 1415 1187 1488 de
1250 1443 1389 1517 qua
1446 1418 1844 1516 loquimur,
1906 1421 2534 1492 accommodatum.
2595 1422 2867 1490 Verum

854 1601 896 1635 t.
934 1585 1172 1638 Inveniri
1212 1596 1318 1638 tam
1352 1586 1559 1639 demens
1588 1596 1783 1661 potest,

772 1663 883 1735 qui.
914 1665 1090 1716 Turio.
1120 1666 1258 1735 (nisi
1291 1667 1434 1737 quod
1472 1665 1558 1718 hic
1596 1668 1784 1719 inveri-

773 1742 968 1811 tande)
990 1744 1162 1810 Flor.,
1195 1747 1248 1797 in
1278 1747 1490 1798 veritate
1516 1765 1660 1798 mens
1682 1767 1782 1819 po-

773 1836 887 1876 tens
911 1824 1054 1896 quod
1077 1825 1406 1896 (pronomen
1435 1827 1489 1878 in
1512 1829 1690 1878 Turic.
1717 1845 1779 1876 eo

772 1901 1094 1974 compendio
1134 1906 1417 1976 seriptum,
1459 1904 1602 1976 quod
1647 1923 1783 1974 saepe

772 2000 873 2054 pro
903 1981 1062 2053 (μιῆς
1093 2002 1122 2034 a
1155 2001 1258 2035 see.
1290 2001 1449 2034 manu
1474 1996 1698 2054 uterque
1725 1985 1783 2034 ἰη

775 2063 986 2112 veritate
1020 2071 1223 2114 tumens
1248 2072 1534 2135 potensque
1567 2061 1784 2132 (quam-

776 2156 934 2209 quam
961 2138 1202 2191 enclitica
1227 2159 1257 2191 e
1279 2141 1456 2193 Turio.
1487 2159 1595 2191 non
1625 2141 1784 2192 refer·

774 2217 912 2289 tur),
933 2231 986 2269 et
1004 2219 1078 2270 sic
1098 2217 1271 2269 Gnelf.
1293 2218 1454 2271 Caute.
1477 2236 1599 2269 eum
1619 2216 1781 2268 Goth.

772 2297 926 2349 Voss.
960 2313 987 2348 2
1006 2336 1024 2363 ,
1054 2311 1106 2348 et
1134 2297 1253 2372 egid.
1285 2311 1408 2349 ante
1433 2297 1585 2348 Basil.
1612 2296 1787 2348 fuerit

773 2376 903 2427 adeo
934 2377 1120 2428 timens
1135 2377 1448 2448 posteritatis
1473 2375 1568 2447 qui
1580 2413 1596 2436 ‚
1622 2375 1782 2438 Obr.;

778 2473 935 2527 quam
957 2457 1301 2506 mutationem
1321 2474 1442 2507 cum
1462 2468 1643 2506 nostra
1665 2455 1786 2507 scri-

775 2547 962 2604 ptura,
989 2551 1018 2583 a
1046 2531 1329 2584 Philandro
1360 2533 1599 2604 profecta
1630 2545 1785 2606 repo-⁸

777 2614 904 2673 sita,
949 2609 1308 2682 comparando
1350 2611 1637 2680 intelliges,
1663 2623 1784 2662 ‘non

778 2689 988 2763 quidem
1029 2690 1155 2761 quid
1182 2693 1261 2742 vir
1286 2692 1398 2743 viro
1425 2705 1636 2763 praestet
1662 2690 1785 2762 (ne-

777 2789 883 2841 que
916 2771 1053 2820 euim
1080 2768 1187 2820 hoc
1214 2769 1495 2840 proverbio
1522 2771 1601 2821 uti
1628 2769 1783 2820 velim

775 2853 830 2901 in
855 2848 1161 2917 Obrechto)
1188 2849 1279 2901 sed
1305 2849 1447 2901 aliud
1471 2868 1586 2901 esse
1615 2862 1785 2901 tenta·

777 2949 835 2981 re
861 2928 1065 2993 locum,
1090 2927 1231 2979 aliud
1254 2929 1786 3000 persanare—Nos·

776 3010 842 3059 tri
878 3005 1077 3057 habent
1113 3006 1330 3077 quisque
1365 3008 1423 3058 in
1463 3007 1675 3059 veritate
1713 3017 1787 3056 tu-

778 3104 922 3137 men-s
948 3096 1263 3155 potensque,
1292 3098 1495 3156 except.
1524 3084 1659 3136 Van.
1689 3083 1782 3135 lib.

776 3169 838 3218 R.
867 3165 927 3232 8,
955 3166 1042 3234 qui
1067 3183 1166 3235 pro
1188 3164 1283 3221 «τοῖς
1305 3165 1363 3218 in
1387 3165 1601 3217 veritate
1620 3164 1712 3216 dat
1730 3166 1784 3216 in
1813 3215 1816 3222 ,

777 3245 1101 3297 numert‘tate.
1128 3245 1219 3295 En.

850 3341 898 3375 2.
919 3323 1165 3375 Minima.
1182 3322 1342 3375 Goth.
1359 3326 1512 3376 Voss.
1538 3341 1595 3390 2,
1620 3324 1785 3375 nimia

777 3403 931 3475 (vide
971 3401 1014 3473 §.
1055 3403 1151 3466 32;
1187 3405 1314 3455 item
1358 3403 1423 3470 42
1439 3403 1477 3474 ).
1501 3433 1569 3443 --
1598 3405 1783 3454 Nostri

778 3502 961 3538 omnes
984 3484 1225 3535 minima.
1250 3483 1344 3534 En.

803 3603 808 3607 .
848 3560 898 3611 3.
929 3562 1085 3612 Certe.
1108 3559 1284 3611 Turio.
1309 3558 1474 3624 Flor.,
1497 3560 1668 3611 ceteri.
1693 3558 1785 3611 {lle

777 3658 808 3690 a
834 3657 939 3691 sec.
965 3656 1154 3704 mann,
1182 3648 1384 3703 (reterre,
1414 3650 1466 3690 et
1498 3640 1572 3690 sic
1603 3638 1779 3689 Guelf.

776 3737 897 3770 cum
916 3715 1077 3770 Goth.
1095 3721 1247 3767 Voss.
1272 3734 1300 3768 2
1320 3714 1400 3784 (ni
1418 3715 1601 3780 fallor,
1624 3716 1783 3785 Van.)

775 3810 828 3848 et
868 3795 987 3848 edd.
1034 3809 1155 3846 ante
1201 3793 1315 3845 Ald.
1359 3794 1566 3867 Reliqui
1600 3806 1748 3846 certoe
1764 3833 1779 3857 ,

777 3895 897 3928 cum
921 3876 1083 3927 Cane.
1105 3877 1358 3925 Nostrum
1378 3873 1563 3926 Vidov.
1588 3888 1641 3926 et
1661 3879 1784 3926 Vas·

775 3973 886 4008 cos.
921 3954 1057 4023 (nisi
1086 3955 1224 4006 forte
1255 3973 1352 4026 per
1382 3967 1608 4007 errorem
1637 3954 1781 4006 hunc

772 4035 1015 4087 nominat
1035 4032 1247 4104 Gesn.),
1277 4033 1559 4104 probatum
1588 4035 1783 4086 Gesne-

771 4127 852 4162 ro.
872 4111 1131 4174 Scientioe,
1152 4111 1280 4162 Obr.
1302 4110 1439 4162 male
1458 4113 1776 4179 ingeniosus.

770 4190 1037 4243 -Nostri
1061 4208 1245 4243 omnes
1268 4200 1476 4243 eceteroe.
1508 4192 1597 4244 En.

1945 1588 1995 1654 4.
2025 1589 2336 1639 Memoriam
2363 1588 2675 1659 posteritatis
2697 1605 2871 1659 spera-

1865 1667 2008 1718 verit.
2053 1667 2112 1719 ld
2155 1679 2234 1719 est
2250 1705 2266 1731 ,
2308 1681 2500 1718 nomen
2539 1685 2696 1718 suum
2733 1668 2874 1718 inter

1864 1748 2149 1817 scriptores
2186 1745 2441 1797 librorum
2471 1746 2742 1817 professus
2775 1746 2870 1811 sit,

1863 1823 1944 1875 vel
1975 1825 2189 1875 omnino
2218 1823 2446 1895 aliquem
2469 1822 2664 1875 librum
2689 1821 2872 1875 edide-

1863 1904 1946 1954 rit.
1985 1903 2169 1954 Nimim
2213 1922 2339 1955 sane
2380 1902 2724 1975 simplicitatis
2766 1901 2868 1953 hoc

1862 1982 2026 2040 videri
2058 1996 2236 2053 potest
2271 1984 2326 2033 in
2363 1984 2588 2046 Nostro,
2626 1996 2785 2053 qnam
2821 1982 2872 2034 ei

1866 2062 2177 2112 excussisset
2199 2062 2443 2133 profecto
2469 2059 2726 2111 hodierna
2749 2062 2870 2110 scri-

1862 2137 2100 2189 bentium
2126 2138 2405 2203 sedulitas,
2430 2139 2472 2189 si
2496 2139 2758 2209 potuisset
2785 2155 2873 2188 co·

1861 2233 2152 2285 gnoscere,
2199 2216 2509 2288 posteritatis
2561 2217 2868 2268 memoriam

1863 2313 2033 2368 nequa
2041 2313 2197 2365 quam
2213 2297 2576 2366 cogitantium,
2590 2293 2686 2347 sed
2700 2295 2871 2348 Sosio·

1863 2391 1982 2425 rum
2007 2373 2244 2426 obolum.

1933 2451 1985 2501 5.
2014 2452 2330 2506 posteritatis
2348 2451 2638 2522 speraverit.
2663 2451 2872 2517 Tus-ic„

1863 2529 2002 2582 Artis
2025 2547 2092 2593 s.‚
2128 2532 2298 2597 Pion,
2325 2531 2506 2584 attidis
2524 2531 2811 2604 peraverit5
2839 2547 2872 2580 a

1866 2626 1968 2662 see.
2009 2627 2168 2663 mann
2205 2625 2426 2683 uterque
2455 2611 2580 2662 artis
2607 2629 2678 2676 s.‚
2706 2621 2758 2660 et
2796 2610 2873 2660 sie

1862 2689 2036 2742 Guelf.
2075 2690 2235 2743 Cam».
2276 2707 2396 2742 cum
2427 2689 2589 2741 Goth.
2617 2690 2772 2741 Voss.
2809 2705 2871 2754 2,

1864 2769 2012 2820 Bodl.
2039 2783 2091 2821 et
2119 2767 2237 2821 edd.
2267 2782 2391 2820 ante
2419 2767 2572 2820 Basil.
2599 2785 2711 2819 acc.
2737 2766 2870 2822 obr.

1866 2850 1954 2918 qui
1980 2862 2032 2899 et
2055 2848 2215 2899 modo
2235 2845 2427 2920 partiri
2445 2865 2544 2918 pro
2561 2848 2751 2919 partis,
2775 2845 2866 2897 ubi

1864 2930 2039 2980 Burm.
2085 2928 2232 2980 malit
2265 2927 2438 2980 sortiri
2449 2949 2470 2989 ;
2509 2926 2639 2979 mihi
2675 2925 2870 2996 partiri

1862 3006 2293 3074 francogallicum
2317 3005 2524 3058 videtur
2544 3004 2834 3077 (par-taqer)
2850 3042 2867 3070 ‚

1865 3103 1972 3135 non
1997 3084 2234 3136 latinum.
2261 3086 2335 3137 Ex
2357 3084 2493 3137 Atm.
2526 3085 2763 3137 referunt
2788 3103 2867 3135 ar·-

1865 3173 1946 3214 tus
1986 3182 2022 3216 s.
2065 3164 2424 3214 Bur-mannum
2458 3161 2672 3233 quidem
2711 3164 2874 3217 miror

1865 3242 2023 3311 liujus
2065 3242 2170 3294 loci
2206 3240 2524 3294 medicinam
2562 3254 2876 3313 exspectan-

1863 3335 1987 3373 tem.
2005 3324 2270 3374 ”Nostri
2296 3340 2478 3374 omnes
2501 3322 2625 3372 artis
2645 3339 2872 3391 Sperave-

1866 3402 1947 3452 rit.
1975 3404 2066 3454 En.

1938 3482 1988 3533 6.
2021 3481 2190 3550 Quom
2217 3491 2290 3533 ut.
2316 3481 2491 3531 Turio.
2519 3478 2661 3530 Flor.
2686 3479 2865 3532 Guelf.

1863 3565 2023 3618 cim.
2039 3599 2055 3625 ,
2080 3577 2235 3633 quam
2257 3571 2321 3612 et.

1936 3660 1985 3712 7.
2001 3639 2239 3693 Scientioe
2253 3638 2494 3711 pertinet.
2507 3639 2665 3689 Voss.
2690 3655 2719 3690 2
2733 3676 2750 3698 ,
2769 3657 2874 3690 sen-

1863 3721 2040 3772 tentioe
2056 3739 2114 3792 p.
2140 3719 2300 3772 Goth.
2326 3717 2401 3770 nil
2423 3716 2568 3770 aliud
2593 3719 2691 3769 nisi
2717 3721 2874 3770 omit·-

1861 3804 1925 3852 tit
1951 3800 2178 3872 pertinet
2200 3796 2355 3867 (vide
2385 3795 2430 3866 §.
2466 3798 2552 3863 41;
2584 3797 2712 3848 item
2748 3796 2814 3866 54
2829 3797 2868 3868 ).

1861 3909 1932 3919 --
1950 3881 2130 3930 Nostri
2151 3879 2283 3930 scien
2293 3878 2376 3928 tt'oe
2395 3874 2634 3945 pertinet.
2656 3876 2751 3926 En.

1934 3959 1983 4010 8.
2013 3954 2200 4025 opion.
2226 3955 2406 4007 Multis
2431 3954 2602 4005 modis
2625 3955 2870 4026 inquina-

1862 4051 1948 4089 tur
1970 4037 2075 4089 hoc
2090 4034 2407 4088 vocabulum
2428 4036 2480 4085 in
2501 4033 2674 4098 libris,
2696 4053 2869 4106 neque

1861 4118 1917 4171 iu
1940 4119 2070 4169 meis
2090 4129 2211 4168 ante
2225 4117 2378 4167 Tarv.
2395 4116 2761 4185 incorruptum
2783 4133 2873 4186 ap-

1858 4208 2027 4267 paret.
2049 4196 2298 4268 Suspicor
2317 4206 2492 4245 autem
2513 4192 2801 4266 fuissefae.
2821 4203 2874 4243 et
