3200 5159
627 462 1282 533 INSTITUTIONIS
1319 465 1577 530 ORAT.
1620 466 1782 531 LIB.
1821 466 1979 549 XII,
2023 468 2083 533 3.

2279 470 2405 553 465

314 588 917 689 reprehendenda,
968 590 1157 689 quod
1201 588 1458 662 multos
1506 592 1993 688 cognovimus,
2044 592 2164 690 qui
2212 597 2409 669 taedio

317 706 603 800 laboris»,
630 735 842 807 quem
865 709 1040 780 ferre
1058 707 1506 780 tendentibus
1532 707 1622 780 ad
1642 709 2117 806 eloquentiam
2140 738 2412 791 necesse

321 842 445 912 est,
470 823 908 921 confugerint
924 823 1010 894 ad
1032 820 1179 895 haec
1201 822 1620 895 deverticula
1643 824 1952 898 desidiae:
1978 853 2278 924 quorum
2297 831 2415 903 alii

322 962 393 1010 se
426 939 515 1010 ad
550 938 793 1011 album
818 953 837 984 ¹
878 966 956 1011 ac
989 939 1297 1010 rubricas
1326 940 1859 1030 transtulerunt,
1892 962 1959 1013 et
1989 944 2413 1040 formularii,

322 1096 658 1167 proeccpimus
679 1095 799 1166 (err.
825 1094 1047 1167 Gesn.)‚
1072 1112 1245 1165 neque
1274 1095 1329 1144 in
1408 1092 1658 1146 bularum
1678 1094 1820 1166 leges
1843 1093 2082 1148 rubricas
2094 1099 2230 1168 juris
2255 1099 2420 1153 civilis

325 1175 437 1227 ullo
482 1194 717 1227 meorum
754 1197 765 1225 ι
809 1174 1005 1227 lectum
1054 1187 1230 1225 tamen
1274 1170 1331 1224 id
1410 1175 1721 1244 restringere
1757 1173 2086 1225 videbantur.
2126 1175 2288 1228 Recte
2330 1176 2419 1229 ille

326 1254 522 1307 alicubi
558 1255 700 1307 dicas
733 1252 1041 1320 Obrechto,
1079 1255 1172 1324 qui
1205 1251 1329 1304 binc
1366 1253 1371 1259 ’
1411 1251 1654 1324 quidem:
1677 1251 1771 1305 sed
1790 1253 1928 1305 male
1947 1252 2132 1305 eadem
2156 1259 2418 1310 restrictio

328 1336 566 1386 effecerit
606 1352 759 1386 suum
797 1333 1138 1405 precepimus
1175 1330 1329 1382 modo

329 1413 449 1484 (err.
474 1411 699 1482 Burm.);
722 1414 807 1463 cui
831 1424 1070 1463 nostrum
1090 1410 1335 1482 profecto

330 1512 485 1545 nemo
496 1504 802 1565 postponet.
816 1492 1008 1545 Nonne
1020 1491 1153 1564 quis,
1161 1489 1335 1542 Guelf.

330 1570 475 1623 Goth
515 1570 638 1622 Exc.
658 1572 804 1624 Sam.
827 1587 949 1621 cum
961 1572 1115 1619 Voss.
1143 1582 1190 1632 ¹,
1213 1585 1262 1632 2,
1282 1568 1335 1634 3,

332 1650 476 1700 Jens.
505 1662 556 1700 et
581 1647 703 1700 edd.
731 1649 1035 1720 posteriorr.
1062 1659 1184 1699 ante
1207 1644 1333 1698 Bad.

332 1728 425 1797 qui
446 1738 531 1794 (ex
549 1726 681 1778 Cod.
701 1724 833 1778 vall.
855 1724 1000 1777 haud
1019 1723 1179 1776 dubie
1193 1762 1209 1788 ‚
1235 1743 1334 1776 err.

333 1804 535 1875 Burm.)
575 1817 808 1857 nostram
852 1805 1108 1870 restituit,
1148 1805 1335 1856 merito

334 1886 532 1954 rejecto
551 1881 670 1936 ΑΜ.
689 1896 989 1936 commento
1015 1902 1122 1936 non
1139 1883 1341 1954 «nquius

333 1981 394 2016 eo
418 1964 534 2034 quis
555 1963 686 2015 cred.
713 1963 838 2015 Mox
872 1963 1105 2033 reprend.
1123 2000 1141 2028 ,
1174 1963 1339 2013 Cam.

337 2042 501 2112 Quem
526 2042 676 2113 fere,
708 2041 848 2093 Flor.
873 2040 1054 2092 Ambr.
1083 2057 1111 2091 2
1131 2077 1149 2106 ‚
1171 2041 1336 2093 caan».

334 2122 687 2188 Dives-ricula,
716 2120 889 2173 Guelf.
916 2122 1079 2176 Cmr.
1105 2117 1338 2172 Gothan.

332 2204 475 2254 Jens.
501 2201 639 2270 (tac.
665 2200 858 2273 Gesn.)
891 2218 1013 2252 cum
1040 2198 1185 2251 editt.
1214 2196 1337 2269 aliq.

333 2294 474 2354 post.
505 2282 633 2332 Mox
654 2281 726 2332 ad
745 2281 940 2333 omittit
959 2280 1135 2331 Turic.
1160 2277 1340 2329 Rubri·

334 2379 429 2425 ca,
465 2359 642 2411 Ambr.
672 2377 735 2424 a,
762 2357 937 2410 Guelf.
964 2377 1085 2409 cum
1106 2358 1259 2408 Voss.
1287 2355 1337 2407 3.

334 2435 586 2490 For-mula
608 2435 791 2508 velud,
812 2438 989 2489 Tui-ic.
1016 2434 1268 2488 Formula
1290 2455 1337 2485 v.

1414 1332 1468 1381 in
1496 1329 1932 1403 leguleiis'relicta
1959 1345 2055 1385 est.
2077 1334 2212 1386 Nam
2238 1339 2423 1407 ntique

1417 1412 1719 1464 universum
1738 1412 1825 1479 jus
1850 1411 1999 1463 civile
2016 1452 2033 1479 ,
2063 1413 2209 1484 quod
2237 1415 2363 1476 inde
2392 1435 2423 1468 a

1415 1487 1514 1538 ΧΠ
1560 1485 1855 1548 tabularum
1904 1502 2143 1562 tempore
2185 1492 2424 1564 legibus,

1418 1565 1894 1618 consuctudinibus
1953 1582 2006 1619 et
2060 1570 2428 1624 consultorum

1416 1648 1687 1716 responsis
1703 1647 1952 1713 obtinuit,
1966 1646 2314 1722 hominesque
2335 1654 2442 1723 qui.

1416 1723 1529 1775 brec
1567 1727 1750 1776 omnia
1783 1731 2036 1777 memoria
2078 1728 2363 1796 tenebant,
2397 1749 2430 1783 a

1419 1802 1750 1872 Quintiliano
1778 1804 2224 1860 demonstrantur.
2250 1808 2351 1862 Sed
2374 1812 2430 1862 in

1421 1901 1485 1934 eo
1524 1901 1650 1934 sane
1679 1902 1788 1934 non
1815 1882 1983 1937 falsus
2013 1900 2093 1938 est
2116 1888 2430 1956 Turnebus,

1422 1959 1567 2030 quod
1587 1958 1657 2012 ad
1669 1964 1757 2032 jus
1778 1961 1928 2013 civile
1949 1963 2170 2015 rubricas
2188 1979 2430 2037 spectare

1421 2038 1579 2102 dicit;
1611 2038 1715 2090 hoc
1740 2041 1880 2090 enim
1899 2039 1981 2091 vel
2012 2039 2123 2092 sola
2150 2040 2237 2094 illa
2268 2045 2430 2095 “Ma—

1427 2141 1449 2164 α
1471 2122 1577 2170 suri
1603 2117 1811 2170 rubrica
1834 2142 1856 2165 n
1889 2119 2032 2192 apud
2065 2123 2301 2174 Persium
2327 2123 2432 2175 do-

1421 2213 1505 2250 cet
1531 2197 1627 2268 (V,
1651 2215 1748 2268 90,
1775 2199 2007 2269 Excepto
2034 2200 2210 2273 siquid
2228 2203 2434 2258 Masuri

1421 2277 1623 2329 rubrica
1653 2278 1903 2349 vetabat),
1934 2298 2039 2350 qua
2069 2278 2189 2333 libri
2213 2282 2431 2338 Masurii

1420 2357 1600 2409 Sabini
1633 2356 1699 2408 de
1723 2359 1850 2409 Jure
1883 2358 2022 2410 civili
2047 2360 2427 2431 intelliguntur.

1418 2436 1574 2489 Tales
1600 2440 1738 2489 enim
1768 2438 1918 2505 libri,
1946 2441 2001 2490 in
2030 2440 2222 2512 quibus
2258 2456 2430 2496 totum

336 2537 390 2569 ιι.
408 2517 593 2583 ,.Flor
626 2535 749 2568 cum
784 2515 917 2567 Ala
953 2503 1337 2588 Leqii,'1‘·uric.
1413 2517 1502 2586 jus
1541 2516 1691 2568 civile
1730 2529 1997 2588 tamquam
2036 2520 2090 2570 in
2124 2538 2319 2591 corpus
2346 2542 2431 2574 re-

336 2598 507 2669 hyn,
523 2596 664 2648 Flor-
684 2596 911 2668 Legum,
935 2595 1066 2646 Alm.
1087 2592 1338 2668 Quidem,

333 2677 512 2727 Turio.
548 2674 686 2727 Flor.
719 2673 902 2727 Ambr.
932 2690 992 2738 2,
1025 2674 1188 2724 Cane.
1219 2691 1341 2723 cum

335 2752 473 2806 Alm.
492 2753 663 2806 Essem
687 2751 838 2818 mal„
852 2753 1027 2803 Turic.
1046 2748 1339 2824 Eleyentes,

334 2835 378 2886 F
380 2833 477 2885 lor.
494 2833 740 2906 quntes,
765 2849 925 2901 marg.
948 2830 1102 2882 Basil.
1126 2829 1339 2894 Solum,

338 2914 516 2965 Tur-ic.
542 2913 679 2964 Flor.
700 2913 863 2963 Cur.
879 2912 1070 2962 -RR.
1095 2928 1145 2979 7,
1171 2927 1232 2980 9,
1261 2925 1342 2974 ιο,

333 2991 688 3064 pru-cepimus.
710 2990 894 3043 Caeteri
909 2988 1257 3060 proecipimus.
1280 2990 1342 3038 li·

339 3069 461 3123 dem
482 3089 657 3123 nonne
674 3071 806 3141 quis,
829 3087 940 3121 exc.
963 3070 1022 3120 R.
1048 3085 1099 3138 7,
1122 3069 1212 3139 qui
1235 3086 1342 3119 non

340 3148 555 3220 oequius.
594 3149 701 3200 RR.
744 3147 777 3199 3
800 3185 818 3212 ‚
862 3163 957 3213 ιο,
996 3144 1175 3200 credit.
1217 3148 1343 3198 Mox

341 3244 524 3280 omnes
549 3226 778 3299 leguleii.
805 3228 897 3279 En.

420 3321 464 3356 ι.
495 3305 579 3356 Ad
609 3303 802 3356 album.
823 3343 835 3355 .
858 3344 869 3355 .
903 3322 1003 3356 esse
1027 3302 1342 3356 maluerunt.

348 3405 371 3429 ι
390 3383 489 3435 nic
512 3379 691 3434 album
719 3382 848 3434 dixit
884 3401 979 3453 pro
1001 3382 1128 3434 Jure
1154 3395 1345 3454 praeto—

347 3483 370 3507 ιι
390 3463 471 3513 rio
514 3476 566 3513 et
605 3461 829 3513 rubricas
871 3481 966 3534 pro
1007 3463 1136 3513 Jure
1173 3460 1313 3538 pivili
1329 3499 1346 3527 ‚

347 3562 370 3586 ιι
392 3539 539 3610 quod
573 3541 668 3591 ΧΠ
702 3539 896 3592 tabulis
932 3540 1343 3592 continebatur:

349 3643 373 3666 οι
395 3633 452 3671 ut
472 3618 877 3691 etfcnnularios
897 3618 963 3671 ad
980 3623 1251 3691 praetorias
1271 3638 1351 3671 re-

352 3723 374 3746 ·
396 3698 513 3751 tulit
546 3699 835 3766 formulas,
875 3696 1122 3771 lequleios
1157 3699 1226 3751 ad
1260 3703 1349 3770 jus

355 3800 378 3824 ιι
397 3778 548 3831 civile
576 3792 630 3831 et
653 3780 747 3831 XII
772 3778 918 3831 tabb.
943 3779 1103 3849 leges.
1126 3803 1148 3826 n
1178 3778 1351 3831 Verba

348 3871 472 3909 sunt
486 3858 722 3911 Turnebi
744 3861 801 3910 in
819 3856 1037 3909 Advers.
1055 3860 1143 3923 W,
1164 3857 1216 3925 5,
1237 3878 1351 3931 quae

349 3954 449 3988 nos
482 3935 603 3988 ideo
633 3935 722 3988 hic
746 3938 1026 4009 ponimus,
1052 3936 1199 4009 quod
1221 3938 1355 3990 Ges-

1421 2594 1638 2648 dactum
1663 2610 1807 2663 erat,
1843 2597 2086 2650 manibus
2118 2596 2327 2651 illorum
2362 2601 2432 2655 de

1420 2672 1579 2743 vulgo
1586 2673 2086 2744 jurisconsultorum
2107 2676 2428 2743 terebantur3

1423 2767 1476 2804 et
1503 2754 1672 2804 minio
1702 2755 1756 2803 in
1782 2752 1882 2804 illis
1908 2767 1998 2805 aut
2021 2753 2180 2806 verba
2209 2757 2324 2827 ipsa
2349 2756 2428 2808 le-

1420 2848 1575 2899 gum,
1595 2843 1688 2882 aut
1708 2832 1750 2881 si
1767 2832 1929 2881 mavis
1948 2834 2121 2902 capita
2135 2834 2267 2900 juris
2283 2835 2429 2904 picta

1423 2922 1589 2960 erant.
1617 2911 1694 2960 De
1720 2910 2029 2980 praetoribus
2054 2925 2230 2962 autem
2256 2912 2428 2964 edicta

1423 3006 1516 3040 sua
1563 2991 1618 3040 in
1658 2986 1832 3039 album
1881 2991 2229 3044 referentibus
2278 3007 2328 3044 et
2374 2995 2429 3046 in

1421 3066 1640 3139 publico
1675 3067 2097 3138 proponentibus
2124 3069 2246 3122 vide
2279 3072 2431 3143 plura

1424 3145 1566 3217 apud
1590 3144 1834 3198 eumdem
1855 3145 2176 3214 Gesnerum;
2203 3167 2428 3220 quorum

1424 3225 1530 3277 buc
1570 3226 1793 3276 maxime
1831 3225 2030 3280 faciunt
2063 3227 2328 3281 «sedentes
2361 3231 2432 3281 ad

1431 3329 1454 3353 ιι
1473 3305 1647 3357 album
1663 3344 1680 3376 ,
1703 3329 1725 3353 ιι
1755 3304 1805 3356 id
1829 3318 1938 3368 est,
1965 3304 2173 3375 leguleii
2197 3308 2430 3363 edictum

1424 3386 1660 3456 pra’toris
1685 3382 1976 3436 ediscentes
2010 3397 2063 3436 et
2086 3385 2291 3454 singula
2316 3388 2431 3441 aliis

1424 3474 1931 3527 commonstrantes,
1976 3482 2005 3514 e
2043 3464 2223 3516 Senec.
2265 3467 2429 3537 Epist.

1424 3541 1651 3593 XLVIII.
1675 3541 1861 3612 Neque
1884 3552 2055 3593 tamen
2078 3555 2190 3593 erat
2207 3545 2436 3616 cursor—

1427 3618 1677 3676 mularios
1708 3621 1864 3671 etiam
1898 3619 1963 3671 ad
1997 3621 2168 3672 solum
2186 3627 2274 3695 jus
2298 3644 2434 3694 prae-

1430 3703 1625 3752 torium
1648 3713 1886 3772 spectare
1906 3711 2116 3769 putaret
2135 3702 2434 3755 Turnebus.

1430 3780 1683 3847 Quamvis
1726 3781 1864 3830 euim
1906 3778 2145 3831 formulae
2183 3782 2372 3851 agendi
2407 3804 2439 3835 a

1430 3872 1653 3931 praetore
1672 3857 1942 3929 praescribi
1960 3859 2216 3924 solerent;
2242 3882 2347 3913 non
2368 3877 2442 3915 ta-

1435 3957 1558 3998 men
1588 3940 1642 3989 in
1672 3937 1754 3989 bis
1787 3938 1912 3990 solis
1937 3940 2243 3992 versabatur
2267 3942 2442 3998 bomi-

350 4031 510 4067 nerus
535 4032 750 4084 quoque
771 4017 824 4066 in
847 4013 1179 4066 Thesaurum
1202 4033 1357 4067 suum
1436 4034 1565 4068 num
1590 4014 1804 4069 illorum
1827 4018 2012 4087 peritia
2028 4056 2044 4083 ‚
2070 4018 2162 4070 sed
2186 4022 2238 4070 in
2265 4020 2442 4077 multi-

352 4111 404 4144 ν.
437 4092 602 4144 Albus
635 4092 827 4146 inferre
865 4111 926 4145 ea
963 4092 1208 4164 dignatus
1246 4107 1357 4161 est,
1439 4093 2219 4167 tudineillaformularum‚quae
2234 4101 2447 4152 inomni

354 4172 561 4223 omissis
593 4183 769 4229 tamen
792 4171 892 4224 illis
915 4189 1030 4243 quae
1064 4171 1132 4224 ad
1157 4172 1256 4224 XII
1278 4185 1360 4225 ta-
1437 4192 1495 4227 re
1528 4172 1666 4225 civili
1697 4172 1974 4242 valebant,
2014 4195 2248 4249 quasque
2280 4178 2357 4232 illi
2390 4181 2446 4235 in

559 4258 594 4327 4

2128 4266 2198 4326 30
