<?xml version="1.0" encoding="UTF-8"?>
<!DOCTYPE html PUBLIC "-//W3C//DTD XHTML 1.0 Transitional//EN"
    "http://www.w3.org/TR/xhtml1/DTD/xhtml1-transitional.dtd">
<html xmlns="http://www.w3.org/1999/xhtml" xml:lang="en" lang="en">
 <head>
  <title>
</title>
<meta http-equiv="Content-Type" content="text/html;charset=utf-8" />
  <meta name='ocr-system' content='tesseract 3.04.00' />
  <meta name='ocr-capabilities' content='ocr_page ocr_carea ocr_par ocr_line ocrx_word'/>
</head>
<body>
  <div class='ocr_page' id='page_1' title='image "./deinstitutioneo00unkngoog_0017.png"; bbox 0 0 3200 5159; ppageno 0'>
   <div class='ocr_carea' id='block_1_1' title="bbox 1094 494 2395 579">
    <p class='ocr_par' dir='ltr' id='par_1_1' title="bbox 1094 494 2395 579">
     <span class='ocr_line' id='line_1_1' title="bbox 1094 494 2395 579; baseline 0.008 -21"><span class='ocrx_word' id='word_1_1' title='bbox 1094 494 1609 564; x_wconf 60' lang='lat' dir='ltr'><strong>PRAEFATIO.</strong></span> <span class='ocrx_word' id='word_1_2' title='bbox 2358 516 2395 579; x_wconf 88' lang='lat'>3</span> 
     </span>
    </p>
   </div>
   <div class='ocr_carea' id='block_1_2' title="bbox 210 626 2399 4198">
    <p class='ocr_par' dir='ltr' id='par_1_2' title="bbox 210 626 2399 4198">
     <span class='ocr_line' id='line_1_2' title="bbox 301 626 2395 732; baseline 0.01 -36"><span class='ocrx_word' id='word_1_3' title='bbox 301 634 678 725; x_wconf 82' lang='lat' dir='ltr'>exemplum</span> <span class='ocrx_word' id='word_1_4' title='bbox 720 628 1071 724; x_wconf 75' lang='lat' dir='ltr'>diligenter</span> <span class='ocrx_word' id='word_1_5' title='bbox 1109 635 1265 702; x_wconf 88' lang='lat' dir='ltr'>inde</span> <span class='ocrx_word' id='word_1_6' title='bbox 1304 637 1558 725; x_wconf 70' lang='lat' dir='ltr'>singula</span> <span class='ocrx_word' id='word_1_7' title='bbox 1600 656 1669 703; x_wconf 90' lang='lat' dir='ltr'>et</span> <span class='ocrx_word' id='word_1_8' title='bbox 1703 644 1846 731; x_wconf 82' lang='lat' dir='ltr'>ipse</span> <span class='ocrx_word' id='word_1_9' title='bbox 1890 655 2177 720; x_wconf 88' lang='lat' dir='ltr'>enotavit</span> <span class='ocrx_word' id='word_1_10' title='bbox 2211 626 2395 732; x_wconf 71' lang='lat' dir='ltr'>Butt-</span> 
     </span>
     <span class='ocr_line' id='line_1_3' title="bbox 296 752 2390 846; baseline 0.008 -24"><span class='ocrx_word' id='word_1_11' title='bbox 296 777 609 830; x_wconf 87' lang='lat' dir='ltr'>mannus,</span> <span class='ocrx_word' id='word_1_12' title='bbox 638 753 797 818; x_wconf 90' lang='lat' dir='ltr'>etin</span> <span class='ocrx_word' id='word_1_13' title='bbox 827 752 1080 820; x_wconf 86' lang='lat' dir='ltr'>caeteris</span> <span class='ocrx_word' id='word_1_14' title='bbox 1111 776 1383 846; x_wconf 87' lang='lat' dir='ltr'>quoque</span> <span class='ocrx_word' id='word_1_15' title='bbox 1409 753 1776 824; x_wconf 76' lang='lat' dir='ltr'><strong>decessoris</strong></span> <span class='ocrx_word' id='word_1_16' title='bbox 1796 786 2052 840; x_wconf 89' lang='lat' dir='ltr'>morem</span> <span class='ocrx_word' id='word_1_17' title='bbox 2080 782 2390 846; x_wconf 78' lang='lat' dir='ltr'>servavit:</span> 
     </span>
     <span class='ocr_line' id='line_1_4' title="bbox 300 868 2397 964; baseline 0.012 -31"><span class='ocrx_word' id='word_1_18' title='bbox 300 893 503 964; x_wconf 90' lang='lat' dir='ltr'>quem</span> <span class='ocrx_word' id='word_1_19' title='bbox 537 892 745 959; x_wconf 87' lang='lat' dir='ltr'>quum</span> <span class='ocrx_word' id='word_1_20' title='bbox 778 868 1196 958; x_wconf 80' lang='lat' dir='ltr'>Spaldingius</span> <span class='ocrx_word' id='word_1_21' title='bbox 1236 892 1371 938; x_wconf 87' lang='lat' dir='ltr'>non</span> <span class='ocrx_word' id='word_1_22' title='bbox 1408 874 1561 937; x_wconf 87' lang='lat' dir='ltr'>satis</span> <span class='ocrx_word' id='word_1_23' title='bbox 1601 877 2022 964; x_wconf 83' lang='lat' dir='ltr'>explicuerit,</span> <span class='ocrx_word' id='word_1_24' title='bbox 2063 884 2397 958; x_wconf 86' lang='lat' dir='ltr'>describa-</span> 
     </span>
     <span class='ocr_line' id='line_1_5' title="bbox 294 988 2394 1085; baseline 0.009 -33"><span class='ocrx_word' id='word_1_25' title='bbox 294 1009 446 1056; x_wconf 82' lang='lat' dir='ltr'>mus</span> <span class='ocrx_word' id='word_1_26' title='bbox 468 1009 740 1053; x_wconf 88' lang='lat' dir='ltr'>necesse</span> <span class='ocrx_word' id='word_1_27' title='bbox 769 1002 896 1066; x_wconf 90' lang='lat' dir='ltr'>est;</span> <span class='ocrx_word' id='word_1_28' title='bbox 928 988 1122 1052; x_wconf 89' lang='lat' dir='ltr'>simul</span> <span class='ocrx_word' id='word_1_29' title='bbox 1150 1004 1217 1051; x_wconf 89' lang='lat' dir='ltr'>et</span> <span class='ocrx_word' id='word_1_30' title='bbox 1240 1011 1440 1077; x_wconf 87' lang='lat' dir='ltr'>quam</span> <span class='ocrx_word' id='word_1_31' title='bbox 1468 995 1879 1085; x_wconf 87' lang='lat' dir='ltr'>nosmetipsi</span> <span class='ocrx_word' id='word_1_32' title='bbox 1903 1002 2076 1066; x_wconf 85' lang='lat' dir='ltr'>viam</span> <span class='ocrx_word' id='word_1_33' title='bbox 2101 1012 2394 1082; x_wconf 41' lang='lat' dir='ltr'>tenueris-</span> 
     </span>
     <span class='ocr_line' id='line_1_6' title="bbox 298 1102 2394 1210; baseline 0.013 -44"><span class='ocrx_word' id='word_1_34' title='bbox 298 1125 447 1172; x_wconf 86' lang='lat' dir='ltr'>mus</span> <span class='ocrx_word' id='word_1_35' title='bbox 491 1126 528 1167; x_wconf 89' lang='lat' dir='ltr'>a</span> <span class='ocrx_word' id='word_1_36' title='bbox 567 1103 780 1191; x_wconf 86' lang='lat' dir='ltr'>prima</span> <span class='ocrx_word' id='word_1_37' title='bbox 818 1103 1139 1191; x_wconf 81' lang='lat' dir='ltr'>propositi</span> <span class='ocrx_word' id='word_1_38' title='bbox 1182 1102 1437 1170; x_wconf 89' lang='lat' dir='ltr'>itineris</span> <span class='ocrx_word' id='word_1_39' title='bbox 1475 1123 1649 1174; x_wconf 84' lang='lat' dir='ltr'>meta</span> <span class='ocrx_word' id='word_1_40' title='bbox 1686 1133 1898 1200; x_wconf 89' lang='lat' dir='ltr'>usque</span> <span class='ocrx_word' id='word_1_41' title='bbox 1932 1115 2018 1181; x_wconf 89' lang='lat' dir='ltr'>ad</span> <span class='ocrx_word' id='word_1_42' title='bbox 2055 1119 2394 1210; x_wconf 79' lang='lat' dir='ltr'>ultimam,</span> 
     </span>
     <span class='ocr_line' id='line_1_7' title="bbox 295 1217 2395 1319; baseline 0.011 -36"><span class='ocrx_word' id='word_1_43' title='bbox 295 1217 617 1311; x_wconf 88' lang='lat' dir='ltr'>quodque</span> <span class='ocrx_word' id='word_1_44' title='bbox 641 1219 951 1286; x_wconf 80' lang='lat' dir='ltr'>viaticum</span> <span class='ocrx_word' id='word_1_45' title='bbox 978 1242 1113 1283; x_wconf 93' lang='lat' dir='ltr'>non</span> <span class='ocrx_word' id='word_1_46' title='bbox 1132 1219 1500 1302; x_wconf 81' lang='lat' dir='ltr'>mediocre,</span> <span class='ocrx_word' id='word_1_47' title='bbox 1522 1244 1837 1311; x_wconf 75' lang='lat' dir='ltr'>germano</span> <span class='ocrx_word' id='word_1_48' title='bbox 1864 1230 2136 1319; x_wconf 88' lang='lat' dir='ltr'>quidem</span> <span class='ocrx_word' id='word_1_49' title='bbox 2155 1237 2395 1316; x_wconf 82' lang='lat' dir='ltr'>editori</span> 
     </span>
     <span class='ocr_line' id='line_1_8' title="bbox 299 1335 2398 1444; baseline 0.01 -44"><span class='ocrx_word' id='word_1_50' title='bbox 299 1354 643 1424; x_wconf 80' lang='lat' dir='ltr'>negatum,</span> <span class='ocrx_word' id='word_1_51' title='bbox 671 1335 1301 1422; x_wconf 80' lang='lat' dir='ltr'>comparaverimus,</span> <span class='ocrx_word' id='word_1_52' title='bbox 1330 1339 1556 1423; x_wconf 85' lang='lat' dir='ltr'>paucis</span> <span class='ocrx_word' id='word_1_53' title='bbox 1579 1362 1808 1408; x_wconf 86' lang='lat' dir='ltr'>rursus</span> <span class='ocrx_word' id='word_1_54' title='bbox 1831 1344 2155 1436; x_wconf 79' lang='lat' dir='ltr'>attingere</span> <span class='ocrx_word' id='word_1_55' title='bbox 2176 1376 2398 1444; x_wconf 71' lang='lat' dir='ltr'>operae</span> 
     </span>
     <span class='ocr_line' id='line_1_9' title="bbox 297 1451 2397 1546; baseline 0.011 -28"><span class='ocrx_word' id='word_1_56' title='bbox 297 1452 588 1546; x_wconf 88' lang='lat' dir='ltr'>pretium</span> <span class='ocrx_word' id='word_1_57' title='bbox 615 1467 733 1518; x_wconf 85' lang='lat' dir='ltr'>est.</span> <span class='ocrx_word' id='word_1_58' title='bbox 760 1452 1088 1520; x_wconf 84' lang='lat' dir='ltr'>Nimirum</span> <span class='ocrx_word' id='word_1_59' title='bbox 1119 1451 1538 1543; x_wconf 78' lang='lat' dir='ltr'>Spaldingius</span> <span class='ocrx_word' id='word_1_60' title='bbox 1570 1473 1888 1528; x_wconf 79' lang='lat' dir='ltr'>statuerat</span> <span class='ocrx_word' id='word_1_61' title='bbox 1916 1464 2001 1530; x_wconf 84' lang='lat' dir='ltr'>ab</span> <span class='ocrx_word' id='word_1_62' title='bbox 2030 1467 2218 1536; x_wconf 88' lang='lat' dir='ltr'>initio</span> <span class='ocrx_word' id='word_1_63' title='bbox 2253 1473 2397 1542; x_wconf 81' lang='lat' dir='ltr'>edi-</span> 
     </span>
     <span class='ocr_line' id='line_1_10' title="bbox 294 1563 2398 1667; baseline 0.012 -37"><span class='ocrx_word' id='word_1_64' title='bbox 294 1567 548 1632; x_wconf 85' lang='lat' dir='ltr'>tionem</span> <span class='ocrx_word' id='word_1_65' title='bbox 585 1563 742 1636; x_wconf 84' lang='lat' dir='ltr'>dare</span> <span class='ocrx_word' id='word_1_66' title='bbox 780 1566 1121 1632; x_wconf 88' lang='lat' dir='ltr'>communi</span> <span class='ocrx_word' id='word_1_67' title='bbox 1160 1582 1417 1632; x_wconf 88' lang='lat' dir='ltr'>tantum</span> <span class='ocrx_word' id='word_1_68' title='bbox 1457 1571 1608 1638; x_wconf 80' lang='lat' dir='ltr'>usui</span> <span class='ocrx_word' id='word_1_69' title='bbox 1641 1588 1895 1658; x_wconf 83' lang='lat' dir='ltr'>aptam,</span> <span class='ocrx_word' id='word_1_70' title='bbox 1936 1600 2136 1667; x_wconf 84' lang='lat' dir='ltr'>quam</span> <span class='ocrx_word' id='word_1_71' title='bbox 2174 1600 2398 1656; x_wconf 84' lang='lat' dir='ltr'>tamen</span> 
     </span>
     <span class='ocr_line' id='line_1_11' title="bbox 210 1675 2394 1782; baseline 0.013 -42"><span class='ocrx_word' id='word_1_72' title='bbox 210 1675 221 1682; x_wconf 82' lang='grc'><em>“</em></span> <span class='ocrx_word' id='word_1_73' title='bbox 300 1703 539 1770; x_wconf 83' lang='lat' dir='ltr'>parvo,</span> <span class='ocrx_word' id='word_1_74' title='bbox 569 1701 771 1770; x_wconf 89' lang='lat' dir='ltr'>quem</span> <span class='ocrx_word' id='word_1_75' title='bbox 804 1696 945 1746; x_wconf 85' lang='lat' dir='ltr'>tum</span> <span class='ocrx_word' id='word_1_76' title='bbox 980 1679 1117 1746; x_wconf 86' lang='lat' dir='ltr'>fors</span> <span class='ocrx_word' id='word_1_77' title='bbox 1155 1680 1519 1764; x_wconf 86' lang='lat' dir='ltr'>obtulerat,</span> <span class='ocrx_word' id='word_1_78' title='bbox 1547 1704 1868 1774; x_wconf 87' lang='lat' dir='ltr'>apparatu</span> <span class='ocrx_word' id='word_1_79' title='bbox 1896 1691 1983 1756; x_wconf 88' lang='lat' dir='ltr'>ita</span> <span class='ocrx_word' id='word_1_80' title='bbox 2014 1716 2394 1782; x_wconf 78' lang='lat' dir='ltr'>exornaret,</span> 
     </span>
     <span class='ocr_line' id='line_1_12' title="bbox 295 1794 2395 1908; baseline 0.011 -49"><span class='ocrx_word' id='word_1_81' title='bbox 295 1814 368 1862; x_wconf 86' lang='lat' dir='ltr'>ut</span> <span class='ocrx_word' id='word_1_82' title='bbox 397 1813 622 1887; x_wconf 84' lang='lat' dir='ltr'>posset</span> <span class='ocrx_word' id='word_1_83' title='bbox 644 1794 800 1864; x_wconf 87' lang='lat' dir='ltr'>inde</span> <span class='ocrx_word' id='word_1_84' title='bbox 828 1797 1056 1884; x_wconf 75' lang='lat' dir='ltr'>augeri</span> <span class='ocrx_word' id='word_1_85' title='bbox 1081 1820 1294 1884; x_wconf 84' lang='lat' dir='ltr'>penus</span> <span class='ocrx_word' id='word_1_86' title='bbox 1322 1800 1654 1866; x_wconf 83' lang='lat' dir='ltr'>variarum</span> <span class='ocrx_word' id='word_1_87' title='bbox 1679 1802 2044 1876; x_wconf 85' lang='lat' dir='ltr'>lectionum</span> <span class='ocrx_word' id='word_1_88' title='bbox 2071 1812 2179 1882; x_wconf 80' lang='lat' dir='ltr'>illa</span> <span class='ocrx_word' id='word_1_89' title='bbox 2196 1866 2214 1895; x_wconf 96' lang='lat'>,</span> <span class='ocrx_word' id='word_1_90' title='bbox 2246 1842 2395 1908; x_wconf 78' lang='lat' dir='ltr'>quoe</span> 
     </span>
     <span class='ocr_line' id='line_1_13' title="bbox 289 1913 2390 2021; baseline 0.012 -42"><span class='ocrx_word' id='word_1_91' title='bbox 289 1913 469 2004; x_wconf 85' lang='lat' dir='ltr'>apud</span> <span class='ocrx_word' id='word_1_92' title='bbox 500 1915 953 1980; x_wconf 89' lang='lat' dir='ltr'>Burmannum</span> <span class='ocrx_word' id='word_1_93' title='bbox 983 1928 1051 1976; x_wconf 87' lang='lat' dir='ltr'>et</span> <span class='ocrx_word' id='word_1_94' title='bbox 1074 1913 1449 1988; x_wconf 83' lang='lat' dir='ltr'>Gesnerum</span> <span class='ocrx_word' id='word_1_95' title='bbox 1480 1934 1752 2005; x_wconf 79' lang='lat' dir='ltr'>prostat.</span> <span class='ocrx_word' id='word_1_96' title='bbox 1786 1923 1961 1992; x_wconf 90' lang='lat' dir='ltr'>Hinc</span> <span class='ocrx_word' id='word_1_97' title='bbox 1984 1927 2234 2000; x_wconf 82' lang='lat' dir='ltr'>factum</span> <span class='ocrx_word' id='word_1_98' title='bbox 2264 1953 2390 2021; x_wconf 84' lang='lat' dir='ltr'>est,</span> 
     </span>
     <span class='ocr_line' id='line_1_14' title="bbox 296 2028 2399 2117; baseline 0.015 -30"><span class='ocrx_word' id='word_1_99' title='bbox 296 2045 529 2100; x_wconf 76' lang='lat' dir='ltr'>uttam</span> <span class='ocrx_word' id='word_1_100' title='bbox 552 2049 752 2117; x_wconf 82' lang='lat' dir='ltr'>parva</span> <span class='ocrx_word' id='word_1_101' title='bbox 780 2044 1095 2116; x_wconf 82' lang='lat' dir='ltr'>appareat</span> <span class='ocrx_word' id='word_1_102' title='bbox 1121 2028 1189 2090; x_wconf 89' lang='lat' dir='ltr'>in</span> <span class='ocrx_word' id='word_1_103' title='bbox 1219 2028 1435 2115; x_wconf 86' lang='lat' dir='ltr'>primo</span> <span class='ocrx_word' id='word_1_104' title='bbox 1458 2030 1796 2107; x_wconf 83' lang='lat' dir='ltr'>volumine</span> <span class='ocrx_word' id='word_1_105' title='bbox 1819 2041 2074 2110; x_wconf 83' lang='lat' dir='ltr'>notatio</span> <span class='ocrx_word' id='word_1_106' title='bbox 2095 2048 2399 2117; x_wconf 75' lang='lat' dir='ltr'>variatio·</span> 
     </span>
     <span class='ocr_line' id='line_1_15' title="bbox 293 2139 2390 2243; baseline 0.009 -35"><span class='ocrx_word' id='word_1_107' title='bbox 293 2167 455 2210; x_wconf 87' lang='lat' dir='ltr'>num</span> <span class='ocrx_word' id='word_1_108' title='bbox 484 2167 500 2206; x_wconf 73' lang='grc' dir='ltr'>ε</span> <span class='ocrx_word' id='word_1_109' title='bbox 553 2143 805 2233; x_wconf 87' lang='lat' dir='ltr'>quippe</span> <span class='ocrx_word' id='word_1_110' title='bbox 858 2163 939 2206; x_wconf 84' lang='lat' dir='ltr'>ex</span> <span class='ocrx_word' id='word_1_111' title='bbox 978 2139 1287 2208; x_wconf 87' lang='lat' dir='ltr'>omnibus</span> <span class='ocrx_word' id='word_1_112' title='bbox 1337 2142 1448 2223; x_wconf 79' lang='lat' dir='ltr'>iis,</span> <span class='ocrx_word' id='word_1_113' title='bbox 1497 2167 1647 2233; x_wconf 82' lang='lat' dir='ltr'>quae</span> <span class='ocrx_word' id='word_1_114' title='bbox 1688 2150 2102 2224; x_wconf 79' lang='lat' dir='ltr'>Burmannus</span> <span class='ocrx_word' id='word_1_115' title='bbox 2149 2158 2353 2230; x_wconf 85' lang='lat' dir='ltr'>habet</span> <span class='ocrx_word' id='word_1_116' title='bbox 2373 2215 2390 2243; x_wconf 92' lang='lat'>,</span> 
     </span>
     <span class='ocr_line' id='line_1_16' title="bbox 294 2258 2395 2354; baseline 0.012 -31"><span class='ocrx_word' id='word_1_117' title='bbox 294 2260 459 2334; x_wconf 82' lang='lat' dir='ltr'>nihil</span> <span class='ocrx_word' id='word_1_118' title='bbox 499 2258 845 2347; x_wconf 81' lang='lat' dir='ltr'>repetebat</span> <span class='ocrx_word' id='word_1_119' title='bbox 885 2258 1342 2346; x_wconf 75' lang='lat' dir='ltr'>Spaldingius,</span> <span class='ocrx_word' id='word_1_120' title='bbox 1382 2262 1508 2326; x_wconf 89' lang='lat' dir='ltr'>nisi</span> <span class='ocrx_word' id='word_1_121' title='bbox 1550 2287 1688 2354; x_wconf 88' lang='lat' dir='ltr'>quo</span> <span class='ocrx_word' id='word_1_122' title='bbox 1730 2266 1817 2340; x_wconf 75' lang='lat' dir='ltr'>ed</span> <span class='ocrx_word' id='word_1_123' title='bbox 1862 2274 2395 2347; x_wconf 81' lang='lat' dir='ltr'>constituendam</span> 
     </span>
     <span class='ocr_line' id='line_1_17' title="bbox 290 2373 2394 2470; baseline 0.01 -28"><span class='ocrx_word' id='word_1_124' title='bbox 290 2373 948 2464; x_wconf 81' lang='lat' dir='ltr'>confirmandamque</span> <span class='ocrx_word' id='word_1_125' title='bbox 987 2397 1173 2442; x_wconf 85' lang='lat' dir='ltr'>suam</span> <span class='ocrx_word' id='word_1_126' title='bbox 1213 2375 1605 2465; x_wconf 82' lang='lat' dir='ltr'>scripturam</span> <span class='ocrx_word' id='word_1_127' title='bbox 1637 2402 1804 2470; x_wconf 85' lang='lat' dir='ltr'>opus</span> <span class='ocrx_word' id='word_1_128' title='bbox 1836 2384 2196 2459; x_wconf 80' lang='lat' dir='ltr'>videretur.</span> <span class='ocrx_word' id='word_1_129' title='bbox 2235 2398 2394 2463; x_wconf 83' lang='lat' dir='ltr'>Mox</span> 
     </span>
     <span class='ocr_line' id='line_1_18' title="bbox 290 2489 2390 2590; baseline 0.002 -28"><span class='ocrx_word' id='word_1_130' title='bbox 290 2507 629 2562; x_wconf 84' lang='lat' dir='ltr'>crescente</span> <span class='ocrx_word' id='word_1_131' title='bbox 666 2489 974 2564; x_wconf 80' lang='lat' dir='ltr'>codicum</span> <span class='ocrx_word' id='word_1_132' title='bbox 1006 2492 1228 2579; x_wconf 77' lang='lat' dir='ltr'>copia,</span> <span class='ocrx_word' id='word_1_133' title='bbox 1258 2515 1468 2583; x_wconf 83' lang='lat' dir='ltr'>quum</span> <span class='ocrx_word' id='word_1_134' title='bbox 1489 2496 1662 2587; x_wconf 86' lang='lat' dir='ltr'>jam,</span> <span class='ocrx_word' id='word_1_135' title='bbox 1684 2497 1868 2568; x_wconf 83' lang='lat' dir='ltr'>velut</span> <span class='ocrx_word' id='word_1_136' title='bbox 1893 2525 1966 2570; x_wconf 80' lang='lat' dir='ltr'>se</span> <span class='ocrx_word' id='word_1_137' title='bbox 1996 2506 2232 2590; x_wconf 83' lang='lat' dir='ltr'>invito,</span> <span class='ocrx_word' id='word_1_138' title='bbox 2263 2516 2390 2579; x_wconf 75' lang='lat' dir='ltr'>cri-</span> 
     </span>
     <span class='ocr_line' id='line_1_19' title="bbox 293 2606 2390 2707; baseline 0.014 -39"><span class='ocrx_word' id='word_1_139' title='bbox 293 2610 487 2681; x_wconf 65' lang='lat' dir='ltr'>ticam</span> <span class='ocrx_word' id='word_1_140' title='bbox 508 2656 525 2690; x_wconf 90' lang='lat'>,</span> <span class='ocrx_word' id='word_1_141' title='bbox 580 2606 649 2672; x_wconf 88' lang='lat' dir='ltr'>id</span> <span class='ocrx_word' id='word_1_142' title='bbox 694 2624 794 2672; x_wconf 86' lang='lat' dir='ltr'>est</span> <span class='ocrx_word' id='word_1_143' title='bbox 814 2656 833 2687; x_wconf 95' lang='lat'>,</span> <span class='ocrx_word' id='word_1_144' title='bbox 882 2607 1356 2697; x_wconf 80' lang='lat' dir='ltr'>scripturarum</span> <span class='ocrx_word' id='word_1_145' title='bbox 1396 2613 1822 2684; x_wconf 77' lang='lat' dir='ltr'>varietatibus</span> <span class='ocrx_word' id='word_1_146' title='bbox 1862 2620 2175 2690; x_wconf 83' lang='lat' dir='ltr'>refertam</span> <span class='ocrx_word' id='word_1_147' title='bbox 2196 2677 2214 2707; x_wconf 89' lang='lat'>‚</span> <span class='ocrx_word' id='word_1_148' title='bbox 2261 2631 2390 2698; x_wconf 79' lang='lat' dir='ltr'>sibi</span> 
     </span>
     <span class='ocr_line' id='line_1_20' title="bbox 292 2721 2392 2825; baseline 0.007 -36"><span class='ocrx_word' id='word_1_149' title='bbox 292 2723 576 2790; x_wconf 80' lang='lat' dir='ltr'>evadere</span> <span class='ocrx_word' id='word_1_150' title='bbox 604 2721 969 2796; x_wconf 73' lang='lat' dir='ltr'>editionem</span> <span class='ocrx_word' id='word_1_151' title='bbox 993 2723 1281 2806; x_wconf 82' lang='lat' dir='ltr'>videret,</span> <span class='ocrx_word' id='word_1_152' title='bbox 1316 2726 1500 2816; x_wconf 85' lang='lat' dir='ltr'>quod</span> <span class='ocrx_word' id='word_1_153' title='bbox 1529 2745 1675 2800; x_wconf 81' lang='lat' dir='ltr'>tum</span> <span class='ocrx_word' id='word_1_154' title='bbox 1697 2736 1929 2825; x_wconf 80' lang='lat' dir='ltr'>utique</span> <span class='ocrx_word' id='word_1_155' title='bbox 1957 2742 2125 2807; x_wconf 78' lang='lat' dir='ltr'>ratio</span> <span class='ocrx_word' id='word_1_156' title='bbox 2157 2745 2392 2815; x_wconf 73' lang='lat' dir='ltr'>suade.</span> 
     </span>
     <span class='ocr_line' id='line_1_21' title="bbox 290 2842 2388 2938; baseline 0.005 -29"><span class='ocrx_word' id='word_1_157' title='bbox 290 2843 437 2924; x_wconf 83' lang='lat' dir='ltr'>bat,</span> <span class='ocrx_word' id='word_1_158' title='bbox 476 2842 675 2907; x_wconf 85' lang='lat' dir='ltr'>fecit:</span> <span class='ocrx_word' id='word_1_159' title='bbox 714 2843 1096 2936; x_wconf 77' lang='lat' dir='ltr'>memoratis</span> <span class='ocrx_word' id='word_1_160' title='bbox 1126 2867 1400 2919; x_wconf 82' lang='lat' dir='ltr'>suorum</span> <span class='ocrx_word' id='word_1_161' title='bbox 1427 2845 1735 2920; x_wconf 78' lang='lat' dir='ltr'>codicum</span> <span class='ocrx_word' id='word_1_162' title='bbox 1766 2851 2161 2927; x_wconf 83' lang='lat' dir='ltr'>lectionibus</span> <span class='ocrx_word' id='word_1_163' title='bbox 2179 2913 2194 2938; x_wconf 90' lang='lat'>,</span> <span class='ocrx_word' id='word_1_164' title='bbox 2227 2867 2388 2932; x_wconf 85' lang='lat' dir='ltr'>Bur-</span> 
     </span>
     <span class='ocr_line' id='line_1_22' title="bbox 288 2961 2385 3058; baseline 0.011 -32"><span class='ocrx_word' id='word_1_165' title='bbox 288 2962 681 3032; x_wconf 84' lang='lat' dir='ltr'>mannianos</span> <span class='ocrx_word' id='word_1_166' title='bbox 714 2961 945 3039; x_wconf 83' lang='lat' dir='ltr'>etiam,</span> <span class='ocrx_word' id='word_1_167' title='bbox 983 2962 1101 3050; x_wconf 89' lang='lat' dir='ltr'>qui</span> <span class='ocrx_word' id='word_1_168' title='bbox 1135 2984 1289 3032; x_wconf 87' lang='lat' dir='ltr'>cum</span> <span class='ocrx_word' id='word_1_169' title='bbox 1325 2986 1590 3055; x_wconf 83' lang='lat' dir='ltr'>quaque</span> <span class='ocrx_word' id='word_1_170' title='bbox 1631 2970 2142 3058; x_wconf 80' lang='lat' dir='ltr'>concordarent,</span> <span class='ocrx_word' id='word_1_171' title='bbox 2182 2979 2385 3051; x_wconf 85' lang='lat' dir='ltr'>libros</span> 
     </span>
     <span class='ocr_line' id='line_1_23' title="bbox 286 3073 2388 3166; baseline 0.011 -25"><span class='ocrx_word' id='word_1_172' title='bbox 286 3074 656 3154; x_wconf 66' lang='lat' dir='ltr'>annotavit,</span> <span class='ocrx_word' id='word_1_173' title='bbox 684 3073 827 3144; x_wconf 75' lang='lat' dir='ltr'>illas</span> <span class='ocrx_word' id='word_1_174' title='bbox 844 3091 1069 3142; x_wconf 83' lang='lat' dir='ltr'>autem</span> <span class='ocrx_word' id='word_1_175' title='bbox 1087 3076 1480 3146; x_wconf 74' lang='lat' dir='ltr'>variationes</span> <span class='ocrx_word' id='word_1_176' title='bbox 1504 3103 1541 3144; x_wconf 88' lang='lat' dir='ltr'>a</span> <span class='ocrx_word' id='word_1_177' title='bbox 1568 3081 1973 3166; x_wconf 72' lang='lat' dir='ltr'>Bmmanuo,</span> <span class='ocrx_word' id='word_1_178' title='bbox 2005 3089 2388 3165; x_wconf 77' lang='lat' dir='ltr'>Gesnerove</span> 
     </span>
     <span class='ocr_line' id='line_1_24' title="bbox 283 3185 2388 3299; baseline 0.008 -48"><span class='ocrx_word' id='word_1_179' title='bbox 283 3188 421 3279; x_wconf 88' lang='lat' dir='ltr'>jam</span> <span class='ocrx_word' id='word_1_180' title='bbox 445 3203 736 3265; x_wconf 70' lang='lat' dir='ltr'>nouitas,</span> <span class='ocrx_word' id='word_1_181' title='bbox 763 3185 1006 3278; x_wconf 88' lang='lat' dir='ltr'>quibus</span> <span class='ocrx_word' id='word_1_182' title='bbox 1038 3211 1210 3254; x_wconf 84' lang='lat' dir='ltr'>nova</span> <span class='ocrx_word' id='word_1_183' title='bbox 1241 3191 1424 3260; x_wconf 83' lang='lat' dir='ltr'>nulla</span> <span class='ocrx_word' id='word_1_184' title='bbox 1444 3196 1798 3261; x_wconf 84' lang='lat' dir='ltr'>auctoritas</span> <span class='ocrx_word' id='word_1_185' title='bbox 1820 3201 2200 3299; x_wconf 78' lang='lat' dir='ltr'>accederet,</span> <span class='ocrx_word' id='word_1_186' title='bbox 2229 3232 2388 3299; x_wconf 82' lang='lat' dir='ltr'>qua..</span> 
     </span>
     <span class='ocr_line' id='line_1_25' title="bbox 294 3302 2387 3410; baseline 0.005 -44"><span class='ocrx_word' id='word_1_187' title='bbox 294 3322 578 3389; x_wconf 86' lang='lat' dir='ltr'>rumque</span> <span class='ocrx_word' id='word_1_188' title='bbox 607 3323 803 3366; x_wconf 89' lang='lat' dir='ltr'>usum</span> <span class='ocrx_word' id='word_1_189' title='bbox 841 3302 1247 3390; x_wconf 78' lang='lat' dir='ltr'>perspiceret</span> <span class='ocrx_word' id='word_1_190' title='bbox 1278 3305 1571 3386; x_wconf 84' lang='lat' dir='ltr'>nullum,</span> <span class='ocrx_word' id='word_1_191' title='bbox 1609 3309 1676 3373; x_wconf 91' lang='lat' dir='ltr'>in</span> <span class='ocrx_word' id='word_1_192' title='bbox 1713 3333 1899 3410; x_wconf 70' lang='lat' dir='ltr'>suam</span> <span class='ocrx_word' id='word_1_193' title='bbox 1937 3337 2207 3408; x_wconf 85' lang='lat' dir='ltr'>quoque</span> <span class='ocrx_word' id='word_1_194' title='bbox 2247 3325 2387 3390; x_wconf 73' lang='lat' dir='ltr'>edi..</span> 
     </span>
     <span class='ocr_line' id='line_1_26' title="bbox 292 3414 2384 3520; baseline 0.011 -41"><span class='ocrx_word' id='word_1_195' title='bbox 292 3416 543 3479; x_wconf 86' lang='lat' dir='ltr'>tionem</span> <span class='ocrx_word' id='word_1_196' title='bbox 572 3437 930 3504; x_wconf 76' lang='lat' dir='ltr'>congerere</span> <span class='ocrx_word' id='word_1_197' title='bbox 959 3414 1386 3500; x_wconf 81' lang='lat' dir='ltr'>detrectavit;</span> <span class='ocrx_word' id='word_1_198' title='bbox 1417 3435 1619 3510; x_wconf 87' lang='lat' dir='ltr'>atque</span> <span class='ocrx_word' id='word_1_199' title='bbox 1650 3421 1734 3492; x_wconf 86' lang='lat' dir='ltr'>ad</span> <span class='ocrx_word' id='word_1_200' title='bbox 1762 3424 1934 3494; x_wconf 85' lang='lat' dir='ltr'>hanc</span> <span class='ocrx_word' id='word_1_201' title='bbox 1961 3431 2349 3516; x_wconf 84' lang='lat' dir='ltr'>plenitatem</span> <span class='ocrx_word' id='word_1_202' title='bbox 2366 3492 2384 3520; x_wconf 92' lang='lat'>‚</span> 
     </span>
     <span class='ocr_line' id='line_1_27' title="bbox 296 3528 2386 3625; baseline 0.013 -34"><span class='ocrx_word' id='word_1_203' title='bbox 296 3550 442 3617; x_wconf 84' lang='lat' dir='ltr'>quae</span> <span class='ocrx_word' id='word_1_204' title='bbox 472 3528 771 3617; x_wconf 84' lang='lat' dir='ltr'>quamvis</span> <span class='ocrx_word' id='word_1_205' title='bbox 799 3528 1035 3595; x_wconf 86' lang='lat' dir='ltr'>lectori</span> <span class='ocrx_word' id='word_1_206' title='bbox 1068 3530 1265 3598; x_wconf 90' lang='lat' dir='ltr'>docto</span> <span class='ocrx_word' id='word_1_207' title='bbox 1302 3535 1666 3625; x_wconf 80' lang='lat' dir='ltr'>criticoque</span> <span class='ocrx_word' id='word_1_208' title='bbox 1707 3538 2074 3625; x_wconf 84' lang='lat' dir='ltr'>sufficeret,</span> <span class='ocrx_word' id='word_1_209' title='bbox 2114 3572 2250 3615; x_wconf 91' lang='lat' dir='ltr'>non</span> <span class='ocrx_word' id='word_1_210' title='bbox 2289 3569 2386 3618; x_wconf 86' lang='lat' dir='ltr'>ta-</span> 
     </span>
     <span class='ocr_line' id='line_1_28' title="bbox 297 3641 2386 3754; baseline 0.013 -49"><span class='ocrx_word' id='word_1_211' title='bbox 297 3664 447 3705; x_wconf 89' lang='lat' dir='ltr'>men</span> <span class='ocrx_word' id='word_1_212' title='bbox 476 3642 718 3708; x_wconf 81' lang='lat' dir='ltr'>futuris</span> <span class='ocrx_word' id='word_1_213' title='bbox 747 3641 1148 3726; x_wconf 82' lang='lat' dir='ltr'>editoribus,</span> <span class='ocrx_word' id='word_1_214' title='bbox 1182 3665 1297 3712; x_wconf 90' lang='lat' dir='ltr'>aut</span> <span class='ocrx_word' id='word_1_215' title='bbox 1331 3671 1557 3722; x_wconf 82' lang='lat' dir='ltr'>rerum</span> <span class='ocrx_word' id='word_1_216' title='bbox 1587 3653 2007 3744; x_wconf 81' lang='lat' dir='ltr'>antiquarum</span> <span class='ocrx_word' id='word_1_217' title='bbox 2043 3662 2386 3754; x_wconf 76' lang='lat' dir='ltr'>indagato-</span> 
     </span>
     <span class='ocr_line' id='line_1_29' title="bbox 295 3756 2382 3861; baseline 0.013 -42"><span class='ocrx_word' id='word_1_218' title='bbox 295 3756 472 3821; x_wconf 86' lang='lat' dir='ltr'>ribus</span> <span class='ocrx_word' id='word_1_219' title='bbox 516 3779 954 3845; x_wconf 86' lang='lat' dir='ltr'>supervacuas</span> <span class='ocrx_word' id='word_1_220' title='bbox 995 3760 1138 3826; x_wconf 84' lang='lat' dir='ltr'>illas</span> <span class='ocrx_word' id='word_1_221' title='bbox 1179 3760 1489 3834; x_wconf 79' lang='lat' dir='ltr'>redderet</span> <span class='ocrx_word' id='word_1_222' title='bbox 1530 3764 1893 3848; x_wconf 71' lang='lat' dir='ltr'>editioneS,</span> <span class='ocrx_word' id='word_1_223' title='bbox 1929 3776 2148 3861; x_wconf 87' lang='lat' dir='ltr'>priora</span> <span class='ocrx_word' id='word_1_224' title='bbox 2186 3780 2382 3846; x_wconf 86' lang='lat' dir='ltr'>etiam</span> 
     </span>
     <span class='ocr_line' id='line_1_30' title="bbox 301 3872 2262 3972; baseline 0.012 -37"><span class='ocrx_word' id='word_1_225' title='bbox 301 3872 631 3939; x_wconf 85' lang='lat' dir='ltr'>volumina</span> <span class='ocrx_word' id='word_1_226' title='bbox 662 3875 1138 3964; x_wconf 87' lang='lat' dir='ltr'>supplementis</span> <span class='ocrx_word' id='word_1_227' title='bbox 1165 3901 1410 3967; x_wconf 81' lang='lat' dir='ltr'>augere</span> <span class='ocrx_word' id='word_1_228' title='bbox 1432 3880 1792 3972; x_wconf 87' lang='lat' dir='ltr'>aliquando</span> <span class='ocrx_word' id='word_1_229' title='bbox 1815 3891 2262 3958; x_wconf 87' lang='lat' dir='ltr'>constituerat.</span> 
     </span>
     <span class='ocr_line' id='line_1_31' title="bbox 383 3991 2382 4090; baseline 0.012 -36"><span class='ocrx_word' id='word_1_230' title='bbox 383 3991 502 4056; x_wconf 89' lang='lat' dir='ltr'>Illa</span> <span class='ocrx_word' id='word_1_231' title='bbox 536 4015 697 4057; x_wconf 83' lang='lat' dir='ltr'>vero</span> <span class='ocrx_word' id='word_1_232' title='bbox 735 3994 1023 4077; x_wconf 82' lang='lat' dir='ltr'>consilii,</span> <span class='ocrx_word' id='word_1_233' title='bbox 1058 3997 1241 4086; x_wconf 89' lang='lat' dir='ltr'>quod</span> <span class='ocrx_word' id='word_1_234' title='bbox 1278 4001 1346 4064; x_wconf 88' lang='lat' dir='ltr'>in</span> <span class='ocrx_word' id='word_1_235' title='bbox 1389 4001 1607 4089; x_wconf 87' lang='lat' dir='ltr'>primo</span> <span class='ocrx_word' id='word_1_236' title='bbox 1640 4003 1859 4090; x_wconf 85' lang='lat' dir='ltr'>operis</span> <span class='ocrx_word' id='word_1_237' title='bbox 1900 4008 2236 4076; x_wconf 82' lang='lat' dir='ltr'>volumine</span> <span class='ocrx_word' id='word_1_238' title='bbox 2278 4036 2382 4079; x_wconf 81' lang='lat' dir='ltr'>se-</span> 
     </span>
     <span class='ocr_line' id='line_1_32' title="bbox 301 4085 2380 4198; baseline 0.013 -31"><span class='ocrx_word' id='word_1_239' title='bbox 301 4085 620 4191; x_wconf 75' lang='lat' dir='ltr'>quebatur</span> <span class='ocrx_word' id='word_1_240' title='bbox 637 4108 1055 4198; x_wconf 72' lang='lat' dir='ltr'>Spaldingius</span> <span class='ocrx_word' id='word_1_241' title='bbox 1068 4163 1085 4188; x_wconf 88' lang='lat'>,</span> <span class='ocrx_word' id='word_1_242' title='bbox 1108 4112 1447 4186; x_wconf 80' lang='lat' dir='ltr'>diversitas</span> <span class='ocrx_word' id='word_1_243' title='bbox 1464 4115 1647 4182; x_wconf 88' lang='lat' dir='ltr'>aliud</span> <span class='ocrx_word' id='word_1_244' title='bbox 1666 4121 1864 4185; x_wconf 84' lang='lat' dir='ltr'>etiam</span> <span class='ocrx_word' id='word_1_245' title='bbox 1885 4122 2380 4194; x_wconf 87' lang='lat' dir='ltr'>incommodum</span> 
     </span>
    </p>
   </div>
  </div>
 </body>
</html>
