<?xml version="1.0" encoding="UTF-8"?>
<!DOCTYPE html PUBLIC "-//W3C//DTD XHTML 1.0 Transitional//EN"
    "http://www.w3.org/TR/xhtml1/DTD/xhtml1-transitional.dtd">
<html xmlns="http://www.w3.org/1999/xhtml" xml:lang="en" lang="en">
 <head>
  <title>
</title>
<meta http-equiv="Content-Type" content="text/html;charset=utf-8" />
  <meta name='ocr-system' content='tesseract 3.04.00' />
  <meta name='ocr-capabilities' content='ocr_page ocr_carea ocr_par ocr_line ocrx_word'/>
</head>
<body>
  <div class='ocr_page' id='page_1' title='image "./deinstitutioneo00unkngoog_0541.png"; bbox 0 0 3200 5159; ppageno 0'>
   <div class='ocr_carea' id='block_1_1' title="bbox 632 527 2082 614">
    <p class='ocr_par' dir='ltr' id='par_1_1' title="bbox 632 527 2082 614">
     <span class='ocr_line' id='line_1_1' title="bbox 632 527 2082 614; baseline 0.005 -21"><span class='ocrx_word' id='word_1_1' title='bbox 632 527 1286 595; x_wconf 86' lang='lat' dir='ltr'>INSTITUTIONIS</span> <span class='ocrx_word' id='word_1_2' title='bbox 1321 529 1578 595; x_wconf 84' lang='lat' dir='ltr'><strong>ORAT.</strong></span> <span class='ocrx_word' id='word_1_3' title='bbox 1619 532 1781 597; x_wconf 90' lang='lat' dir='ltr'><strong>LIB.</strong></span> <span class='ocrx_word' id='word_1_4' title='bbox 1820 534 1977 614; x_wconf 90' lang='lat' dir='ltr'>XII,</span> <span class='ocrx_word' id='word_1_5' title='bbox 2022 556 2082 600; x_wconf 83' lang='lat'><strong>2.</strong></span> 
     </span>
    </p>
   </div>
   <div class='ocr_carea' id='block_1_2' title="bbox 2277 540 2405 625">
    <p class='ocr_par' dir='ltr' id='par_1_2' title="bbox 2277 540 2405 625">
     <span class='ocr_line' id='line_1_2' title="bbox 2277 540 2405 625; baseline 0.039 -6"><span class='ocrx_word' id='word_1_6' title='bbox 2277 540 2405 625; x_wconf 77' lang='lat'><strong>449</strong></span> 
     </span>
    </p>
   </div>
   <div class='ocr_carea' id='block_1_3' title="bbox 310 651 2512 1793">
    <p class='ocr_par' dir='ltr' id='par_1_3' title="bbox 310 651 2512 1793">
     <span class='ocr_line' id='line_1_3' title="bbox 313 651 2506 751; baseline 0.006 -31"><span class='ocrx_word' id='word_1_7' title='bbox 313 673 471 749; x_wconf 82' lang='lat' dir='ltr'><strong>quae</strong></span> <span class='ocrx_word' id='word_1_8' title='bbox 503 669 657 722; x_wconf 78' lang='lat' dir='ltr'><strong>totae</strong></span> <span class='ocrx_word' id='word_1_9' title='bbox 701 651 775 723; x_wconf 89' lang='lat' dir='ltr'><strong>in</strong></span> <span class='ocrx_word' id='word_1_10' title='bbox 810 651 955 724; x_wconf 83' lang='lat' dir='ltr'><strong>sola</strong></span> <span class='ocrx_word' id='word_1_11' title='bbox 982 652 1308 751; x_wconf 83' lang='lat' dir='ltr'>qualitate</span> <span class='ocrx_word' id='word_1_12' title='bbox 1341 655 1872 730; x_wconf 83' lang='lat' dir='ltr'><strong>consistant?&#39;1n</strong></span> <span class='ocrx_word' id='word_1_13' title='bbox 1908 659 2210 734; x_wconf 85' lang='lat' dir='ltr'><strong>consiliis</strong></span> <span class='ocrx_word' id='word_1_14' title='bbox 2241 688 2401 733; x_wconf 86' lang='lat' dir='ltr'><strong>vero</strong></span> <span class='ocrx_word' id='word_1_15' title='bbox 2443 678 2506 733; x_wconf 73' lang='grc' dir='ltr'><strong>ιδ</strong></span> 
     </span>
     <span class='ocr_line' id='line_1_4' title="bbox 314 766 2405 876; baseline 0.006 -41"><span class='ocrx_word' id='word_1_16' title='bbox 314 788 473 862; x_wconf 84' lang='lat' dir='ltr'><strong>quae</strong></span> <span class='ocrx_word' id='word_1_17' title='bbox 506 766 674 837; x_wconf 83' lang='lat' dir='ltr'><strong>ratio</strong></span> <span class='ocrx_word' id='word_1_18' title='bbox 706 766 1044 839; x_wconf 80' lang='lat' dir='ltr'><strong>suadendi</strong></span> <span class='ocrx_word' id='word_1_19' title='bbox 1074 788 1173 841; x_wconf 83' lang='lat' dir='ltr'><strong>est</strong></span> <span class='ocrx_word' id='word_1_20' title='bbox 1203 767 1292 840; x_wconf 84' lang='lat' dir='ltr'><strong>ab</strong></span> <span class='ocrx_word' id='word_1_21' title='bbox 1315 783 1333 814; x_wconf 86' lang='lat'><em>¹</em></span> <span class='ocrx_word' id='word_1_22' title='bbox 1359 769 1630 842; x_wconf 86' lang='lat' dir='ltr'><strong>honesti</strong></span> <span class='ocrx_word' id='word_1_23' title='bbox 1661 773 2040 872; x_wconf 83' lang='lat' dir='ltr'><strong>quaestione</strong></span> <span class='ocrx_word' id='word_1_24' title='bbox 2069 775 2405 876; x_wconf 79' lang='lat' dir='ltr'><strong>seposita?</strong></span> 
     </span>
     <span class='ocr_line' id='line_1_5' title="bbox 317 879 2410 987; baseline 0.008 -37"><span class='ocrx_word' id='word_1_25' title='bbox 317 879 514 985; x_wconf 82' lang='lat' dir='ltr'><strong>Quid</strong></span> <span class='ocrx_word' id='word_1_26' title='bbox 574 881 695 954; x_wconf 86' lang='lat' dir='ltr'><strong>illa</strong></span> <span class='ocrx_word' id='word_1_27' title='bbox 743 883 952 954; x_wconf 86' lang='lat' dir='ltr'><strong>etiam</strong></span> <span class='ocrx_word' id='word_1_28' title='bbox 1001 911 1156 983; x_wconf 82' lang='lat' dir='ltr'><strong>pars</strong></span> <span class='ocrx_word' id='word_1_29' title='bbox 1208 886 1408 958; x_wconf 86' lang='lat' dir='ltr'><strong>tertia</strong></span> <span class='ocrx_word' id='word_1_30' title='bbox 1435 944 1454 978; x_wconf 89' lang='lat'><strong>,</strong></span> <span class='ocrx_word' id='word_1_31' title='bbox 1504 915 1660 987; x_wconf 82' lang='lat' dir='ltr'><strong>quae</strong></span> <span class='ocrx_word' id='word_1_32' title='bbox 1714 889 2045 964; x_wconf 83' lang='lat' dir='ltr'><strong>laudandi</strong></span> <span class='ocrx_word' id='word_1_33' title='bbox 2098 919 2177 964; x_wconf 89' lang='lat' dir='ltr'><strong>ac</strong></span> <span class='ocrx_word' id='word_1_34' title='bbox 2229 899 2410 967; x_wconf 80' lang='lat' dir='ltr'><strong>vitu-</strong></span> 
     </span>
     <span class='ocr_line' id='line_1_6' title="bbox 310 997 2412 1106; baseline 0.005 -38"><span class='ocrx_word' id='word_1_35' title='bbox 310 997 603 1097; x_wconf 80' lang='lat' dir='ltr'><strong>perandi</strong></span> <span class='ocrx_word' id='word_1_36' title='bbox 625 997 873 1068; x_wconf 81' lang='lat' dir='ltr'><strong>officiis</strong></span> <span class='ocrx_word' id='word_1_37' title='bbox 897 998 1336 1072; x_wconf 85' lang='lat' dir='ltr'><strong>continetur?</strong></span> <span class='ocrx_word' id='word_1_38' title='bbox 1356 1002 1626 1100; x_wconf 81' lang='lat' dir='ltr'><strong>Nempe</strong></span> <span class='ocrx_word' id='word_1_39' title='bbox 1652 1001 1724 1073; x_wconf 90' lang='lat' dir='ltr'><strong>in</strong></span> <span class='ocrx_word' id='word_1_40' title='bbox 1752 1023 2033 1075; x_wconf 83' lang='lat' dir='ltr'><strong>tractatu</strong></span> <span class='ocrx_word' id='word_1_41' title='bbox 2059 1006 2222 1077; x_wconf 89' lang='lat' dir='ltr'><strong>recti</strong></span> <span class='ocrx_word' id='word_1_42' title='bbox 2251 1033 2412 1106; x_wconf 83' lang='lat' dir='ltr'><strong>pra-</strong></span> 
     </span>
     <span class='ocr_line' id='line_1_7' title="bbox 316 1112 2512 1217; baseline 0.006 -34"><span class='ocrx_word' id='word_1_43' title='bbox 316 1112 522 1211; x_wconf 84' lang='lat' dir='ltr'><strong>vique</strong></span> <span class='ocrx_word' id='word_1_44' title='bbox 545 1133 866 1185; x_wconf 80' lang='lat' dir='ltr'><strong>versatur.</strong></span> <span class='ocrx_word' id='word_1_45' title='bbox 911 1115 1023 1186; x_wconf 90' lang='lat' dir='ltr'><strong>An</strong></span> <span class='ocrx_word' id='word_1_46' title='bbox 1063 1115 1149 1187; x_wconf 90' lang='lat' dir='ltr'><strong>de</strong></span> <span class='ocrx_word' id='word_1_47' title='bbox 1162 1120 1460 1215; x_wconf 81' lang='lat' dir='ltr'><strong>justitia,</strong></span> <span class='ocrx_word' id='word_1_48' title='bbox 1476 1121 1931 1217; x_wconf 76' lang='lat' dir='ltr'><strong>fortitudine,</strong></span> <span class='ocrx_word' id='word_1_49' title='bbox 1965 1121 2407 1215; x_wconf 76' lang='lat' dir='ltr'><strong><em>abstinentia,</em></strong></span> <span class='ocrx_word' id='word_1_50' title='bbox 2453 1151 2512 1206; x_wconf 82' lang='lat'><strong>17</strong></span> 
     </span>
     <span class='ocr_line' id='line_1_8' title="bbox 320 1232 2414 1331; baseline 0.005 -31"><span class='ocrx_word' id='word_1_51' title='bbox 320 1235 797 1324; x_wconf 80' lang='lat' dir='ltr'><strong><em>temperantia,</em></strong></span> <span class='ocrx_word' id='word_1_52' title='bbox 831 1234 1085 1327; x_wconf 79' lang='lat' dir='ltr'><strong>pietate</strong></span> <span class='ocrx_word' id='word_1_53' title='bbox 1112 1256 1254 1302; x_wconf 92' lang='lat' dir='ltr'><strong>non</strong></span> <span class='ocrx_word' id='word_1_54' title='bbox 1290 1232 1599 1331; x_wconf 86' lang='lat' dir='ltr'><strong>plurima</strong></span> <span class='ocrx_word' id='word_1_55' title='bbox 1638 1234 1822 1306; x_wconf 89' lang='lat' dir='ltr'><strong>dicet</strong></span> <span class='ocrx_word' id='word_1_56' title='bbox 1848 1236 2113 1308; x_wconf 85' lang='lat' dir='ltr'><strong>orator?</strong></span> <span class='ocrx_word' id='word_1_57' title='bbox 2133 1237 2266 1310; x_wconf 89' lang='lat' dir='ltr'><strong>Sed</strong></span> <span class='ocrx_word' id='word_1_58' title='bbox 2298 1238 2414 1310; x_wconf 88' lang='lat' dir='ltr'><strong>ille</strong></span> 
     </span>
     <span class='ocr_line' id='line_1_9' title="bbox 317 1343 2414 1452; baseline 0.004 -36"><span class='ocrx_word' id='word_1_59' title='bbox 317 1343 424 1416; x_wconf 84' lang='lat' dir='ltr'><strong>vir</strong></span> <span class='ocrx_word' id='word_1_60' title='bbox 442 1343 705 1434; x_wconf 77' lang='lat' dir='ltr'><strong>bonuS,</strong></span> <span class='ocrx_word' id='word_1_61' title='bbox 732 1344 854 1442; x_wconf 86' lang='lat' dir='ltr'><strong>qui</strong></span> <span class='ocrx_word' id='word_1_62' title='bbox 881 1343 1026 1417; x_wconf 84' lang='lat' dir='ltr'><strong>haec</strong></span> <span class='ocrx_word' id='word_1_63' title='bbox 1052 1373 1196 1418; x_wconf 93' lang='lat' dir='ltr'><strong>non</strong></span> <span class='ocrx_word' id='word_1_64' title='bbox 1215 1349 1496 1452; x_wconf 80' lang='lat' dir='ltr'><strong>vocibus</strong></span> <span class='ocrx_word' id='word_1_65' title='bbox 1515 1368 1785 1421; x_wconf 82' lang='lat' dir='ltr'><strong>tantum</strong></span> <span class='ocrx_word' id='word_1_66' title='bbox 1811 1349 1943 1422; x_wconf 82' lang='lat' dir='ltr'><strong>sibi</strong></span> <span class='ocrx_word' id='word_1_67' title='bbox 1971 1365 2178 1424; x_wconf 77' lang='lat' dir='ltr'><strong>nota²</strong></span> <span class='ocrx_word' id='word_1_68' title='bbox 2206 1373 2414 1452; x_wconf 81' lang='lat' dir='ltr'><strong>atque</strong></span> 
     </span>
     <span class='ocr_line' id='line_1_10' title="bbox 319 1459 2413 1567; baseline 0.004 -36"><span class='ocrx_word' id='word_1_69' title='bbox 319 1459 732 1531; x_wconf 85' lang='lat' dir='ltr'><strong>nominibus</strong></span> <span class='ocrx_word' id='word_1_70' title='bbox 772 1461 1053 1533; x_wconf 82' lang='lat' dir='ltr'><strong>aurium</strong></span> <span class='ocrx_word' id='word_1_71' title='bbox 1099 1483 1299 1534; x_wconf 90' lang='lat' dir='ltr'><strong>tenus</strong></span> <span class='ocrx_word' id='word_1_72' title='bbox 1334 1463 1406 1534; x_wconf 92' lang='lat' dir='ltr'><strong>in</strong></span> <span class='ocrx_word' id='word_1_73' title='bbox 1449 1490 1656 1536; x_wconf 87' lang='lat' dir='ltr'><strong>usum</strong></span> <span class='ocrx_word' id='word_1_74' title='bbox 1698 1463 1955 1565; x_wconf 77' lang='lat' dir='ltr'><strong>linguae</strong></span> <span class='ocrx_word' id='word_1_75' title='bbox 1994 1468 2413 1567; x_wconf 87' lang='lat' dir='ltr'><strong>perceperit,</strong></span> 
     </span>
     <span class='ocr_line' id='line_1_11' title="bbox 318 1575 2418 1677; baseline 0.001 -28"><span class='ocrx_word' id='word_1_76' title='bbox 318 1576 440 1649; x_wconf 80' lang='lat' dir='ltr'><strong>sed</strong></span> <span class='ocrx_word' id='word_1_77' title='bbox 465 1577 587 1675; x_wconf 86' lang='lat' dir='ltr'><strong>qui</strong></span> <span class='ocrx_word' id='word_1_78' title='bbox 615 1575 899 1649; x_wconf 87' lang='lat' dir='ltr'><strong>virtutes</strong></span> <span class='ocrx_word' id='word_1_79' title='bbox 933 1575 1109 1675; x_wconf 83' lang='lat' dir='ltr'><strong>ipsas</strong></span> <span class='ocrx_word' id='word_1_80' title='bbox 1132 1597 1363 1650; x_wconf 91' lang='lat' dir='ltr'><strong>mente</strong></span> <span class='ocrx_word' id='word_1_81' title='bbox 1393 1578 1794 1677; x_wconf 82' lang='lat' dir='ltr'><strong>complexus</strong></span> <span class='ocrx_word' id='word_1_82' title='bbox 1824 1579 1915 1651; x_wconf 86' lang='lat' dir='ltr'><strong>ita</strong></span> <span class='ocrx_word' id='word_1_83' title='bbox 1945 1578 2256 1670; x_wconf 80' lang='lat' dir='ltr'><strong>sentiat3,</strong></span> <span class='ocrx_word' id='word_1_84' title='bbox 2288 1606 2418 1652; x_wconf 87' lang='lat' dir='ltr'><strong>nec</strong></span> 
     </span>
     <span class='ocr_line' id='line_1_12' title="bbox 319 1690 2409 1793; baseline 0 -28"><span class='ocrx_word' id='word_1_85' title='bbox 319 1692 394 1765; x_wconf 90' lang='lat' dir='ltr'><strong>in</strong></span> <span class='ocrx_word' id='word_1_86' title='bbox 437 1690 849 1792; x_wconf 74' lang='lat' dir='ltr'><strong>cogitando4</strong></span> <span class='ocrx_word' id='word_1_87' title='bbox 894 1691 1268 1783; x_wconf 83' lang='lat' dir='ltr'><strong>laborabit,</strong></span> <span class='ocrx_word' id='word_1_88' title='bbox 1313 1693 1469 1783; x_wconf 88' lang='lat' dir='ltr'><strong>sed,</strong></span> <span class='ocrx_word' id='word_1_89' title='bbox 1516 1693 1707 1793; x_wconf 87' lang='lat' dir='ltr'><strong>quod</strong></span> <span class='ocrx_word' id='word_1_90' title='bbox 1752 1693 1962 1785; x_wconf 81' lang='lat' dir='ltr'><strong>sciet,</strong></span> <span class='ocrx_word' id='word_1_91' title='bbox 2008 1719 2165 1767; x_wconf 86' lang='lat' dir='ltr'><strong>vere</strong></span> <span class='ocrx_word' id='word_1_92' title='bbox 2208 1694 2409 1767; x_wconf 89' lang='lat' dir='ltr'><strong>dicet.</strong></span> 
     </span>
    </p>
   </div>
   <div class='ocr_carea' id='block_1_4' title="bbox 270 1862 1337 4312">
    <p class='ocr_par' dir='ltr' id='par_1_4' title="bbox 320 1862 1331 3366">
     <span class='ocr_line' id='line_1_13' title="bbox 400 1862 1326 1936; baseline -0.002 -19"><span class='ocrx_word' id='word_1_93' title='bbox 400 1882 443 1917; x_wconf 83' lang='lat' dir='ltr'><strong>t.</strong></span> <span class='ocrx_word' id='word_1_94' title='bbox 462 1865 556 1917; x_wconf 79' lang='lat' dir='ltr'><strong>Est</strong></span> <span class='ocrx_word' id='word_1_95' title='bbox 578 1865 700 1917; x_wconf 83' lang='lat' dir='ltr'><strong><em>ab...</em></strong></span> <span class='ocrx_word' id='word_1_96' title='bbox 716 1864 1011 1936; x_wconf 79' lang='lat' dir='ltr'><strong>quoestione.</strong></span> <span class='ocrx_word' id='word_1_97' title='bbox 1028 1862 1241 1915; x_wconf 77' lang='lat' dir='ltr'><strong>Habent</strong></span> <span class='ocrx_word' id='word_1_98' title='bbox 1253 1874 1326 1916; x_wconf 81' lang='lat' dir='ltr'><strong>est</strong></span> 
     </span>
     <span class='ocr_line' id='line_1_14' title="bbox 320 1935 1324 2014; baseline -0.001 -19"><span class='ocrx_word' id='word_1_99' title='bbox 320 1942 451 1995; x_wconf 65' lang='lat' dir='ltr'><strong>absit·</strong></span> <span class='ocrx_word' id='word_1_100' title='bbox 476 1942 757 2014; x_wconf 68' lang='lat' dir='ltr'><strong>questione</strong></span> <span class='ocrx_word' id='word_1_101' title='bbox 781 1935 959 1994; x_wconf 67' lang='lat' dir='ltr'><strong>Turic.&#39;</strong></span> <span class='ocrx_word' id='word_1_102' title='bbox 987 1941 1126 1994; x_wconf 87' lang='lat' dir='ltr'><strong>Flor.</strong></span> <span class='ocrx_word' id='word_1_103' title='bbox 1162 1943 1228 1993; x_wconf 76' lang='lat' dir='ltr'><strong>E.</strong></span> <span class='ocrx_word' id='word_1_104' title='bbox 1257 1944 1324 1994; x_wconf 81' lang='lat' dir='ltr'><strong>ab</strong></span> 
     </span>
     <span class='ocr_line' id='line_1_15' title="bbox 322 2020 1325 2094; baseline 0.003 -22"><span class='ocrx_word' id='word_1_105' title='bbox 322 2020 532 2074; x_wconf 64' lang='lat' dir='ltr'><strong>hortata</strong></span> <span class='ocrx_word' id='word_1_106' title='bbox 547 2040 621 2094; x_wconf 86' lang='lat' dir='ltr'><strong>q.,</strong></span> <span class='ocrx_word' id='word_1_107' title='bbox 635 2023 790 2076; x_wconf 76' lang='lat' dir='ltr'><strong>Voss.</strong></span> <span class='ocrx_word' id='word_1_108' title='bbox 810 2038 856 2089; x_wconf 80' lang='lat' dir='ltr'><strong>t,</strong></span> <span class='ocrx_word' id='word_1_109' title='bbox 876 2023 926 2074; x_wconf 83' lang='lat'><strong>3.</strong></span> <span class='ocrx_word' id='word_1_110' title='bbox 947 2022 1054 2093; x_wconf 76' lang='lat' dir='ltr'><strong>Qui</strong></span> <span class='ocrx_word' id='word_1_111' title='bbox 1070 2022 1124 2073; x_wconf 77' lang='lat' dir='ltr'><strong>in</strong></span> <span class='ocrx_word' id='word_1_112' title='bbox 1140 2020 1325 2075; x_wconf 72' lang='lat' dir='ltr'><strong>letitia</strong></span> 
     </span>
     <span class='ocr_line' id='line_1_16' title="bbox 320 2100 1325 2173; baseline 0 -20"><span class='ocrx_word' id='word_1_113' title='bbox 320 2117 437 2173; x_wconf 75' lang='lat' dir='ltr'><strong>quoe</strong></span> <span class='ocrx_word' id='word_1_114' title='bbox 460 2100 600 2154; x_wconf 76' lang='lat' dir='ltr'><strong><em>laud.</em></strong></span> <span class='ocrx_word' id='word_1_115' title='bbox 613 2140 631 2167; x_wconf 90' lang='lat'><strong>,</strong></span> <span class='ocrx_word' id='word_1_116' title='bbox 649 2103 924 2153; x_wconf 77' lang='lat' dir='ltr'><strong>Tur-icens.</strong></span> <span class='ocrx_word' id='word_1_117' title='bbox 939 2101 1080 2153; x_wconf 83' lang='lat' dir='ltr'><strong>Flor.</strong></span> <span class='ocrx_word' id='word_1_118' title='bbox 1097 2100 1223 2172; x_wconf 83' lang='lat' dir='ltr'><strong>(sed</strong></span> <span class='ocrx_word' id='word_1_119' title='bbox 1240 2101 1325 2153; x_wconf 86' lang='lat' dir='ltr'><strong>hic</strong></span> 
     </span>
     <span class='ocr_line' id='line_1_17' title="bbox 321 2180 1326 2255; baseline -0.003 -21"><span class='ocrx_word' id='word_1_120' title='bbox 321 2180 410 2234; x_wconf 82' lang='lat' dir='ltr'><strong>let.</strong></span> <span class='ocrx_word' id='word_1_121' title='bbox 450 2193 502 2234; x_wconf 90' lang='lat' dir='ltr'><strong>et</strong></span> <span class='ocrx_word' id='word_1_122' title='bbox 532 2182 671 2253; x_wconf 80' lang='lat' dir='ltr'><strong>que)</strong></span> <span class='ocrx_word' id='word_1_123' title='bbox 715 2180 853 2249; x_wconf 80' lang='lat' dir='ltr'><strong>Quin</strong></span> <span class='ocrx_word' id='word_1_124' title='bbox 892 2183 926 2232; x_wconf 85' lang='grc' dir='ltr'><strong>ἰ.</strong></span> <span class='ocrx_word' id='word_1_125' title='bbox 947 2199 992 2232; x_wconf 82' lang='lat' dir='ltr'><strong>e.</strong></span> <span class='ocrx_word' id='word_1_126' title='bbox 1017 2198 1073 2252; x_wconf 84' lang='lat' dir='ltr'><strong>p.</strong></span> <span class='ocrx_word' id='word_1_127' title='bbox 1102 2191 1138 2232; x_wconf 82' lang='lat' dir='ltr'><strong>t.</strong></span> <span class='ocrx_word' id='word_1_128' title='bbox 1169 2201 1222 2255; x_wconf 84' lang='lat' dir='ltr'><strong>q.</strong></span> <span class='ocrx_word' id='word_1_129' title='bbox 1254 2180 1326 2249; x_wconf 81' lang='lat'><strong>1.,</strong></span> 
     </span>
     <span class='ocr_line' id='line_1_18' title="bbox 320 2258 1328 2325; baseline 0 -13"><span class='ocrx_word' id='word_1_130' title='bbox 320 2259 505 2313; x_wconf 77' lang='lat' dir='ltr'><strong>Ambr.</strong></span> <span class='ocrx_word' id='word_1_131' title='bbox 524 2276 551 2311; x_wconf 64' lang='grc' dir='ltr'>α</span> <span class='ocrx_word' id='word_1_132' title='bbox 567 2297 584 2325; x_wconf 82' lang='grc'>,</span> <span class='ocrx_word' id='word_1_133' title='bbox 602 2258 777 2312; x_wconf 84' lang='lat' dir='ltr'><strong>Guelf.</strong></span> <span class='ocrx_word' id='word_1_134' title='bbox 798 2277 919 2311; x_wconf 86' lang='lat' dir='ltr'><strong>cum</strong></span> <span class='ocrx_word' id='word_1_135' title='bbox 934 2262 1087 2312; x_wconf 71' lang='lat' dir='ltr'><strong>Voss.</strong></span> <span class='ocrx_word' id='word_1_136' title='bbox 1110 2274 1126 2309; x_wconf 83' lang='grc' dir='ltr'>ι</span> <span class='ocrx_word' id='word_1_137' title='bbox 1144 2297 1162 2325; x_wconf 85' lang='grc'>,</span> <span class='ocrx_word' id='word_1_138' title='bbox 1177 2261 1328 2312; x_wconf 87' lang='lat' dir='ltr'><strong>Bern.</strong></span> 
     </span>
     <span class='ocr_line' id='line_1_19' title="bbox 321 2336 1328 2411; baseline -0.002 -20"><span class='ocrx_word' id='word_1_139' title='bbox 321 2342 468 2392; x_wconf 79' lang='lat' dir='ltr'><strong>Jens.</strong></span> <span class='ocrx_word' id='word_1_140' title='bbox 486 2352 538 2391; x_wconf 90' lang='lat' dir='ltr'><strong>et</strong></span> <span class='ocrx_word' id='word_1_141' title='bbox 548 2337 668 2391; x_wconf 83' lang='lat' dir='ltr'><strong>edd.</strong></span> <span class='ocrx_word' id='word_1_142' title='bbox 686 2349 824 2409; x_wconf 80' lang='lat' dir='ltr'><strong>post.</strong></span> <span class='ocrx_word' id='word_1_143' title='bbox 842 2349 964 2389; x_wconf 82' lang='lat' dir='ltr'><strong>ante</strong></span> <span class='ocrx_word' id='word_1_144' title='bbox 978 2336 1177 2411; x_wconf 73' lang='lat' dir='ltr'><strong>Gryph.</strong></span> <span class='ocrx_word' id='word_1_145' title='bbox 1197 2336 1328 2407; x_wconf 77' lang='lat' dir='ltr'><strong>(uisi</strong></span> 
     </span>
     <span class='ocr_line' id='line_1_20' title="bbox 323 2416 1325 2492; baseline -0.002 -21"><span class='ocrx_word' id='word_1_146' title='bbox 323 2418 468 2492; x_wconf 84' lang='lat' dir='ltr'><strong>quod</strong></span> <span class='ocrx_word' id='word_1_147' title='bbox 496 2418 648 2471; x_wconf 74' lang='lat' dir='ltr'><strong>Basil.</strong></span> <span class='ocrx_word' id='word_1_148' title='bbox 687 2416 884 2491; x_wconf 74' lang='lat' dir='ltr'><strong>Gryph.</strong></span> <span class='ocrx_word' id='word_1_149' title='bbox 926 2417 1091 2483; x_wconf 79' lang='lat'><strong>1536,</strong></span> <span class='ocrx_word' id='word_1_150' title='bbox 1135 2416 1325 2469; x_wconf 68' lang='lat' dir='ltr'><strong>Vidov&#39;.</strong></span> 
     </span>
     <span class='ocr_line' id='line_1_21' title="bbox 322 2496 1328 2572; baseline -0.001 -21"><span class='ocrx_word' id='word_1_151' title='bbox 322 2498 611 2572; x_wconf 71' lang='lat' dir='ltr'><strong><em>quinetiam</em></strong></span> <span class='ocrx_word' id='word_1_152' title='bbox 641 2496 786 2569; x_wconf 77' lang='lat' dir='ltr'><strong>illa).</strong></span> <span class='ocrx_word' id='word_1_153' title='bbox 827 2497 968 2568; x_wconf 80' lang='lat' dir='ltr'><strong>Quid</strong></span> <span class='ocrx_word' id='word_1_154' title='bbox 985 2496 1186 2550; x_wconf 69' lang='lat' dir='ltr'><strong>honesti</strong></span> <span class='ocrx_word' id='word_1_155' title='bbox 1208 2515 1328 2570; x_wconf 83' lang='lat' dir='ltr'><strong>quoe</strong></span> 
     </span>
     <span class='ocr_line' id='line_1_22' title="bbox 324 2576 1327 2646; baseline -0.004 -14"><span class='ocrx_word' id='word_1_156' title='bbox 324 2578 468 2632; x_wconf 81' lang='lat' dir='ltr'><strong>laud.</strong></span> <span class='ocrx_word' id='word_1_157' title='bbox 483 2617 501 2644; x_wconf 88' lang='lat'>‚</span> <span class='ocrx_word' id='word_1_158' title='bbox 542 2576 704 2629; x_wconf 71' lang='lat' dir='ltr'><strong>Cntr.</strong></span> <span class='ocrx_word' id='word_1_159' title='bbox 746 2577 891 2627; x_wconf 85' lang='lat' dir='ltr'><strong>mire.</strong></span> <span class='ocrx_word' id='word_1_160' title='bbox 940 2576 1081 2646; x_wconf 77' lang='lat' dir='ltr'><strong>Quid</strong></span> <span class='ocrx_word' id='word_1_161' title='bbox 1118 2590 1294 2628; x_wconf 81' lang='lat' dir='ltr'><strong>autern</strong></span> <span class='ocrx_word' id='word_1_162' title='bbox 1310 2615 1327 2643; x_wconf 92' lang='lat'><strong>,</strong></span> 
     </span>
     <span class='ocr_line' id='line_1_23' title="bbox 320 2655 1329 2732; baseline -0.002 -22"><span class='ocrx_word' id='word_1_163' title='bbox 320 2670 511 2732; x_wconf 66' lang='lat' dir='ltr'><strong>praeter</strong></span> <span class='ocrx_word' id='word_1_164' title='bbox 533 2656 703 2720; x_wconf 79' lang='lat' dir='ltr'><strong>hune,</strong></span> <span class='ocrx_word' id='word_1_165' title='bbox 725 2655 871 2709; x_wconf 74' lang='lat' dir='ltr'><strong>solus</strong></span> <span class='ocrx_word' id='word_1_166' title='bbox 894 2655 1158 2709; x_wconf 83' lang='lat' dir='ltr'><strong>vindicare</strong></span> <span class='ocrx_word' id='word_1_167' title='bbox 1180 2655 1329 2708; x_wconf 82' lang='lat' dir='ltr'><strong>vide-</strong></span> 
     </span>
     <span class='ocr_line' id='line_1_24' title="bbox 322 2732 1326 2805; baseline -0.006 -16"><span class='ocrx_word' id='word_1_168' title='bbox 322 2751 414 2789; x_wconf 84' lang='lat' dir='ltr'><strong>tur</strong></span> <span class='ocrx_word' id='word_1_169' title='bbox 434 2734 594 2789; x_wconf 88' lang='lat' dir='ltr'><strong>Goth.</strong></span> <span class='ocrx_word' id='word_1_170' title='bbox 616 2736 720 2787; x_wconf 81' lang='lat' dir='ltr'><strong>‘nisi</strong></span> <span class='ocrx_word' id='word_1_171' title='bbox 744 2732 889 2804; x_wconf 84' lang='lat' dir='ltr'><strong>quod</strong></span> <span class='ocrx_word' id='word_1_172' title='bbox 909 2734 1179 2785; x_wconf 82' lang='lat' dir='ltr'><strong>Turicens.</strong></span> <span class='ocrx_word' id='word_1_173' title='bbox 1202 2733 1297 2805; x_wconf 81' lang='lat' dir='ltr'><strong>qui</strong></span> <span class='ocrx_word' id='word_1_174' title='bbox 1306 2769 1326 2798; x_wconf 89' lang='lat'><em>‚</em></span> 
     </span>
     <span class='ocr_line' id='line_1_25' title="bbox 324 2812 1325 2891; baseline -0.006 -21"><span class='ocrx_word' id='word_1_175' title='bbox 324 2815 470 2891; x_wconf 82' lang='lat' dir='ltr'><strong>quod</strong></span> <span class='ocrx_word' id='word_1_176' title='bbox 510 2816 622 2868; x_wconf 85' lang='lat' dir='ltr'><strong>fere</strong></span> <span class='ocrx_word' id='word_1_177' title='bbox 657 2833 778 2867; x_wconf 85' lang='lat' dir='ltr'><strong>cum</strong></span> <span class='ocrx_word' id='word_1_178' title='bbox 822 2812 952 2886; x_wconf 75' lang='lat' dir='ltr'><strong>quid</strong></span> <span class='ocrx_word' id='word_1_179' title='bbox 982 2826 1325 2885; x_wconf 76' lang='lat' dir='ltr'><strong>permutatur.</strong></span> 
     </span>
     <span class='ocr_line' id='line_1_26' title="bbox 321 2892 1331 2965; baseline -0.007 -14"><span class='ocrx_word' id='word_1_180' title='bbox 321 2899 439 2951; x_wconf 82' lang='lat' dir='ltr'><strong>Nec</strong></span> <span class='ocrx_word' id='word_1_181' title='bbox 461 2894 643 2961; x_wconf 77' lang='lat' dir='ltr'><strong>video,</strong></span> <span class='ocrx_word' id='word_1_182' title='bbox 673 2892 944 2965; x_wconf 85' lang='lat' dir='ltr'><strong>quomodo</strong></span> <span class='ocrx_word' id='word_1_183' title='bbox 969 2893 1120 2945; x_wconf 80' lang='lat' dir='ltr'><strong>aliter</strong></span> <span class='ocrx_word' id='word_1_184' title='bbox 1140 2911 1331 2964; x_wconf 85' lang='lat' dir='ltr'><strong>proce-</strong></span> 
     </span>
     <span class='ocr_line' id='line_1_27' title="bbox 321 2972 1331 3047; baseline -0.006 -18"><span class='ocrx_word' id='word_1_185' title='bbox 321 2975 419 3029; x_wconf 75' lang='lat' dir='ltr'><strong>dat</strong></span> <span class='ocrx_word' id='word_1_186' title='bbox 441 2976 537 3027; x_wconf 79' lang='lat' dir='ltr'><strong>ista</strong></span> <span class='ocrx_word' id='word_1_187' title='bbox 563 2992 659 3047; x_wconf 79' lang='lat' dir='ltr'><strong>per</strong></span> <span class='ocrx_word' id='word_1_188' title='bbox 680 2991 867 3043; x_wconf 82' lang='lat' dir='ltr'><strong><em>nempe</em></strong></span> <span class='ocrx_word' id='word_1_189' title='bbox 883 2972 1099 3026; x_wconf 75' lang='lat' dir='ltr'><strong>inducta</strong></span> <span class='ocrx_word' id='word_1_190' title='bbox 1118 2985 1331 3024; x_wconf 70' lang='lat' dir='ltr'><strong>senten-</strong></span> 
     </span>
     <span class='ocr_line' id='line_1_28' title="bbox 322 3050 1327 3109; baseline -0.005 0"><span class='ocrx_word' id='word_1_191' title='bbox 322 3058 409 3109; x_wconf 74' lang='lat' dir='ltr'><strong>tiae</strong></span> <span class='ocrx_word' id='word_1_192' title='bbox 449 3054 733 3107; x_wconf 74' lang='lat' dir='ltr'><strong>absolutio.</strong></span> <span class='ocrx_word' id='word_1_193' title='bbox 765 3082 838 3093; x_wconf 91' lang='lat'>—</span> <span class='ocrx_word' id='word_1_194' title='bbox 862 3050 997 3105; x_wconf 80' lang='lat' dir='ltr'><strong>Van.</strong></span> <span class='ocrx_word' id='word_1_195' title='bbox 1037 3050 1127 3103; x_wconf 87' lang='lat' dir='ltr'><strong>lib.</strong></span> <span class='ocrx_word' id='word_1_196' title='bbox 1163 3069 1195 3103; x_wconf 77' lang='lat' dir='ltr'><strong>a</strong></span> <span class='ocrx_word' id='word_1_197' title='bbox 1222 3069 1327 3104; x_wconf 84' lang='lat' dir='ltr'><strong>sec.</strong></span> 
     </span>
     <span class='ocr_line' id='line_1_29' title="bbox 320 3127 1330 3204; baseline -0.006 -18"><span class='ocrx_word' id='word_1_198' title='bbox 320 3150 487 3186; x_wconf 74' lang='lat' dir='ltr'><strong>manu</strong></span> <span class='ocrx_word' id='word_1_199' title='bbox 524 3133 738 3204; x_wconf 74' lang='lat' dir='ltr'><strong>antiqua</strong></span> <span class='ocrx_word' id='word_1_200' title='bbox 761 3129 870 3182; x_wconf 72' lang='lat' dir='ltr'><strong>BR.</strong></span> <span class='ocrx_word' id='word_1_201' title='bbox 896 3131 956 3194; x_wconf 86' lang='lat'><strong>8,</strong></span> <span class='ocrx_word' id='word_1_202' title='bbox 990 3147 1050 3199; x_wconf 87' lang='lat'><strong>9,</strong></span> <span class='ocrx_word' id='word_1_203' title='bbox 1075 3127 1206 3201; x_wconf 75' lang='lat' dir='ltr'><strong>quid</strong></span> <span class='ocrx_word' id='word_1_204' title='bbox 1232 3127 1330 3181; x_wconf 76' lang='lat' dir='ltr'><strong>ina</strong></span> 
     </span>
     <span class='ocr_line' id='line_1_30' title="bbox 320 3208 1329 3284; baseline -0.006 -17"><span class='ocrx_word' id='word_1_205' title='bbox 320 3217 480 3267; x_wconf 76' lang='lat' dir='ltr'><strong>etiam</strong></span> <span class='ocrx_word' id='word_1_206' title='bbox 502 3231 638 3284; x_wconf 74' lang='lat' dir='ltr'><strong>pars.</strong></span> <span class='ocrx_word' id='word_1_207' title='bbox 671 3212 855 3264; x_wconf 79' lang='lat' dir='ltr'><strong>Caeteri</strong></span> <span class='ocrx_word' id='word_1_208' title='bbox 884 3209 1011 3284; x_wconf 79' lang='lat' dir='ltr'><strong>q&#39;uin</strong></span> <span class='ocrx_word' id='word_1_209' title='bbox 1047 3208 1143 3262; x_wconf 77' lang='lat' dir='ltr'><strong>illa</strong></span> <span class='ocrx_word' id='word_1_210' title='bbox 1170 3210 1329 3262; x_wconf 79' lang='lat' dir='ltr'><strong>etiam</strong></span> 
     </span>
     <span class='ocr_line' id='line_1_31' title="bbox 320 3293 584 3366; baseline -0.008 -21"><span class='ocrx_word' id='word_1_211' title='bbox 320 3309 462 3366; x_wconf 78' lang='lat' dir='ltr'><strong>pan.</strong></span> <span class='ocrx_word' id='word_1_212' title='bbox 490 3293 584 3343; x_wconf 84' lang='lat' dir='ltr'><strong>En.</strong></span> 
     </span>
    </p>

    <p class='ocr_par' dir='ltr' id='par_1_5' title="bbox 270 3366 1337 4312">
     <span class='ocr_line' id='line_1_32' title="bbox 400 3366 1330 3433; baseline -0.003 -12"><span class='ocrx_word' id='word_1_213' title='bbox 400 3385 450 3421; x_wconf 75' lang='lat'><strong>2.</strong></span> <span class='ocrx_word' id='word_1_214' title='bbox 465 3367 695 3421; x_wconf 80' lang='lat' dir='ltr'><strong>Tantum</strong></span> <span class='ocrx_word' id='word_1_215' title='bbox 712 3368 808 3422; x_wconf 73' lang='lat' dir='ltr'><strong>sibi</strong></span> <span class='ocrx_word' id='word_1_216' title='bbox 826 3378 965 3423; x_wconf 79' lang='lat' dir='ltr'><strong>nota.</strong></span> <span class='ocrx_word' id='word_1_217' title='bbox 976 3369 1151 3419; x_wconf 84' lang='lat' dir='ltr'><strong>Turic.</strong></span> <span class='ocrx_word' id='word_1_218' title='bbox 1167 3366 1330 3433; x_wconf 83' lang='lat' dir='ltr'><strong>Flor.,</strong></span> 
     </span>
     <span class='ocr_line' id='line_1_33' title="bbox 323 3445 1330 3515; baseline -0.001 -16"><span class='ocrx_word' id='word_1_219' title='bbox 323 3456 535 3500; x_wconf 73' lang='lat' dir='ltr'><strong>tantum</strong></span> <span class='ocrx_word' id='word_1_220' title='bbox 570 3448 614 3499; x_wconf 73' lang='lat' dir='ltr'><strong>si</strong></span> <span class='ocrx_word' id='word_1_221' title='bbox 640 3446 773 3498; x_wconf 79' lang='lat' dir='ltr'><strong>bona</strong></span> <span class='ocrx_word' id='word_1_222' title='bbox 810 3459 961 3515; x_wconf 81' lang='lat' dir='ltr'><strong>nota,</strong></span> <span class='ocrx_word' id='word_1_223' title='bbox 991 3465 1113 3499; x_wconf 85' lang='lat' dir='ltr'><strong>cum</strong></span> <span class='ocrx_word' id='word_1_224' title='bbox 1141 3445 1330 3498; x_wconf 85' lang='lat' dir='ltr'><strong>Almel.</strong></span> 
     </span>
     <span class='ocr_line' id='line_1_34' title="bbox 330 3524 1329 3593; baseline -0.003 -13"><span class='ocrx_word' id='word_1_225' title='bbox 330 3526 396 3580; x_wconf 83' lang='grc' dir='ltr'><strong>Τ.</strong></span> <span class='ocrx_word' id='word_1_226' title='bbox 412 3527 499 3580; x_wconf 68' lang='grc' dir='ltr'><strong>κά</strong></span> <span class='ocrx_word' id='word_1_227' title='bbox 509 3544 584 3593; x_wconf 80' lang='lat' dir='ltr'><strong>n.,</strong></span> <span class='ocrx_word' id='word_1_228' title='bbox 603 3526 765 3580; x_wconf 67' lang='lat' dir='ltr'><strong>Gur.</strong></span> <span class='ocrx_word' id='word_1_229' title='bbox 786 3524 959 3578; x_wconf 77' lang='lat' dir='ltr'><strong>Tenus</strong></span> <span class='ocrx_word' id='word_1_230' title='bbox 979 3544 1042 3578; x_wconf 83' lang='lat' dir='ltr'><strong>ac</strong></span> <span class='ocrx_word' id='word_1_231' title='bbox 1063 3525 1139 3592; x_wconf 83' lang='lat' dir='ltr'><strong>in,</strong></span> <span class='ocrx_word' id='word_1_232' title='bbox 1152 3526 1329 3577; x_wconf 83' lang='lat' dir='ltr'><strong>Turic.</strong></span> 
     </span>
     <span class='ocr_line' id='line_1_35' title="bbox 327 3600 1330 3659; baseline -0.005 -1"><span class='ocrx_word' id='word_1_233' title='bbox 327 3604 473 3658; x_wconf 83' lang='lat' dir='ltr'><strong>Flor.</strong></span> <span class='ocrx_word' id='word_1_234' title='bbox 511 3605 675 3659; x_wconf 74' lang='lat' dir='ltr'><strong>Cnn.</strong></span> <span class='ocrx_word' id='word_1_235' title='bbox 705 3621 826 3656; x_wconf 88' lang='lat' dir='ltr'><strong>cum</strong></span> <span class='ocrx_word' id='word_1_236' title='bbox 850 3602 985 3655; x_wconf 79' lang='lat' dir='ltr'><strong>Alm.</strong></span> <span class='ocrx_word' id='word_1_237' title='bbox 1019 3602 1183 3655; x_wconf 81' lang='lat' dir='ltr'><strong>Andr.</strong></span> <span class='ocrx_word' id='word_1_238' title='bbox 1208 3600 1330 3654; x_wconf 78' lang='lat' dir='ltr'><strong>Ald.</strong></span> 
     </span>
     <span class='ocr_line' id='line_1_36' title="bbox 326 3680 1332 3757; baseline -0.006 -21"><span class='ocrx_word' id='word_1_239' title='bbox 326 3701 496 3757; x_wconf 71' lang='lat' dir='ltr'><strong>pravo</strong></span> <span class='ocrx_word' id='word_1_240' title='bbox 531 3681 882 3736; x_wconf 79' lang='lat' dir='ltr'><strong>connectendi</strong></span> <span class='ocrx_word' id='word_1_241' title='bbox 917 3680 1121 3747; x_wconf 69' lang='lat' dir='ltr'><strong>studio,</strong></span> <span class='ocrx_word' id='word_1_242' title='bbox 1168 3698 1332 3752; x_wconf 86' lang='lat' dir='ltr'><strong>quum</strong></span> 
     </span>
     <span class='ocr_line' id='line_1_37' title="bbox 329 3760 1336 3836; baseline -0.007 -19"><span class='ocrx_word' id='word_1_243' title='bbox 329 3781 506 3836; x_wconf 81' lang='lat' dir='ltr'><strong>neque</strong></span> <span class='ocrx_word' id='word_1_244' title='bbox 545 3761 739 3834; x_wconf 73' lang='lat' dir='ltr'><strong>copula</strong></span> <span class='ocrx_word' id='word_1_245' title='bbox 766 3760 998 3832; x_wconf 74' lang='lat' dir='ltr'><strong>indigeat</strong></span> <span class='ocrx_word' id='word_1_246' title='bbox 1032 3778 1246 3826; x_wconf 69' lang='lat' dir='ltr'><strong>tensus,</strong></span> <span class='ocrx_word' id='word_1_247' title='bbox 1282 3771 1336 3812; x_wconf 87' lang='lat' dir='ltr'><strong>et</strong></span> 
     </span>
     <span class='ocr_line' id='line_1_38' title="bbox 326 3838 1336 3916; baseline -0.007 -17"><span class='ocrx_word' id='word_1_248' title='bbox 326 3844 443 3916; x_wconf 66' lang='lat' dir='ltr'><strong>lunc</strong></span> <span class='ocrx_word' id='word_1_249' title='bbox 466 3846 580 3915; x_wconf 74' lang='lat' dir='ltr'><strong>ipsa</strong></span> <span class='ocrx_word' id='word_1_250' title='bbox 601 3842 957 3914; x_wconf 77' lang='lat' dir='ltr'><strong>corruptelam</strong></span> <span class='ocrx_word' id='word_1_251' title='bbox 981 3853 1180 3911; x_wconf 73' lang='lat' dir='ltr'><strong>arguat.</strong></span> <span class='ocrx_word' id='word_1_252' title='bbox 1201 3838 1336 3892; x_wconf 77' lang='lat' dir='ltr'><strong>vide</strong></span> 
     </span>
     <span class='ocr_line' id='line_1_39' title="bbox 326 3919 1333 3995; baseline -0.007 -17"><span class='ocrx_word' id='word_1_253' title='bbox 326 3925 456 3986; x_wconf 74' lang='grc' dir='ltr'><strong>ΧΠ,</strong></span> <span class='ocrx_word' id='word_1_254' title='bbox 478 3939 497 3975; x_wconf 86' lang='grc' dir='ltr'>ι</span> <span class='ocrx_word' id='word_1_255' title='bbox 515 3961 532 3988; x_wconf 89' lang='lat'><strong>,</strong></span> <span class='ocrx_word' id='word_1_256' title='bbox 547 3941 629 3993; x_wconf 77' lang='lat'><strong>²9-</strong></span> <span class='ocrx_word' id='word_1_257' title='bbox 654 3922 888 3995; x_wconf 73' lang='lat' dir='ltr'><strong>linqua,</strong></span> <span class='ocrx_word' id='word_1_258' title='bbox 902 3922 1173 3973; x_wconf 78' lang='lat' dir='ltr'><strong>Tur-icens.</strong></span> <span class='ocrx_word' id='word_1_259' title='bbox 1193 3919 1333 3972; x_wconf 83' lang='lat' dir='ltr'><strong>Flor.</strong></span> 
     </span>
     <span class='ocr_line' id='line_1_40' title="bbox 329 3999 1336 4072; baseline -0.005 -16"><span class='ocrx_word' id='word_1_260' title='bbox 329 4001 518 4056; x_wconf 79' lang='lat' dir='ltr'><strong>Ambr.</strong></span> <span class='ocrx_word' id='word_1_261' title='bbox 535 4018 563 4054; x_wconf 78' lang='lat'><em>2</em></span> <span class='ocrx_word' id='word_1_262' title='bbox 577 4041 594 4068; x_wconf 93' lang='lat'><strong>,</strong></span> <span class='ocrx_word' id='word_1_263' title='bbox 611 4001 784 4056; x_wconf 84' lang='lat' dir='ltr'><strong>Guelf.</strong></span> <span class='ocrx_word' id='word_1_264' title='bbox 810 3999 971 4053; x_wconf 82' lang='lat' dir='ltr'><strong>Goth.</strong></span> <span class='ocrx_word' id='word_1_265' title='bbox 994 4000 1127 4072; x_wconf 81' lang='lat' dir='ltr'><strong>(tac.</strong></span> <span class='ocrx_word' id='word_1_266' title='bbox 1143 3999 1336 4070; x_wconf 78' lang='lat' dir='ltr'><strong>Gesn.)</strong></span> 
     </span>
     <span class='ocr_line' id='line_1_41' title="bbox 334 4076 1336 4147; baseline -0.008 -11"><span class='ocrx_word' id='word_1_267' title='bbox 334 4081 501 4136; x_wconf 61' lang='lat' dir='ltr'>Cant.</span> <span class='ocrx_word' id='word_1_268' title='bbox 524 4099 644 4132; x_wconf 85' lang='lat' dir='ltr'><strong>cum</strong></span> <span class='ocrx_word' id='word_1_269' title='bbox 663 4079 850 4133; x_wconf 84' lang='lat' dir='ltr'><strong>Almel.</strong></span> <span class='ocrx_word' id='word_1_270' title='bbox 868 4083 1019 4133; x_wconf 72' lang='lat' dir='ltr'><strong>Voss.</strong></span> <span class='ocrx_word' id='word_1_271' title='bbox 1048 4096 1068 4131; x_wconf 83' lang='lat' dir='ltr'><strong>t</strong></span> <span class='ocrx_word' id='word_1_272' title='bbox 1086 4118 1103 4147; x_wconf 94' lang='lat'><strong>,</strong></span> <span class='ocrx_word' id='word_1_273' title='bbox 1128 4096 1156 4132; x_wconf 78' lang='lat'>2</span> <span class='ocrx_word' id='word_1_274' title='bbox 1169 4119 1187 4147; x_wconf 93' lang='lat'><strong>,</strong></span> <span class='ocrx_word' id='word_1_275' title='bbox 1200 4076 1336 4131; x_wconf 77' lang='lat' dir='ltr'><strong>Van.</strong></span> 
     </span>
     <span class='ocr_line' id='line_1_42' title="bbox 270 4154 1337 4231; baseline -0.004 -17"><span class='ocrx_word' id='word_1_276' title='bbox 270 4219 277 4229; x_wconf 38' lang='lat'><strong><em>¹</em></strong></span> <span class='ocrx_word' id='word_1_277' title='bbox 330 4161 666 4231; x_wconf 74' lang='lat' dir='ltr'><strong>Percepemt,</strong></span> <span class='ocrx_word' id='word_1_278' title='bbox 686 4154 862 4211; x_wconf 73' lang='lat' dir='ltr'><strong>Tui-ic.</strong></span> <span class='ocrx_word' id='word_1_279' title='bbox 886 4159 1028 4212; x_wconf 85' lang='lat' dir='ltr'><strong>Flor.</strong></span> <span class='ocrx_word' id='word_1_280' title='bbox 1052 4177 1175 4212; x_wconf 78' lang='lat' dir='ltr'><strong>cum</strong></span> <span class='ocrx_word' id='word_1_281' title='bbox 1200 4157 1337 4211; x_wconf 75' lang='lat' dir='ltr'><strong>Atm.</strong></span> 
     </span>
     <span class='ocr_line' id='line_1_43' title="bbox 332 4237 914 4312; baseline 0.002 -21"><span class='ocrx_word' id='word_1_282' title='bbox 332 4240 411 4297; x_wconf 73' lang='lat' dir='ltr'><strong>Et</strong></span> <span class='ocrx_word' id='word_1_283' title='bbox 430 4238 552 4312; x_wconf 75' lang='lat' dir='ltr'><strong>qui,</strong></span> <span class='ocrx_word' id='word_1_284' title='bbox 575 4239 751 4296; x_wconf 79' lang='lat' dir='ltr'><strong>Turic-</strong></span> <span class='ocrx_word' id='word_1_285' title='bbox 775 4237 914 4292; x_wconf 82' lang='lat' dir='ltr'><strong>Flor.</strong></span> 
     </span>
    </p>
   </div>
   <div class='ocr_carea' id='block_1_5' title="bbox 552 4326 606 4395">
    <p class='ocr_par' dir='ltr' id='par_1_6' title="bbox 552 4326 606 4395">
     <span class='ocr_line' id='line_1_44' title="bbox 552 4326 606 4395; baseline 0 -18"><span class='ocrx_word' id='word_1_286' title='bbox 552 4326 606 4395; x_wconf 69' lang='grc'><strong>4.</strong></span> 
     </span>
    </p>
   </div>
   <div class='ocr_carea' id='block_1_6' title="bbox 1404 1864 2414 2019">
    <p class='ocr_par' dir='ltr' id='par_1_7' title="bbox 1404 1864 2414 2019">
     <span class='ocr_line' id='line_1_45' title="bbox 1475 1864 2411 1925; baseline 0.001 -7"><span class='ocrx_word' id='word_1_287' title='bbox 1475 1866 1525 1918; x_wconf 87' lang='grc'><strong>3.</strong></span> <span class='ocrx_word' id='word_1_288' title='bbox 1542 1864 1772 1925; x_wconf 53' lang='lat' dir='ltr'><strong>Sentian-</strong></span> <span class='ocrx_word' id='word_1_289' title='bbox 1797 1866 1872 1916; x_wconf 77' lang='lat' dir='ltr'><strong>sic</strong></span> <span class='ocrx_word' id='word_1_290' title='bbox 1890 1866 2066 1918; x_wconf 87' lang='lat' dir='ltr'><strong>Turic.</strong></span> <span class='ocrx_word' id='word_1_291' title='bbox 2090 1864 2230 1917; x_wconf 82' lang='lat' dir='ltr'><strong>Flor.</strong></span> <span class='ocrx_word' id='word_1_292' title='bbox 2247 1866 2411 1919; x_wconf 66' lang='lat' dir='ltr'><strong>Cute.</strong></span> 
     </span>
     <span class='ocr_line' id='line_1_46' title="bbox 1404 1942 2414 2019; baseline 0.001 -22"><span class='ocrx_word' id='word_1_293' title='bbox 1404 1945 1624 2004; x_wconf 78' lang='lat' dir='ltr'><strong>Sentiet,</strong></span> <span class='ocrx_word' id='word_1_294' title='bbox 1654 1942 1861 2015; x_wconf 81' lang='lat' dir='ltr'>reliqui.</span> <span class='ocrx_word' id='word_1_295' title='bbox 1882 1944 1995 1997; x_wconf 81' lang='lat' dir='ltr'><strong>Nec</strong></span> <span class='ocrx_word' id='word_1_296' title='bbox 2018 1946 2073 1997; x_wconf 83' lang='lat' dir='ltr'><strong>in</strong></span> <span class='ocrx_word' id='word_1_297' title='bbox 2098 1945 2301 2019; x_wconf 79' lang='lat' dir='ltr'><strong>aqendo</strong></span> <span class='ocrx_word' id='word_1_298' title='bbox 2324 1964 2414 1999; x_wconf 88' lang='lat' dir='ltr'><strong>co-</strong></span> 
     </span>
    </p>
   </div>
   <div class='ocr_carea' id='block_1_7' title="bbox 1400 2022 2230 2099">
    <p class='ocr_par' dir='ltr' id='par_1_8' title="bbox 1400 2022 2230 2099">
     <span class='ocr_line' id='line_1_47' title="bbox 1400 2022 2230 2099; baseline 0 -23"><span class='ocrx_word' id='word_1_299' title='bbox 1400 2024 1648 2099; x_wconf 57' lang='lat' dir='ltr'><strong>quendo,</strong></span> <span class='ocrx_word' id='word_1_300' title='bbox 1673 2022 1834 2075; x_wconf 85' lang='lat' dir='ltr'><strong>Goth.</strong></span> <span class='ocrx_word' id='word_1_301' title='bbox 1862 2022 1994 2093; x_wconf 81' lang='lat' dir='ltr'><strong>(tac.</strong></span> <span class='ocrx_word' id='word_1_302' title='bbox 2020 2024 2230 2095; x_wconf 85' lang='lat' dir='ltr'><strong>Gesn.).</strong></span> 
     </span>
    </p>
   </div>
   <div class='ocr_carea' id='block_1_8' title="bbox 1406 2099 2420 3512">
    <p class='ocr_par' dir='ltr' id='par_1_9' title="bbox 1406 2099 2420 3512">
     <span class='ocr_line' id='line_1_48' title="bbox 1476 2099 2419 2173; baseline 0.008 -25"><span class='ocrx_word' id='word_1_303' title='bbox 1476 2100 1524 2167; x_wconf 72' lang='grc'><strong>4.</strong></span> <span class='ocrx_word' id='word_1_304' title='bbox 1543 2100 1828 2173; x_wconf 76' lang='lat' dir='ltr'><strong>Coqt&#39;tando</strong></span> <span class='ocrx_word' id='word_1_305' title='bbox 1844 2099 2100 2154; x_wconf 73' lang='lat' dir='ltr'><strong>laborabit</strong></span> <span class='ocrx_word' id='word_1_306' title='bbox 2109 2124 2127 2163; x_wconf 84' lang='lat'><strong>‚-</strong></span> <span class='ocrx_word' id='word_1_307' title='bbox 2149 2106 2224 2155; x_wconf 76' lang='lat' dir='ltr'><strong>sic</strong></span> <span class='ocrx_word' id='word_1_308' title='bbox 2233 2105 2419 2164; x_wconf 53' lang='lat' dir='ltr'><strong>Turic„</strong></span> 
     </span>
     <span class='ocr_line' id='line_1_49' title="bbox 1406 2178 2420 2253; baseline 0.005 -22"><span class='ocrx_word' id='word_1_309' title='bbox 1406 2180 1544 2232; x_wconf 85' lang='lat' dir='ltr'><strong>Flor.</strong></span> <span class='ocrx_word' id='word_1_310' title='bbox 1570 2181 1701 2250; x_wconf 84' lang='lat' dir='ltr'><strong>(nisi</strong></span> <span class='ocrx_word' id='word_1_311' title='bbox 1724 2178 1867 2252; x_wconf 85' lang='lat' dir='ltr'><strong>quod</strong></span> <span class='ocrx_word' id='word_1_312' title='bbox 1898 2178 2055 2232; x_wconf 76' lang='lat' dir='ltr'><strong>solito</strong></span> <span class='ocrx_word' id='word_1_313' title='bbox 2083 2194 2305 2253; x_wconf 85' lang='lat' dir='ltr'><strong>uterque</strong></span> <span class='ocrx_word' id='word_1_314' title='bbox 2330 2202 2420 2236; x_wconf 85' lang='lat' dir='ltr'><strong>er·</strong></span> 
     </span>
     <span class='ocr_line' id='line_1_50' title="bbox 1406 2257 2412 2333; baseline 0.004 -22"><span class='ocrx_word' id='word_1_315' title='bbox 1406 2277 1526 2311; x_wconf 83' lang='lat' dir='ltr'><strong>rore</strong></span> <span class='ocrx_word' id='word_1_316' title='bbox 1530 2296 1644 2311; x_wconf 92' lang='grc'><strong>......</strong></span> <span class='ocrx_word' id='word_1_317' title='bbox 1651 2257 1753 2330; x_wconf 81' lang='lat' dir='ltr'><strong>vit)</strong></span> <span class='ocrx_word' id='word_1_318' title='bbox 1765 2280 1781 2321; x_wconf 81' lang='lat'><strong>,-</strong></span> <span class='ocrx_word' id='word_1_319' title='bbox 1818 2259 1889 2311; x_wconf 82' lang='lat' dir='ltr'><strong>ita</strong></span> <span class='ocrx_word' id='word_1_320' title='bbox 1923 2261 2160 2313; x_wconf 80' lang='lat' dir='ltr'><strong>inserunt</strong></span> <span class='ocrx_word' id='word_1_321' title='bbox 2185 2261 2412 2333; x_wconf 82' lang='lat' dir='ltr'><strong>reliqui,</strong></span> 
     </span>
     <span class='ocr_line' id='line_1_51' title="bbox 1406 2339 2414 2413; baseline 0.005 -24"><span class='ocrx_word' id='word_1_322' title='bbox 1406 2339 1687 2392; x_wconf 74' lang='lat' dir='ltr'><strong>manifesto</strong></span> <span class='ocrx_word' id='word_1_323' title='bbox 1722 2341 2003 2410; x_wconf 85' lang='lat' dir='ltr'><strong>repetitum</strong></span> <span class='ocrx_word' id='word_1_324' title='bbox 2034 2359 2098 2393; x_wconf 79' lang='lat' dir='ltr'><strong>ex</strong></span> <span class='ocrx_word' id='word_1_325' title='bbox 2133 2343 2414 2413; x_wconf 76' lang='lat' dir='ltr'><strong>proximi⁸;</strong></span> 
     </span>
     <span class='ocr_line' id='line_1_52' title="bbox 1407 2416 2418 2491; baseline 0.004 -22"><span class='ocrx_word' id='word_1_326' title='bbox 1407 2435 1727 2489; x_wconf 77' lang='lat' dir='ltr'><strong>quamquam</strong></span> <span class='ocrx_word' id='word_1_327' title='bbox 1743 2416 1933 2470; x_wconf 77' lang='lat' dir='ltr'><strong>Badius</strong></span> <span class='ocrx_word' id='word_1_328' title='bbox 1953 2422 2150 2471; x_wconf 78' lang='lat' dir='ltr'><strong>nonita</strong></span> <span class='ocrx_word' id='word_1_329' title='bbox 2172 2418 2260 2472; x_wconf 87' lang='lat' dir='ltr'><strong>hic</strong></span> <span class='ocrx_word' id='word_1_330' title='bbox 2277 2439 2418 2491; x_wconf 88' lang='lat' dir='ltr'><strong>quo-</strong></span> 
     </span>
     <span class='ocr_line' id='line_1_53' title="bbox 1408 2497 2413 2568; baseline 0.004 -21"><span class='ocrx_word' id='word_1_331' title='bbox 1408 2514 1512 2568; x_wconf 81' lang='lat' dir='ltr'><strong>que</strong></span> <span class='ocrx_word' id='word_1_332' title='bbox 1566 2498 1938 2568; x_wconf 75' lang='lat' dir='ltr'><strong>interpretatur</strong></span> <span class='ocrx_word' id='word_1_333' title='bbox 1994 2516 2101 2551; x_wconf 81' lang='lat' dir='ltr'><strong>non</strong></span> <span class='ocrx_word' id='word_1_334' title='bbox 2164 2497 2413 2551; x_wconf 80' lang='lat' dir='ltr'><strong>multum.</strong></span> 
     </span>
     <span class='ocr_line' id='line_1_54' title="bbox 1411 2574 2413 2645; baseline 0.005 -19"><span class='ocrx_word' id='word_1_335' title='bbox 1411 2574 1565 2645; x_wconf 77' lang='lat' dir='ltr'><strong>Quod</strong></span> <span class='ocrx_word' id='word_1_336' title='bbox 1572 2576 1748 2642; x_wconf 72' lang='lat' dir='ltr'><strong>sciret,</strong></span> <span class='ocrx_word' id='word_1_337' title='bbox 1763 2576 1938 2627; x_wconf 81' lang='lat' dir='ltr'><strong>Turio.</strong></span> <span class='ocrx_word' id='word_1_338' title='bbox 1955 2577 2124 2630; x_wconf 80' lang='lat' dir='ltr'><strong>Totus</strong></span> <span class='ocrx_word' id='word_1_339' title='bbox 2138 2576 2227 2630; x_wconf 85' lang='lat' dir='ltr'><strong>hic</strong></span> <span class='ocrx_word' id='word_1_340' title='bbox 2242 2597 2413 2631; x_wconf 79' lang='lat' dir='ltr'><strong>sermo</strong></span> 
     </span>
     <span class='ocr_line' id='line_1_55' title="bbox 1407 2652 2417 2727; baseline 0.006 -22"><span class='ocrx_word' id='word_1_341' title='bbox 1407 2672 1594 2724; x_wconf 81' lang='lat' dir='ltr'><strong>parum</strong></span> <span class='ocrx_word' id='word_1_342' title='bbox 1637 2652 1844 2706; x_wconf 81' lang='lat' dir='ltr'><strong>videtur</strong></span> <span class='ocrx_word' id='word_1_343' title='bbox 1887 2655 2190 2727; x_wconf 74' lang='lat' dir='ltr'><strong>exploratus</strong></span> <span class='ocrx_word' id='word_1_344' title='bbox 2232 2676 2347 2711; x_wconf 76' lang='lat' dir='ltr'><strong>esse</strong></span> <span class='ocrx_word' id='word_1_345' title='bbox 2384 2676 2417 2710; x_wconf 75' lang='grc' dir='ltr'>ι</span> 
     </span>
     <span class='ocr_line' id='line_1_56' title="bbox 1406 2730 2418 2807; baseline 0.009 -27"><span class='ocrx_word' id='word_1_346' title='bbox 1406 2730 1519 2781; x_wconf 80' lang='lat' dir='ltr'><strong>VV.</strong></span> <span class='ocrx_word' id='word_1_347' title='bbox 1544 2733 1659 2783; x_wconf 90' lang='lat' dir='ltr'><strong>DD.</strong></span> <span class='ocrx_word' id='word_1_348' title='bbox 1693 2733 1827 2800; x_wconf 91' lang='lat' dir='ltr'><strong>Qui,</strong></span> <span class='ocrx_word' id='word_1_349' title='bbox 1853 2751 2015 2805; x_wconf 86' lang='lat' dir='ltr'><strong>quum</strong></span> <span class='ocrx_word' id='word_1_350' title='bbox 2035 2736 2217 2788; x_wconf 76' lang='lat' dir='ltr'><strong>sentiet</strong></span> <span class='ocrx_word' id='word_1_351' title='bbox 2238 2735 2418 2807; x_wconf 78' lang='lat' dir='ltr'><strong>legant</strong></span> 
     </span>
     <span class='ocr_line' id='line_1_57' title="bbox 1411 2814 2419 2887; baseline 0.006 -25"><span class='ocrx_word' id='word_1_352' title='bbox 1411 2828 1620 2877; x_wconf 73' lang='lat' dir='ltr'><strong>omnen,</strong></span> <span class='ocrx_word' id='word_1_353' title='bbox 1638 2814 1952 2864; x_wconf 75' lang='lat' dir='ltr'><strong>continuare</strong></span> <span class='ocrx_word' id='word_1_354' title='bbox 1964 2827 2254 2883; x_wconf 77' lang='lat' dir='ltr'><strong>coguntur,</strong></span> <span class='ocrx_word' id='word_1_355' title='bbox 2270 2814 2419 2887; x_wconf 81' lang='lat' dir='ltr'><strong>quid-</strong></span> 
     </span>
     <span class='ocr_line' id='line_1_58' title="bbox 1411 2888 2419 2960; baseline 0.004 -20"><span class='ocrx_word' id='word_1_356' title='bbox 1411 2888 1537 2960; x_wconf 83' lang='lat' dir='ltr'><strong>quid</strong></span> <span class='ocrx_word' id='word_1_357' title='bbox 1552 2888 1640 2941; x_wconf 83' lang='lat' dir='ltr'><strong>hic</strong></span> <span class='ocrx_word' id='word_1_358' title='bbox 1658 2888 1900 2941; x_wconf 79' lang='lat' dir='ltr'><strong>tribuitur</strong></span> <span class='ocrx_word' id='word_1_359' title='bbox 1915 2892 2026 2942; x_wconf 83' lang='lat' dir='ltr'><strong>viro</strong></span> <span class='ocrx_word' id='word_1_360' title='bbox 2051 2889 2225 2956; x_wconf 88' lang='lat' dir='ltr'><strong>bono,</strong></span> <span class='ocrx_word' id='word_1_361' title='bbox 2244 2905 2297 2943; x_wconf 87' lang='lat' dir='ltr'><strong>et</strong></span> <span class='ocrx_word' id='word_1_362' title='bbox 2316 2891 2419 2944; x_wconf 74' lang='lat' dir='ltr'><strong>noli</strong></span> 
     </span>
     <span class='ocr_line' id='line_1_59' title="bbox 1408 2967 2420 3039; baseline 0.003 -20"><span class='ocrx_word' id='word_1_363' title='bbox 1408 2969 1713 3038; x_wconf 83' lang='lat' dir='ltr'><strong>pronomini</strong></span> <span class='ocrx_word' id='word_1_364' title='bbox 1746 2967 1842 3039; x_wconf 76' lang='lat' dir='ltr'><strong>qui</strong></span> <span class='ocrx_word' id='word_1_365' title='bbox 1878 2968 2173 3039; x_wconf 74' lang='lat' dir='ltr'><strong>applicare,</strong></span> <span class='ocrx_word' id='word_1_366' title='bbox 2208 2981 2268 3020; x_wconf 88' lang='lat' dir='ltr'><strong>ut</strong></span> <span class='ocrx_word' id='word_1_367' title='bbox 2295 2987 2420 3022; x_wconf 81' lang='lat' dir='ltr'><strong>ver·</strong></span> 
     </span>
     <span class='ocr_line' id='line_1_60' title="bbox 1408 3045 2418 3120; baseline 0.004 -23"><span class='ocrx_word' id='word_1_368' title='bbox 1408 3045 1535 3097; x_wconf 88' lang='lat' dir='ltr'><strong>bum</strong></span> <span class='ocrx_word' id='word_1_369' title='bbox 1568 3047 1743 3116; x_wconf 76' lang='lat' dir='ltr'><strong>ipsum</strong></span> <span class='ocrx_word' id='word_1_370' title='bbox 1771 3047 2041 3099; x_wconf 76' lang='lat' dir='ltr'><strong>sententiae</strong></span> <span class='ocrx_word' id='word_1_371' title='bbox 2067 3047 2418 3120; x_wconf 84' lang='lat' dir='ltr'><strong>repetendum</strong></span> 
     </span>
     <span class='ocr_line' id='line_1_61' title="bbox 1407 3122 2415 3200; baseline 0.003 -22"><span class='ocrx_word' id='word_1_372' title='bbox 1407 3127 1474 3178; x_wconf 76' lang='lat' dir='ltr'><strong>sit</strong></span> <span class='ocrx_word' id='word_1_373' title='bbox 1499 3142 1564 3177; x_wconf 83' lang='lat' dir='ltr'><strong>ex</strong></span> <span class='ocrx_word' id='word_1_374' title='bbox 1595 3122 1688 3176; x_wconf 85' lang='lat' dir='ltr'><strong>illo</strong></span> <span class='ocrx_word' id='word_1_375' title='bbox 1721 3125 1857 3177; x_wconf 79' lang='lat' dir='ltr'><strong>dicet</strong></span> <span class='ocrx_word' id='word_1_376' title='bbox 1887 3127 1942 3178; x_wconf 88' lang='lat' dir='ltr'><strong>in</strong></span> <span class='ocrx_word' id='word_1_377' title='bbox 1971 3130 2258 3197; x_wconf 63' lang='lat' dir='ltr'><strong>quastione</strong></span> <span class='ocrx_word' id='word_1_378' title='bbox 2282 3149 2415 3200; x_wconf 65' lang='grc' dir='ltr'><strong>μη·</strong></span> 
     </span>
     <span class='ocr_line' id='line_1_62' title="bbox 1411 3202 2417 3275; baseline 0.006 -20"><span class='ocrx_word' id='word_1_379' title='bbox 1411 3202 1632 3256; x_wconf 82' lang='lat' dir='ltr'><strong>cedente</strong></span> <span class='ocrx_word' id='word_1_380' title='bbox 1664 3205 1871 3275; x_wconf 77' lang='lat' dir='ltr'><strong>posito,</strong></span> <span class='ocrx_word' id='word_1_381' title='bbox 1908 3207 2057 3275; x_wconf 76' lang='lat' dir='ltr'><strong>quasi</strong></span> <span class='ocrx_word' id='word_1_382' title='bbox 2098 3207 2170 3259; x_wconf 72' lang='lat' dir='ltr'><strong>ita</strong></span> <span class='ocrx_word' id='word_1_383' title='bbox 2202 3207 2277 3259; x_wconf 90' lang='lat' dir='ltr'><strong>illi</strong></span> <span class='ocrx_word' id='word_1_384' title='bbox 2303 3227 2417 3262; x_wconf 69' lang='lat' dir='ltr'><strong>ree-</strong></span> 
     </span>
     <span class='ocr_line' id='line_1_63' title="bbox 1410 3280 2416 3355; baseline 0.005 -21"><span class='ocrx_word' id='word_1_385' title='bbox 1410 3280 1740 3355; x_wconf 77' lang='lat' dir='ltr'><strong>pondeatur:</strong></span> <span class='ocrx_word' id='word_1_386' title='bbox 1773 3304 1796 3328; x_wconf 74' lang='grc' dir='ltr'>ι</span> <span class='ocrx_word' id='word_1_387' title='bbox 1815 3281 1957 3335; x_wconf 77' lang='lat' dir='ltr'><strong>dicet</strong></span> <span class='ocrx_word' id='word_1_388' title='bbox 1972 3284 2180 3355; x_wconf 83' lang='lat' dir='ltr'><strong>quidem</strong></span> <span class='ocrx_word' id='word_1_389' title='bbox 2208 3301 2416 3354; x_wconf 80' lang='lat' dir='ltr'><strong>orator,</strong></span> 
     </span>
     <span class='ocr_line' id='line_1_64' title="bbox 1417 3361 2420 3431; baseline 0.009 -21"><span class='ocrx_word' id='word_1_390' title='bbox 1417 3385 1439 3410; x_wconf 70' lang='lat' dir='ltr'>a</span> <span class='ocrx_word' id='word_1_391' title='bbox 1461 3361 1644 3415; x_wconf 74' lang='lat' dir='ltr'><strong>sedita</strong></span> <span class='ocrx_word' id='word_1_392' title='bbox 1666 3361 1880 3414; x_wconf 85' lang='lat' dir='ltr'><strong>demum</strong></span> <span class='ocrx_word' id='word_1_393' title='bbox 1904 3362 2071 3431; x_wconf 83' lang='lat' dir='ltr'><strong>dicet,</strong></span> <span class='ocrx_word' id='word_1_394' title='bbox 2099 3366 2142 3417; x_wconf 69' lang='lat' dir='ltr'><strong>ti</strong></span> <span class='ocrx_word' id='word_1_395' title='bbox 2167 3366 2324 3418; x_wconf 84' lang='lat' dir='ltr'><strong>fuerit</strong></span> <span class='ocrx_word' id='word_1_396' title='bbox 2340 3369 2420 3419; x_wconf 79' lang='lat' dir='ltr'><strong>vir</strong></span> 
     </span>
     <span class='ocr_line' id='line_1_65' title="bbox 1417 3440 2420 3512; baseline 0.001 -16"><span class='ocrx_word' id='word_1_397' title='bbox 1417 3462 1440 3487; x_wconf 76' lang='lat'>⁸</span> <span class='ocrx_word' id='word_1_398' title='bbox 1460 3440 1661 3506; x_wconf 81' lang='lat' dir='ltr'><strong>bouus,</strong></span> <span class='ocrx_word' id='word_1_399' title='bbox 1688 3443 1806 3512; x_wconf 88' lang='lat' dir='ltr'><strong>qui,</strong></span> <span class='ocrx_word' id='word_1_400' title='bbox 1832 3454 1931 3494; x_wconf 87' lang='lat' dir='ltr'><strong>etc.</strong></span> <span class='ocrx_word' id='word_1_401' title='bbox 1955 3465 1976 3489; x_wconf 80' lang='grc' dir='ltr'><strong>ιι</strong></span> <span class='ocrx_word' id='word_1_402' title='bbox 2015 3445 2074 3495; x_wconf 88' lang='lat' dir='ltr'><strong>In</strong></span> <span class='ocrx_word' id='word_1_403' title='bbox 2110 3442 2212 3496; x_wconf 81' lang='lat' dir='ltr'><strong>hac</strong></span> <span class='ocrx_word' id='word_1_404' title='bbox 2240 3457 2420 3497; x_wconf 82' lang='lat' dir='ltr'><strong>autem</strong></span> 
     </span>
    </p>
   </div>
   <div class='ocr_carea' id='block_1_9' title="bbox 1374 3517 2419 3592">
    <p class='ocr_par' dir='ltr' id='par_1_10' title="bbox 1374 3517 2419 3592">
     <span class='ocr_line' id='line_1_66' title="bbox 1374 3517 2419 3592; baseline 0.005 -22"><span class='ocrx_word' id='word_1_405' title='bbox 1374 3583 1385 3588; x_wconf 84' lang='lat'><strong>-</strong></span> <span class='ocrx_word' id='word_1_406' title='bbox 1411 3517 1504 3571; x_wconf 78' lang='lat' dir='ltr'><strong>ille</strong></span> <span class='ocrx_word' id='word_1_407' title='bbox 1517 3538 1624 3571; x_wconf 91' lang='lat' dir='ltr'><strong>non</strong></span> <span class='ocrx_word' id='word_1_408' title='bbox 1640 3519 1833 3592; x_wconf 77' lang='lat' dir='ltr'><strong>placet,</strong></span> <span class='ocrx_word' id='word_1_409' title='bbox 1847 3522 2026 3592; x_wconf 79' lang='lat' dir='ltr'><strong>positu</strong></span> <span class='ocrx_word' id='word_1_410' title='bbox 2042 3522 2227 3575; x_wconf 81' lang='lat' dir='ltr'><strong>saltem</strong></span> <span class='ocrx_word' id='word_1_411' title='bbox 2242 3541 2419 3575; x_wconf 78' lang='lat' dir='ltr'><strong>aman-</strong></span> 
     </span>
    </p>
   </div>
   <div class='ocr_carea' id='block_1_10' title="bbox 1411 3597 2474 4229">
    <p class='ocr_par' dir='ltr' id='par_1_11' title="bbox 1411 3597 2474 4229">
     <span class='ocr_line' id='line_1_67' title="bbox 1411 3597 2414 3672; baseline 0.006 -23"><span class='ocrx_word' id='word_1_412' title='bbox 1411 3597 1645 3650; x_wconf 80' lang='lat' dir='ltr'><strong>dandum</strong></span> <span class='ocrx_word' id='word_1_413' title='bbox 1669 3611 1791 3670; x_wconf 74' lang='lat' dir='ltr'><strong>post</strong></span> <span class='ocrx_word' id='word_1_414' title='bbox 1812 3598 1996 3665; x_wconf 74' lang='lat' dir='ltr'><strong>bonus,</strong></span> <span class='ocrx_word' id='word_1_415' title='bbox 2024 3615 2075 3652; x_wconf 86' lang='lat' dir='ltr'><strong>et</strong></span> <span class='ocrx_word' id='word_1_416' title='bbox 2100 3619 2166 3654; x_wconf 87' lang='lat' dir='ltr'><strong>ne</strong></span> <span class='ocrx_word' id='word_1_417' title='bbox 2194 3604 2268 3654; x_wconf 76' lang='lat' dir='ltr'><strong>sic</strong></span> <span class='ocrx_word' id='word_1_418' title='bbox 2295 3603 2414 3672; x_wconf 88' lang='lat' dir='ltr'><strong>qui-</strong></span> 
     </span>
     <span class='ocr_line' id='line_1_68' title="bbox 1412 3677 2418 3734; baseline 0.004 -4"><span class='ocrx_word' id='word_1_419' title='bbox 1412 3678 1534 3731; x_wconf 88' lang='lat' dir='ltr'><strong>dem</strong></span> <span class='ocrx_word' id='word_1_420' title='bbox 1557 3679 1683 3730; x_wconf 69' lang='lat' dir='ltr'><strong>satis</strong></span> <span class='ocrx_word' id='word_1_421' title='bbox 1708 3677 1924 3730; x_wconf 76' lang='lat' dir='ltr'><strong>clarum.</strong></span> <span class='ocrx_word' id='word_1_422' title='bbox 1959 3681 2107 3733; x_wconf 82' lang='lat' dir='ltr'><strong>Hanc</strong></span> <span class='ocrx_word' id='word_1_423' title='bbox 2134 3680 2418 3734; x_wconf 75' lang='lat' dir='ltr'><strong>difficulta-</strong></span> 
     </span>
     <span class='ocr_line' id='line_1_69' title="bbox 1413 3756 2474 3828; baseline 0.002 -19"><span class='ocrx_word' id='word_1_424' title='bbox 1413 3770 1520 3810; x_wconf 88' lang='lat' dir='ltr'><strong>tem</strong></span> <span class='ocrx_word' id='word_1_425' title='bbox 1552 3776 1760 3809; x_wconf 85' lang='lat' dir='ltr'><strong>mecum</strong></span> <span class='ocrx_word' id='word_1_426' title='bbox 1790 3759 1879 3828; x_wconf 89' lang='lat' dir='ltr'><strong>qui</strong></span> <span class='ocrx_word' id='word_1_427' title='bbox 1909 3762 2156 3827; x_wconf 78' lang='lat' dir='ltr'><strong>senserit,</strong></span> <span class='ocrx_word' id='word_1_428' title='bbox 2201 3773 2416 3813; x_wconf 76' lang='lat' dir='ltr'><strong>senten-</strong></span> <span class='ocrx_word' id='word_1_429' title='bbox 2469 3756 2474 3761; x_wconf 62' lang='grc'>’</span> 
     </span>
     <span class='ocr_line' id='line_1_70' title="bbox 1414 3837 2417 3909; baseline 0.002 -20"><span class='ocrx_word' id='word_1_430' title='bbox 1414 3839 1542 3890; x_wconf 75' lang='lat' dir='ltr'><strong>tiam</strong></span> <span class='ocrx_word' id='word_1_431' title='bbox 1579 3838 1835 3906; x_wconf 76' lang='lat' dir='ltr'><strong>integram</strong></span> <span class='ocrx_word' id='word_1_432' title='bbox 1869 3839 1922 3890; x_wconf 89' lang='lat' dir='ltr'><strong>in</strong></span> <span class='ocrx_word' id='word_1_433' title='bbox 1965 3837 2109 3892; x_wconf 71' lang='lat' dir='ltr'><strong>hisce</strong></span> <span class='ocrx_word' id='word_1_434' title='bbox 2153 3841 2417 3909; x_wconf 77' lang='lat' dir='ltr'><strong>requiret,</strong></span> 
     </span>
     <span class='ocr_line' id='line_1_71' title="bbox 1415 3915 2416 3986; baseline 0.001 -19"><span class='ocrx_word' id='word_1_435' title='bbox 1415 3915 1577 3968; x_wconf 82' lang='lat' dir='ltr'><strong>verbo</strong></span> <span class='ocrx_word' id='word_1_436' title='bbox 1593 3932 1691 3968; x_wconf 83' lang='lat' dir='ltr'><strong>suo</strong></span> <span class='ocrx_word' id='word_1_437' title='bbox 1707 3915 1986 3986; x_wconf 80' lang='lat' dir='ltr'><strong>principali</strong></span> <span class='ocrx_word' id='word_1_438' title='bbox 1999 3934 2108 3968; x_wconf 88' lang='lat' dir='ltr'><strong>non</strong></span> <span class='ocrx_word' id='word_1_439' title='bbox 2124 3928 2416 3980; x_wconf 73' lang='lat' dir='ltr'><strong>carentem3</strong></span> 
     </span>
     <span class='ocr_line' id='line_1_72' title="bbox 1417 3996 2423 4068; baseline 0.001 -20"><span class='ocrx_word' id='word_1_440' title='bbox 1417 4013 1585 4065; x_wconf 77' lang='lat' dir='ltr'><strong>eaque</strong></span> <span class='ocrx_word' id='word_1_441' title='bbox 1613 3996 1906 4067; x_wconf 79' lang='lat' dir='ltr'><strong>potiemur,</strong></span> <span class='ocrx_word' id='word_1_442' title='bbox 1952 3997 1996 4048; x_wconf 85' lang='lat' dir='ltr'><strong>si</strong></span> <span class='ocrx_word' id='word_1_443' title='bbox 2031 4014 2129 4068; x_wconf 85' lang='lat' dir='ltr'><strong>pro</strong></span> <span class='ocrx_word' id='word_1_444' title='bbox 2158 3996 2246 4049; x_wconf 73' lang='lat' dir='ltr'><strong>sed</strong></span> <span class='ocrx_word' id='word_1_445' title='bbox 2279 3996 2423 4068; x_wconf 81' lang='lat' dir='ltr'><strong>quod</strong></span> 
     </span>
     <span class='ocr_line' id='line_1_73' title="bbox 1417 4074 2423 4148; baseline -0.001 -18"><span class='ocrx_word' id='word_1_446' title='bbox 1417 4076 1536 4130; x_wconf 72' lang='lat' dir='ltr'><strong>sciet</strong></span> <span class='ocrx_word' id='word_1_447' title='bbox 1555 4074 1911 4146; x_wconf 68' lang='lat' dir='ltr'><strong>scripserimus</strong></span> <span class='ocrx_word' id='word_1_448' title='bbox 1930 4085 1980 4126; x_wconf 82' lang='lat' dir='ltr'><strong>et</strong></span> <span class='ocrx_word' id='word_1_449' title='bbox 1996 4094 2046 4148; x_wconf 86' lang='lat' dir='ltr'><strong>q.</strong></span> <span class='ocrx_word' id='word_1_450' title='bbox 2067 4095 2107 4129; x_wconf 81' lang='lat' dir='ltr'><strong>s.</strong></span> <span class='ocrx_word' id='word_1_451' title='bbox 2133 4075 2275 4129; x_wconf 86' lang='lat' dir='ltr'><strong>unde</strong></span> <span class='ocrx_word' id='word_1_452' title='bbox 2297 4076 2423 4148; x_wconf 71' lang='lat' dir='ltr'><strong>legi-</strong></span> 
     </span>
     <span class='ocr_line' id='line_1_74' title="bbox 1418 4155 2419 4229; baseline 0.003 -22"><span class='ocrx_word' id='word_1_453' title='bbox 1418 4159 1543 4225; x_wconf 73' lang='lat' dir='ltr'><strong>tima</strong></span> <span class='ocrx_word' id='word_1_454' title='bbox 1564 4155 1651 4207; x_wconf 81' lang='lat' dir='ltr'><strong>ina</strong></span> <span class='ocrx_word' id='word_1_455' title='bbox 1677 4168 1921 4207; x_wconf 72' lang='lat' dir='ltr'><strong>nascetur</strong></span> <span class='ocrx_word' id='word_1_456' title='bbox 1938 4156 2250 4229; x_wconf 78' lang='lat' dir='ltr'><strong>copularum</strong></span> <span class='ocrx_word' id='word_1_457' title='bbox 2270 4177 2419 4216; x_wconf 80' lang='lat' dir='ltr'><strong>nec...</strong></span> 
     </span>
    </p>
   </div>
   <div class='ocr_carea' id='block_1_11' title="bbox 1421 4232 2425 4398">
    <p class='ocr_par' dir='ltr' id='par_1_12' title="bbox 1421 4232 2425 4398">
     <span class='ocr_line' id='line_1_75' title="bbox 1421 4232 2425 4309; baseline 0.008 -24"><span class='ocrx_word' id='word_1_458' title='bbox 1421 4246 1473 4293; x_wconf 73' lang='lat' dir='ltr'><strong>et</strong></span> <span class='ocrx_word' id='word_1_459' title='bbox 1487 4247 1765 4304; x_wconf 71' lang='lat' dir='ltr'><strong>structura.</strong></span> <span class='ocrx_word' id='word_1_460' title='bbox 1782 4232 1865 4290; x_wconf 77' lang='lat' dir='ltr'><strong>Sic</strong></span> <span class='ocrx_word' id='word_1_461' title='bbox 1878 4237 2219 4309; x_wconf 63' lang='lat' dir='ltr'><strong>perceperit...</strong></span> <span class='ocrx_word' id='word_1_462' title='bbox 2238 4238 2425 4294; x_wconf 60' lang='lat' dir='ltr'><strong>sentim</strong></span> 
     </span>
     <span class='ocr_line' id='line_1_76' title="bbox 2117 4340 2182 4398; baseline 0 0"><span class='ocrx_word' id='word_1_463' title='bbox 2117 4340 2182 4398; x_wconf 79' lang='lat'><strong>²9</strong></span> 
     </span>
    </p>
   </div>
  </div>
 </body>
</html>
