3200 5159
680 416 1331 491 INSTITUTIONIS
1366 417 1623 482 ORAT.
1664 420 1826 483 LIB.
1861 420 1986 499 xl3
2030 422 2090 486 3.

2306 427 2422 493 321

339 540 636 640 inceptio
660 557 719 630 ¹,
766 563 886 616 aut
946 539 1270 614 transitus
1327 539 1705 639 postulabit
1750 571 1766 614 :
1824 563 1901 614 ut
1956 544 2078 643 qui
2136 546 2429 645 singulis

336 657 715 755 pinxerunt
753 656 1129 746 coloribus,
1168 654 1301 728 alia
1330 677 1565 728 tamen
1600 657 2062 731 eminentiora
2077 674 2131 751 ²,
2166 663 2300 735 alia
2330 690 2436 737 re-

336 772 651 851 ductiora
692 774 1045 860 fecerunt,
1090 770 1237 842 sine
1271 797 1412 869 quo
1454 797 1544 842 ne
1578 771 1916 844 membris
1947 774 2235 870 quidem
2279 802 2435 852 suas

338 886 558 959 lineas
605 886 971 960 dedissent.
1022 889 1502 984 Proponamus
1548 884 1738 957 enim
1783 886 1987 960 nobis
2020 888 2194 961 illud
2228 892 2434 966 Cice—
2485 920 2550 991 47

341 1000 528 1073 ronis
560 1000 635 1071 in
668 1001 980 1073 oratione
1010 997 1490 1071 nobilissima3
1524 1025 1650 1098 pro
1671 1000 1938 1074 Milone
1966 1003 2392 1105 principium
2415 1066 2436 1101 ,

338 1147 577 1194 nonne
611 1119 700 1192 ad
733 1120 1041 1220 singulas
1075 1144 1274 1218 paene
1318 1115 1821 1206 distinctiones,
1866 1120 2179 1215 quamvis
2211 1122 2285 1193 in
2321 1150 2440 1195 ea-

342 1234 505 1313 dem
529 1232 561 1296 4
602 1235 777 1309 facie
801 1293 822 1326 ‚
869 1256 1110 1307 tamen
1157 1229 1355 1330 quasi
1394 1230 1631 1302 vultus
1669 1233 2052 1304 mutandus
2091 1235 2244 1307 est?
2285 1240 2438 1311 Etsi

341 1379 611 1439 uereor,
641 1352 939 1451 judices,
977 1365 1290 1446 rie-,turpe
1317 1350 1432 1433 sit,
1467 1372 1598 1446 pro
1625 1347 2008 1443 fortissimo
2039 1355 2189 1422 viro
2217 1352 2441 1425 dicere

346 1474 779 1569 incipientem
833 1472 1083 1539 timere.
1142 1460 1475 1536 Etiamsi⁵
1525 1484 1671 1535 toto
1724 1466 2074 1564 proposito
2121 1487 2439 1542 contrac-
2486 1490 2555 1557 48

346 1682 450 1748 tiis,
469 1694 529 1734 ut
547 1684 601 1734 in
619 1682 1006 1753 compositione
1019 1676 1152 1751 (IX,
1167 1679 1221 1746 4.,
1238 1676 1350 1748 62),

344 1763 418 1812 ita
456 1763 510 1813 in
540 1758 996 1835 pronunciatione.
1042 1761 1229 1829 Neque
1273 1759 1350 1809 ei-

344 1837 467 1890 dem
491 1839 751 1890 assentior
767 1837 1139 1909 depositionem
1159 1835 1352 1888 intelli-

344 1920 492 1986 genti
506 1914 638 1968 θέσιν
654 1915 812 1968 talem
827 1953 844 1982 .,
871 1938 892 1961 αι
915 1934 1079 1986 quum
1102 1913 1170 1966 ad
1196 1913 1353 1965 finem

352 2018 376 2042 α
396 1998 657 2049 sententia
679 2014 795 2047 non
812 1995 901 2048 illa
924 1994 1137 2067 quidem
1163 1993 1353 2046 eodem

351 2098 375 2121 ι
394 2073 554 2147 plane
584 2064 771 2127 tenore
794 2075 1088 2145 profertur,
1128 2071 1222 2125 sed
1254 2090 1351 2124 nec

354 2176 379 2201 α
398 2156 771 2226 praecipitntur‚
795 2153 889 2207 sed
917 2152 1191 2205 moderato
1217 2171 1352 2223 quo-

355 2256 379 2279 ·
400 2232 521 2284 dam
545 2232 683 2285 flexu
706 2246 759 2285 et
780 2231 1123 2284 inclinatione
1147 2229 1357 2300 deponi·

352 2336 378 2359 ι
400 2322 501 2363 tur.
523 2336 546 2361 ιι
572 2314 686 2364 Hoc
704 2310 904 2365 clarum
932 2329 1045 2363 esse
1064 2312 1223 2363 αξιοι
1241 2310 1353 2360 istis

345 2393 398 2461 s.
418 2392 506 2456 38,
522 2393 834 2464 deponam...
850 2389 1120 2443 exordium
1125 2389 1352 2461 faciam.

347 2470 607 2542 Equidem
634 2470 709 2522 ibi
732 2469 937 2523 nullum
960 2468 1153 2520 flexum
1174 2467 1320 2518 vocis
1337 2504 1355 2533 ,

348 2568 526 2621 neque
567 2549 857 2622 quidquam
895 2548 1166 2619 proprium
1199 2544 1353 2599 video

349 2627 642 2681 artificiosae
700 2628 1157 2701 pronunciationis
1180 2663 1199 2692 ‚
1261 2624 1357 2677 sed

346 2708 564 2780 plenam
589 2726 773 2761 sensns
796 2705 1115 2760 enunciandi
1137 2705 1357 2757 conclu·

351 2788 554 2839 sionem
565 2824 581 2851 .,
599 2784 778 2838 maiar
799 2781 995 2849 ηημιῖν
1011 2782 1267 2834 diversam
1285 2780 1355 2833 ab

350 2863 642 2932 ὖτοστιγμὶἷ.
678 2864 1066 2917 Sententiarum
1103 2860 1355 2935 depositio

350 2956 433 2997 est
456 2942 550 2996 ubi
573 2942 749 2995 nullus
785 2940 843 2993 fit
875 2941 1141 3000 transitus,·
1180 2957 1356 3009 neque

350 3024 495 3076 enim
528 3034 647 3074 ante
679 3020 823 3075 hunc
857 3020 1014 3092 plane
1045 3017 1356 3089 deponenda

348 3117 486 3163 vox,
518 3097 611 3150 sed
631 3097 1013 3170 suspenderam
1052 3094 1197 3167 quod
1231 3094 1358 3147 mihi

350 3175 565 3231 ostendi
581 3176 790 3229 videtur
812 3176 905 3228 illo
920 3176 1042 3246 'ipso
1057 3212 1074 3241 ‚
1099 3191 1208 3247 quo
1226 3174 1357 3226 Ges-

348 3276 514 3311 ner-us
539 3275 636 3309 nos
659 3257 901 3321 remittit,
926 3255 1064 3307 loco.

434 3352 479 3386 ι.
502 3334 759 3405 Inceptio.
782 3335 957 3386 Tui-ic.
993 3332 1133 3382 Flor.
1160 3332 1320 3383 Ciu».
1338 3369 1356 3397 ‚

352 3411 685 3484 interceptio,
708 3430 831 3463 oum
852 3409 1044 3464 Almel.
1065 3407 1232 3471 ma‘le3
1257 3428 1357 3461 vox

350 3491 525 3566 proba
546 3490 768 3564 inceptio
791 3502 845 3542 et
863 3489 1021 3561 hujus
1043 3488 1164 3540 loci.
1190 3487 1356 3540 Modo

351 3570 697 3643 depropositio
711 3609 731 3637 ,
758 3569 939 3621 Ambr.
967 3587 1016 3621 2.
1041 3567 1321 3639 Dispositio
1338 3605 1356 3631 ,

350 3648 515 3703 Goth.
529 3650 718 3702 Omnia
742 3648 855 3701 haec
878 3650 1071 3700 omittit
1084 3646 1355 3699 Guelferb.

351 3740 454 3782 ant
481 3730 821 3782 verborum...
863 3727 1229 3780 sententiarum
1260 3744 1359 3776 na-

352 3820 476 3861 tura
512 3810 648 3860 inter
682 3807 792 3859 duo
828 3817 939 3859 aut.
982 3802 1178 3859 solitus
1216 3823 1361 3856 error

348 3885 646 3961 postulavit
672 3888 727 3939 in
750 3887 927 3939 Turic.
956 3885 1096 3936 Flor.
1126 3882 1251 3936 Alia
1285 3902 1364 3936 re·

352 3965 595 4018 auctiora
624 3965 876 4016 omittunt
898 3963 1055 4016 iidem
1079 3981 1200 4014 cum
1227 3962 1361 4014 Alm.

356 4040 701 4094 Subductiora
743 4040 835 4092 dat
873 4041 1036 4093 Cant».
1058 4041 1146 4080 “-
1185 4041 1367 4093 Nosti-i

356 4119 563 4186 Godd.‚
589 4120 830 4191 inceptio.
860 4120 952 4171 En.

611 4208 663 4277 4.

1506 1695 1554 1730 2.
1574 1677 1992 1734 Eminentiora...
2012 1680 2319 1734 reductiora.
2345 1686 2438 1739 His
2533 1752 2540 1757 Ι

1432 1757 1753 1811 illustrandis
1777 1774 1963 1831 praeter
1989 1760 2090 1813 alia
2115 1764 2288 1815 minus
2311 1783 2441 1835 pro-

1432 1837 1547 1908 pria
1570 1836 1788 1888 adhibet
1809 1840 2136 1891 Burmannus
2153 1843 2232 1906 114
2252 1859 2331 1909 17,
2353 1861 2379 1895 2
2395 1860 2441 1909 1,

1435 1934 1542 1988 quo
1564 1915 1683 1967 loco
1699 1919 1924 1970 eminere
1941 1932 1992 1971 et
2009 1919 2235 1971 recedere
2252 1920 2443 1973 dicun-

1434 2007 1520 2045 tur
1539 1994 1779 2065 quiedam
1800 1997 1853 2046 in
1871 2014 2031 2067 opere
2051 1999 2293 2067 pieton-1⁸3
2314 2002 2440 2051 item

1434 2073 1674 2126 Philostr-
1713 2077 1768 2127 in
1799 2077 1905 2127 vita
1933 2074 2106 2145 Apoll.
2145 2080 2218 2145 11,
2254 2088 2347 2144 203
2383 2075 2442 2130 ‘ro‘

1434 2150 1609 2218 σι’σὸχον
1631 2156 1683 2206 'et
1707 2151 1896 2220 ι’ξίχοϊ,
1926 2153 2021 2205 nbi
2041 2154 2280 2209 Olearius
2303 2159 2444 2209 Nos·

1434 2244 1519 2283 tro
1544 2244 1725 2283 utatur
1747 2232 1890 2303 (vide
1901 2233 2046 2298 vm,
2062 2233 2124 2300 5,
2144 2235 2248 2303 29).
2269 2225 2441 2288 Ρῑοωὲ

1433 2330 1503 2362 1·oe
1521 2311 1782 2364 vocabula
1803 2314 2116 2383 peritissime
2140 2317 2439 2386 usurpavit3

1432 2388 1551 2442 vide
1564 2391 1711 2454 vm,
1735 2391 1800 2456 3,
1828 2388 1912 2443 25.

1510 2469 1560 2521 3.
1586 2469 1935 2522 Nobilissima.
1952 2470 2129 2523 Tur-ic.
2155 2471 2324 2538 Flora,
2348 2491 2456 2531 nos

1436 2551 1667 2613 vicima,
1694 2566 1817 2599 cum
1839 2547 2026 2600 Almel.
2056 2546 2221 2602 Modo
2245 2552 2439 2618 cana,

1436 2632 1824 2705 Proeponamus.
1845 2630 1943 2680 Pro
1948 2629 2096 2700 facie
2108 2629 2246 2682 idem
2251 2630 2440 2699 facile.

1435 2708 1572 2760 Flor.
1609 2721 1784 2759 antem
1818 2725 1917 2777 pro
1936 2707 2141 2779 judices
2171 2708 2261 2760 dat
2293 2708 2440 2761 vidit.

1433 2788 1700 2838 -Nostri
1724 2784 1920 2849 codd„
1945 2786 2277 2838 nobilissima.
2309 2789 2400 2840 En.

1508 2865 1556 2930 4.
1584 2864 1652 2914 In
1676 2862 1854 2913 eadem
1869 2861 2046 2933 facie,
2073 2876 2304 2929 tamen...
2327 2864 2443 2916 vul-

1437 2954 1531 2995 tus.
1558 2943 1778 3011 Egregie
1816 2954 1869 2992 et
1904 2944 2129 2994 maxima
2155 2961 2277 3012 cum
2311 2962 2441 3015 pro-

1434 3023 1659 3092 prietate
1687 3033 2034 3090 opponuntur
2048 3019 2221 3090 facies
2247 3034 2299 3072 et
2326 3022 2442 3073 vul-

1438 3110 1514 3152 tus
1540 3099 1741 3167 (magis
1780 3097 1992 3167 quidem
2026 3117 2182 3168 quam
2200 3101 2360 3171 frons
2388 3116 2444 3155 et

1425 3177 1619 3249 facies,
1639 3178 1726 3242 IV,
1749 3193 1794 3240 ι,
1812 3175 1923 3245 42),
1949 3188 2000 3227 et
2021 3175 2172 3240 hinc,
2198 3178 2344 3247 quod
2363 3193 2441 3229 ta-

1437 3272 1557 3306 men
1582 3272 1691 3305 non
1716 3251 1851 3303 adeo
1875 3254 2239 3317 manifestum,
2259 3257 2442 3309 suade
2547 3296 2553 3307 .

1438 3328 1589 3384 vulta
1635 3346 1688 3383 et
1721 3330 1870 3401 facie
1913 3332 2200 3400 sumpsisse
2237 3334 2442 3386 Vallum

1436 3410 1647 3480 (Elegg.
1677 3410 1766 3472 lv,
1798 3408 1887 3473 13,
1910 3427 1968 3479 p.
1994 3409 2121 3479 315)
2142 3413 2442 3481 suspicatur

1438 3487 1644 3542 Badius.

1511 3570 1559 3622 5.
1579 3566 1806 3620 Etiamsi
1826 3576 1959 3627 toto,·
1983 3570 2058 3619 sie
2075 3567 2237 3620 Cam.
2259 3571 2440 3622 Etiam

1440 3659 1574 3712 toto,
1597 3648 1773 3698 Tui-ic.
1809 3646 1949 3698 Flor.
1984 3665 2105 3698 cum
2129 3648 2265 3699 Alm.
2301 3649 2444 3701 Reli-

1439 3728 1532 3797 qui
1558 3728 1798 3778 inserunt
1820 3736 1906 3777 est.
1933 3726 2061 3778 Mox
2081 3729 2406 3781 commissum
2421 3768 2441 3795 ‚

1438 3807 1615 3863 Turio.
1650 3803 1788 3856 Flor.
1823 3805 1987 3855 Cam».
2022 3823 2143 3857 cum
2169 3806 2301 3859 Alm.
2342 3811 2441 3859 Pro

1442 3883 1572 3955 quia
1596 3884 1774 3935 Tui-ic.
1812 3881 1951 3935 Flor.
1987 3900 2119 3954 quoe.
2155 3885 2336 3938 Ambr.
2381 3904 2443 3954 2,

1441 3958 1650 4025 Guelf.‚
1679 3978 1804 4032 qua.
1834 3962 2024 4025 Caum,
2048 3962 2206 4033 quod.
2233 3966 2445 4018 Postre-

1443 4057 1560 4091 mus
1583 4057 1705 4090 cum
1730 4037 1852 4090 edd.
1878 4050 1998 4089 ante
2022 4037 2138 4089 Ald.
2166 4055 2289 4110 post
2316 4061 2446 4093 con-

1438 4118 1770 4188 junctionem
1817 4117 2011 4167 omittit
2055 4127 2133 4183 et,
2179 4119 2332 4171 male.
2375 4148 2448 4167 -2

2103 4222 2160 4256 21
