3200 5159
756 429 798 494 6
1567 427 2038 492 EDITORIS
2138 463 2146 470 ·

763 572 995 637 «enim
1044 572 1354 658 utrinque
1397 567 1864 657 marginibus);
1912 587 2133 657 neque
2179 584 2357 631 extra
2399 567 2858 658 praescriptum

763 717 790 746 κ
813 688 1057 778 poterit
1086 683 1343 775 egredi3
1375 702 1442 750 et
1469 685 1751 751 celerius
1780 707 1857 750 ac
1880 684 2121 773 saepius
2146 681 2490 774 sequendo
2516 701 2694 750 certa
2717 683 2860 749 v‘es·

763 831 791 861 a
813 803 971 890 tigia
994 799 1306 868 formabit
1332 799 1676 879 articulos;
1711 822 1934 890 neque
1974 798 2195 888 egebit
2227 795 2560 890 adjutorio
2589 819 2861 863 manum

765 949 791 978 α
816 944 1000 985 suam
1056 943 1257 985 manu
1311 918 1820 1008 superimposita
1870 917 2181 1006 regentis.
2212 947 2239 975 n
2295 911 2396 981 Ad
2453 915 2596 981 haec
2653 938 2863 1006 quum

755 1033 1174 1124 Spaldingius
1207 1034 1572 1114 annotarit,
1610 1031 1772 1122 quid
1809 1033 1939 1100 hoc
1976 1057 2177 1124 neque
2219 1045 2397 1098 extra
2428 1036 2860 1126 praescriptum

751 1153 984 1241 poterit
1009 1147 1227 1239 eqredi
1249 1148 1555 1214 differret
1585 1147 1670 1213 ab
1706 1147 1820 1213 illo
1854 1171 2055 1239 neque
2080 1148 2345 1227 errabit,
2372 1146 2596 1213 dicere
2625 1171 2695 1213 se
2725 1170 2864 1212 non

759 1283 991 1353 posse,
1032 1285 1176 1328 esse
1214 1277 1435 1328 tamen
1479 1262 1548 1327 in
1590 1262 1904 1327 omnihus
1950 1261 2332 1342 codicibus-3
2373 1260 2861 1327 offendiculum

756 1379 1041 1445 removit
1081 1377 1425 1445 Schutzius
1467 1377 1688 1444 verbis
1734 1379 1828 1445 sic
1870 1375 2398 1468 distinguendis:
2449 1377 2618 1442 Nam
2663 1399 2864 1466 neque

759 1494 1019 1572 errabit,
1053 1491 1579 1586 quemadmodum
1617 1498 1681 1558 in
1718 1497 1873 1558 ceris
1906 1493 2351 1579 (continebitur
2377 1493 2544 1559 enim
2572 1495 2864 1580 utrinque

757 1610 1169 1699 marqinibuS,
1209 1635 1410 1701 neque
1436 1623 1616 1677 extra
1648 1614 2077 1702 praescriptum
2105 1612 2336 1703 poterit
2368 1603 2642 1698 eqredi)‚
2672 1619 2734 1671 et
2758 1621 2858 1670 ce-

755 1724 945 1788 lerius
983 1749 1057 1790 ac
1092 1729 1312 1816 soepius
1339 1725 1652 1817 sequendo
1690 1739 1858 1790 certa
1894 1729 2157 1816 vestz'yia
2184 1724 2504 1815 formabit
2540 1721 2853 1788 articulos.

758 1843 834 1905 In
867 1840 1108 1931 quibus
1139 1846 1490 1932 postremis
1531 1842 1901 1931 neglectam
1938 1866 1975 1906 a
2013 1841 2396 1931 Spaldingio
2430 1840 2861 1928 scripturam,

758 1979 953 2045 quam
994 1979 1145 2020 cum
1183 1957 1519 2047 plerisque
1555 1955 1741 2022 libris
1779 1955 1940 2021 Cod.
1969 1956 2192 2022 Turic.
2236 1975 2361 2045 pro
2395 1952 2524 2019 hoc
2543 1950 2866 2044 formabit

757 2071 1027 2136 exhibet
1038 2121 1055 2147 ‚
1059 2072 1353 2163 firmabit
1362 2121 1379 2150 ,
1403 2073 1598 2136 unice
1619 2095 1842 2137 veram
1872 2095 2017 2137 esse
2038 2087 2268 2137 monet
2289 2069 2465 2136 idem
2488 2067 2830 2135 Schutzius
2845 2118 2861 2146 ‚

758 2208 968 2274 quum
987 2186 1190 2276 firma
1227 2209 1438 2275 puero
1478 2210 1714 2251 manus
1754 2202 2108 2276 quaeratur,
2152 2184 2316 2250 dum
2352 2195 2522 2248 certa
2563 2182 2866 2271 sequitur

758 2300 866 2364 illa
885 2302 1155 2388 vestigia
1173 2351 1189 2380 ,
1219 2301 1393 2366 istud
1418 2300 1965 2386 autemfiirmabit
1988 2300 2414 2366 commodum
2443 2320 2710 2365 sensum
2730 2296 2861 2362 hoc

757 2410 906 2476 loco
956 2436 1093 2478 non
1142 2414 1434 2501 praebeat
1462 2437 1476 2478 t
1525 2431 1935 2505 quapropter
1988 2415 2188 2505 hujus
2241 2416 2506 2505 optimae
2547 2397 2861 2477 ‘lectionis

758 2528 1168 2595 mentionem
1191 2529 1469 2596 fecimus
1493 2533 1562 2596 in
1587 2547 1746 2595 nota
1787 2553 1842 2611 1,
1870 2527 1984 2597 lib.
2015 2533 2073 2611 1,
2100 2555 2241 2621 cap.
2280 2556 2334 2610 1,
2360 2530 2418 2620 §-
2453 2551 2556 2616 27.

805 2625 816 2644 ‘
849 2645 970 2710 His
1001 2645 1135 2711 duo
1163 2645 1644 2738 subjungemus
1673 2649 1815 2713 loca
1846 2645 2148 2724 feliciter,
2183 2665 2412 2714 nostro
2446 2643 2721 2737 quidem
2751 2644 2857 2733 ju·

758 2758 932 2825 dicio
950 2811 967 2841 ,
1000 2778 1244 2827 tentata
1273 2788 1311 2828 a
1336 2765 1630 2829 Gustavo
1656 2765 1889 2853 Sarpio
1922 2765 1987 2827 in
2017 2763 2273 2843 libello,
2301 2784 2504 2853 quem
2529 2757 2863 2849 inscripsit

759 2874 1209 2940 Analectorum
1237 2873 1325 2941 ad
1350 2877 1426 2942 G.
1454 2877 1528 2942 L.
1554 2875 1918 2969 Spaldinqii
1938 2877 2026 2942 M.
2055 2878 2208 2941 Fab.
2239 2878 2692 2966 Quintilianum
2713 2899 2854 2965 spe·

759 2994 987 3070 cimen,
1018 2987 1237 3073 Halis‚
1276 2994 1459 3059 1815.
1491 2994 1676 3059 Alter
1705 3011 1804 3060 est
1833 2995 1893 3073 Ι,
1929 3019 2001 3083 9,
2043 2995 2111 3073 3,
2153 2991 2336 3082 Quod
2363 3015 2516 3084 opus
2547 2987 2858 3079 (fabellas

762 3105 984 3193 AEsopi
1019 3105 1333 3172 variando
1364 3108 1788 3196 exprimere),
1815 3111 2004 3173 etiam
2028 3111 2462 3173 consummatis
2482 3085 2858 3198 professori·

758 3220 870 3285 bus
907 3218 1200 3312 difficile,
1241 3226 1355 3313 qui
1386 3221 1704 3288 commode
1745 3227 2141 3305 tractaverit,
2180 3227 2524 3315 cuicunque
2566 3220 2857 3287 discendo

755 3336 1063 3427 sufficiet,
1114 3338 1229 3404 ubi
1277 3343 1713 3404 consummatis
1752 3340 2135 3432 profectibus
2156 3391 2173 3417 ‚
2223 3363 2390 3431 quos
2436 3338 2548 3405 ille
2588 3339 2857 3429 reponit

756 3449 1050 3517 firmatos
1077 3471 1155 3517 ex
1178 3451 1384 3518 altero
1409 3454 1558 3518 loco
1582 3456 1674 3534 X,
1710 3455 1745 3520 5
1762 3503 1779 3534 ,
1818 3459 1892 3536 14
1917 3452 2090 3540 (dum
2117 3453 2418 3520 adolescit
2442 3454 2853 3546 profectus....

754 3589 949 3655 quum
986 3579 1078 3630 est
1111 3572 1626 3654 consummatus),
1668 3569 2108 3658 suffragamur
2142 3568 2374 3657 plane,
2407 3565 2729 3633 ablativos
2758 3582 2855 3631 ta·

754 3703 908 3746 men
951 3683 1172 3770 potius
1221 3707 1417 3774 quam
1461 3682 1717 3751 dativos
1759 3702 2209 3774 agnoscentes.
2239 3685 2477 3750 Verior
2517 3685 2751 3762 etiam,
2797 3681 2851 3747 si

754 3796 956 3863 modo
984 3801 1126 3864 veri
1150 3817 1302 3866 sunt
1327 3800 1596 3890 gradus,
1631 3802 1699 3866 in
1721 3802 1928 3868 altero
1955 3803 2104 3868 loco
2127 3801 2269 3888 (lib.
2301 3801 2360 3879 Ι,
2388 3821 2529 3889 cap.
2560 3803 2628 3881 4,
2659 3791 2853 3889 §.130

754 3912 1019 3981 videtur
1036 3916 1443 4007 conjectura,
1461 3917 1578 3983 ubi
1598 3942 1806 4009 quum
1830 3920 2169 4008 vulgatum
2198 3918 2280 3982 sit
2303 3920 2390 3982 ita
2414 3916 2626 3997 arboS,
2648 3913 2850 3996 laboS,

755 4052 948 4119 vapos
980 4034 1169 4096 etiam
1204 4046 1265 4098 et
1300 4032 1558 4112 clamosi,
1593 4057 1669 4099 ac
1698 4033 1858 4101 lases
1894 4037 2087 4104 oetatis
2102 4033 2406 4125 fuertmt,
2439 4057 2474 4098 e
2505 4032 2678 4098 varia
2712 4030 2847 4096 lec·
