3200 5159
674 496 1329 569 ms‘rrrnTloms
1363 497 2023 583 ORAT.LIB.xl1‚
2074 525 2128 567 t.
2325 510 2454 594 429

352 626 701 699 forensem
743 625 1160 725 quamdam¹
1205 622 1644 696 instituimus
1679 650 2004 723 operam,
2039 651 2169 698 nec
2197 652 2457 701 merce-

341 741 618 814 nariam
672 767 952 831 vocem,
1003 765 1171 830 nec,
1233 758 1313 810 ut
1371 737 1883 838 asperioribus²
1927 739 2153 813 verbis
2206 768 2455 841 parca-

344 882 540 950 mus,
576 884 721 930 non
755 854 1121 929 inutilem-²·
1150 880 1312 926 sane
1347 851 1580 925 litium
1613 854 2024 928 advocatum
2044 912 2064 946 ,
2091 884 2304 955 quem
2332 859 2451 932 de·

347 967 563 1071 nique
593 969 1303 1068 causidicum4.vulgo
1335 989 1584 1041 vocant
1608 967 1670 1060 ⁵3
1708 969 1830 1042 sed
1859 969 2127 1062 virum,
2173 999 2398 1070 quum
2418 972 2450 1019 ⁶

422 1140 467 1176 1.
514 1124 829 1196 Quamdam.
871 1122 1047 1176 Habet
1089 1121 1350 1195 quendam

343 1202 518 1256 Guelf.
554 1202 793 1273 Quadam
812 1241 831 1268 ‚
860 1205 1037 1255 Turio.
1072 1201 1349 1252 Mercenn-

347 1284 429 1335 ria
440 1323 458 1351 ,
477 1282 748 1337 Guelferb.
767 1282 953 1355 Neque
970 1293 1028 1334 ut
1039 1320 1059 1347 ,
1072 1281 1345 1333 Tui-icens.

172 1415 177 1424 ,
224 1367 237 1386 “
346 1363 528 1415 Ambr.
556 1378 584 1415 a
604 1400 620 1429 ‚
654 1361 829 1415 Guelf.
854 1363 1017 1415 ΕΔΗ».
1042 1359 1159 1431 (hic
1183 1373 1237 1412 et
1257 1378 1351 1412 ne-

341 1460 442 1513 que
468 1440 663 1512 mern).
693 1440 934 1513 Asperius
962 1439 1144 1507 verbis,
1167 1439 1346 1491 Turio.

338 1521 573 1574 Florent.

416 1618 465 1653 2.
504 1600 575 1652 Ut
601 1599 951 1674 asperioribus.
972 1638 986 1650 .
1006 1637 1018 1651 .
1048 1616 1342 1670 parcamus.

338 1679 595 1734 Babulam
612 1719 630 1747 ‚
655 1694 715 1732 ut
740 1694 879 1734 recte
902 1693 1083 1732 monet
1107 1679 1344 1733 Pseudo-

339 1758 650 1824 Turnebus‚
678 1758 914 1812 dicturus
947 1771 1075 1811 erat.
1097 1757 1232 1811 Vide
1264 1760 1349 1811 in-

340 1839 420 1891 fra
443 1838 535 1891 lib.
556 1838 687 1904 xn,
710 1857 829 1911 cap.
853 1855 915 1908 9,
946 1836 1101 1909 §.12

410 1916 461 1969 3.
498 1916 623 1969 Νοη
659 1915 898 1968 inutilem
928 1934 1052 1969 sane
1083 1913 1273 1966 litium.
1294 1954 1307 1966 .
1326 1954 1339 1967 .

341 2010 515 2064 quem.
543 1994 719 2045 Turic.
743 1993 913 2060 Flor.,
949 2011 1056 2044 non
1092 1988 1243 2046 utiles
1271 2012 1343 2044 an

337 2067 544 2122 elitium
579 2088 751 2142 quem.
789 2072 866 2122 Ex
901 2070 1091 2124 Almel.
1123 2070 1345 2123 affertur

341 2165 447 2201 non
485 2148 616 2202 utile
648 2168 771 2203 sane
803 2167 992 2223 quem,
1032 2149 1175 2203 unde
1211 2152 1343 2202 Bm»

338 2245 562 2279 mannus
589 2230 805 2301 conjicit
832 2249 884 2282 π.
916 2227 1155 2281 inutilem
1180 2226 1345 2302 piane

334 2304 646 2358 advocatum
674 2326 858 2380 quem,
886 2310 1138 2379 quoniam
1166 2306 1341 2361 litium

335 2384 649 2439 advocatum
677 2405 745 2442 an
773 2400 914 2439 recte
947 2385 1155 2439 dicatur
1181 2386 1340 2439 dubi-

334 2463 553 2517 tandum
577 2467 660 2518 sit.
684 2465 845 2533 Quod
874 2465 1089 2537 quidem
1108 2465 1268 2538 plane
1292 2469 1341 2519 ei

331 2545 623 2610 essentium
654 2545 748 2597 sed
778 2544 1036 2597 medelam
1072 2563 1182 2597 non
1212 2547 1340 2599 item

333 2621 522 2694 probo.
557 2626 695 2676 Nam
729 2623 1039 2676 advocatum
1076 2637 1129 2676 et
1163 2625 1338 2696 ipsum

337 2700 522 2755 abesse
543 2702 611 2755 ab
625 2702 761 2754 Alm.
780 2701 974 2755 oblitus
993 2701 1216 2770 videtur,
1236 2723 1337 2757 nec

333 2779 484 2833 valde
507 2780 754 2834 credulus
779 2800 878 2853 ego
900 2781 977 2834 illi
993 2785 1138 2836 vocis
1158 2783 1337 2836 litium

335 2859 633 2924 omissioni;
651 2858 917 2930 habetque
934 2858 1040 2911 hoc
1061 2862 1217 2913 etiam
1235 2859 1335 2912 dif-

334 2935 620 2991 ficultatem
635 2976 654 3005 ‚
684 2939 829 3010 quod
844 2977 861 3004 ‚
896 2957 1059 3012 quum
1083 2943 1149 2992 sit
1172 2942 1227 2991 in
1248 2939 1335 2993 his

334 3019 639 3072 manifestus
658 3018 726 3072 ad
748 3018 1055 3072 honestiora
1074 3019 1335 3073 vocabula

330 3097 562 3166 reditus,
591 3112 766 3151 tamen
796 3100 1077 3152 advocatus
1111 3112 1205 3152 aut
1232 3118 1336 3170 po·-

334 3178 438 3229 tior
458 3191 538 3231 est
560 3175 699 3247 (vide
722 3180 810 3244 IV,
842 3196 886 3244 ι,
913 3177 995 3249 7),
1027 3191 1118 3231 aut
1146 3176 1333 3230 saltem

332 3275 441 3309 non
459 3258 677 3310 inferior
692 3256 970 3310 causidico.
988 3259 1058 3310 Ut
1076 3275 1187 3309 non
1204 3255 1337 3309 mul-

331 3349 446 3388 tum
467 3336 634 3404 absit,
667 3338 795 3408 quin
818 3349 1022 3390 vetusta
1050 3335 1137 3388 illa
1162 3336 1334 3408 scrip-

330 3428 446 3467 tura
468 3413 664 3467 indicio
683 3429 803 3467 utar
819 3417 964 3468 vocis
989 3411 1218 3488 iitiqium
1242 3412 1332 3484 (ad

328 3494 548 3546 modum
562 3496 844 3567 mancipii)
863 3494 933 3547 de
944 3493 1160 3547 homine
1174 3495 1334 3545 etiam

328 3576 385 3626 in
448 3572 690 3627 familiari
760 3593 1003 3627 sermone
1071 3587 1333 3646 usurpata.-

329 3650 497 3724 (anon
512 3651 697 3706 inutile
716 3672 843 3706 sane
860 3652 1078 3723 litigium
1089 3653 1154 3725 n).
1172 3652 1333 3722 Quod

332 3735 407 3800 si,
427 3747 484 3785 ut
500 3751 600 3804 par
621 3747 727 3800 est,
752 3732 1108 3805 displicuerit,
1126 3731 1245 3785 vide
1263 3751 1335 3784 an

326 3810 693 3883 reponendum
707 3812 948 3865 videatur
959 3810 1133 3864 litium
1153 3811 1336 3864 instru-

326 3890 845 3943 mentum.—-Verba
866 3909 971 3943 non
989 3889 1231 3943 inutilem
1249 3910 1335 3944 sa-

326 3989 397 4022 ne
422 3968 684 4040 adjectum
721 3974 998 4044 requirunt
1030 3988 1227 4023 nomen
1259 3971 1334 4022 rei

321 4053 598 4124 proprium
618 4074 633 4115 ;
671 4070 831 4125 quare
873 4054 1074 4124 optime
1112 4065 1333 4105 eatenus

327 4129 560 4183 decurrit
579 4132 790 4203 vulgata
804 4170 822 4198 ,
850 4134 904 4184 in
923 4130 1069 4184 hunc
1087 4150 1298 4185 sensum
1317 4153 1330 4182 ε

306 4249 313 4257 -
338 4233 360 4258 α
381 4228 480 4264 nec
496 4247 512 4277 ,
554 4228 871 4283 quamquam
912 4209 1025 4264 haec
1068 4210 1209 4263 utilis
1256 4223 1335 4263 est

1439 1142 1462 1167 ιι
1482 1119 1721 1192 alioquin
1753 1139 1982 1193 persona
1999 1157 2016 1187 ‚
2048 1120 2363 1175 advocatum
2391 1126 2446 1176 in

1434 1219 1458 1244 u
1479 1196 1658 1252 litibus
1674 1236 1690 1266 ‚
1753 1196 2083 1252 causidicum
2135 1199 2382 1272 denique.
2415 1227 2439 1252 n

1427 1275 1531 1329 Sed
1570 1278 1615 1327 si
1641 1294 1750 1329 non
1784 1288 1926 1329 recte
1952 1278 2197 1348 jungitur
2219 1280 2446 1332 advoca-

1430 1366 1510 1407 tus
1527 1353 1701 1407 litium
1714 1392 1734 1419 ,
1757 1356 1964 1427 ipsique
1987 1355 2257 1422 advocato,
2285 1376 2446 1428 quem

1425 1437 1622 1487 vetusti
1656 1433 1880 1488 Codices
1913 1437 2199 1505 ignorant,
2243 1436 2445 1490 diffidi-

1426 1533 1544 1567 mus
1569 1537 1582 1567 z
1614 1513 1811 1568 indicio
1835 1515 2049 1569 Codicis
2072 1515 2211 1568 Alm.
2236 1518 2443 1587 ejiciam

1424 1592 1559 1647 illud
1583 1592 1760 1647 litium
1787 1611 2037 1667 quoque;
2062 1606 2122 1646 ut
2142 1592 2256 1646 haec
2279 1597 2444 1666 scrip-

1425 1687 1542 1727 tura
1571 1677 1757 1727 existat
1786 1696 1799 1725 ε
1841 1692 1953 1726 nec.
1973 1713 1985 1725 .
2008 1714 2018 1725 .
2059 1691 2165 1725 non
2200 1672 2438 1726 inutilem

1423 1769 1580 1820 sane,
1635 1768 1789 1825 quem
1841 1751 2066 1824 denique
2119 1752 2439 1805 causidicum

1425 1828 1580 1905 vuiqo
1619 1831 1819 1882 dicunt.
1861 1831 1937 1881 Ita
1961 1847 2061 1882 vox
2094 1829 2320 1904 denique
2353 1850 2438 1884 re-

1424 1913 1579 1983 spicit
1612 1908 1944 1980 generaliora
1972 1908 2061 1961 illa
2090 1908 2234 1977 duo,
2265 1912 2435 1981 iisque

1422 1989 1748 2043 vocabulum
1775 1991 2049 2062 proprium
2085 1989 2308 2044 solemni
2336 2009 2436 2044 usu

1424 2070 1691 2122 subnectit
1703 2091 1718 2134 ;
1739 2086 1863 2120 nam
1877 2068 2100 2141 denique
2113 2067 2245 2120 illud
2259 2070 2437 2140 ipsum

1421 2149 1564 2201 valet
1591 2172 1615 2196 ι
1636 2161 1698 2200 ut
1725 2148 1838 2199 sine
1871 2146 2183 2218 ambagibus
2219 2167 2328 2200 rem
2352 2151 2437 2222 ip-

1428 2250 1452 2275 «
1477 2247 1588 2282 sam
1615 2229 1907 2282 nominem.
1928 2251 1950 2274 ιο
1980 2229 2169 2298 Neque
2193 2246 2434 2279 commo·-

1421 2306 1627 2360 diorem
1648 2307 1770 2359 voci
1801 2304 1981 2358 locum
2014 2306 2248 2357 invenias
2274 2324 2434 2376 quam

1420 2400 1545 2440 ante
1587 2389 1763 2460 ipsum
1807 2398 2020 2437 nomen.
2062 2384 2163 2438 Sed
2200 2386 2322 2438 vide
2363 2404 2431 2439 an

1420 2468 1575 2519 nimis
1602 2466 1803 2518 morosi
1838 2466 1943 2517 sint
1964 2465 2077 2516 VV.
2111 2465 2223 2517 DD.
2254 2467 2310 2517 in
2338 2465 2431 2517 illo

1420 2544 1597 2599 litium
1615 2544 1867 2598 advocato
1879 2565 1897 2605 ,-
1924 2561 2031 2617 quo
2051 2542 2236 2595 relicto
2259 2544 2432 2598 fatcor

1418 2626 1578 2696 longe
1600 2624 1934 2679 commodius
1953 2625 2184 2696 positam
2208 2643 2324 2678 esse
2341 2645 2430 2679 vo—

1417 2722 1531 2758 cem
1554 2703 1794 2776 denique.
1822 2703 2024 2754 Burni.

1488 2785 1542 2853 4.
1572 2783 1920 2839 Causidicum.
1946 2781 2130 2834 Amb'r.
2160 2799 2222 2848 2,
2247 2802 2430 2836 causa-

1415 2862 2065 2918 dicum—causidicum.
2105 2863 2181 2914 Ita
2213 2864 2429 2915 nonnisi

1414 2963 1512 3016 per
1560 2955 1926 3015 contemptum
1981 2943 2245 2994 nominari
2294 2961 2387 2994 eos
2406 2980 2424 3008 ,

1417 3041 1550 3095 quos
1575 3023 1786 3093 patroni
1813 3021 2030 3073 nomine
2046 3055 2064 3086 ‚
2091 3019 2289 3072 nedum
2315 3038 2426 3073 om-

1416 3104 1562 3154 nium
1594 3099 2128 3154 honorificentissimo
2167 3102 2423 3166 oratoris,

1416 3199 1525 3233 non
1545 3179 1805 3250 digneris,
1828 3177 1988 3231 docet
2005 3181 2337 3238 Burmannus
2355 3178 2428 3232 ad

1414 3279 1536 3314 eum
1560 3260 1791 3312 Petronii
1814 3259 1990 3310 locum
2013 3257 2155 3330 (cap.
2178 3258 2298 3330 46),
2332 3257 2425 3310 ubi

1415 3359 1536 3393 cum
1560 3357 1806 3411 praecone
1828 3337 2019 3410 (plane
2052 3351 2112 3390 ut
2135 3336 2279 3409 apud
2302 3340 2420 3391 Juv.

1413 3422 1517 3488 vl,
1554 3418 1693 3490 438)
1730 3421 2070 3490 componitur
2104 3417 2421 3471 causidicus.

1414 3499 1575 3553 Plane
1605 3513 1780 3551 autem
1810 3499 2054 3570 apposite
2081 3497 2148 3550 ad
2183 3510 2426 3552 nostrum

1413 3577 1592 3632 locum
1617 3576 1775 3630 verba
1799 3576 1874 3629 ibi
1896 3577 2196 3630 afferuntur
2217 3578 2327 3629 Cic.
2353 3575 2422 3629 de

1412 3658 1505 3710 Or.
1533 3660 1587 3723 1,
1612 3656 1699 3724 46.
1731 3679 1753 3702 ι
1774 3657 1897 3709 Non
1926 3658 2064 3708 enim
2097 3654 2426 3708 causidicum

1420 3759 1443 3784 α
1463 3738 1647 3790 nescio
1675 3753 1834 3807 quem
1852 3772 1869 3800 ‚
1906 3753 2080 3806 neque
2120 3733 2424 3807 proclama—

1421 3839 1444 3864 «
1462 3829 1631 3869 torem
1648 3852 1666 3881 ,
1687 3829 1780 3866 aut
1799 3813 2036 3866 rabulam
2055 3812 2161 3865 hoc
2183 3830 2425 3871 sermone

1421 3918 1444 3943 ιι
1463 3908 1650 3948 nostro
1676 3894 2036 3963 conquirimus
2050 3930 2068 3957 ‚
2091 3890 2184 3944 sed
2205 3910 2325 3944 eum
2350 3893 2427 3944 vi·-

1421 3995 1445 4022 u
1465 3993 1578 4027 rum
1596 4011 1614 4040 ‚
1644 3974 1735 4045 qui
1764 3973 1993 4044 primum
2022 3971 2088 4022 sit
2110 3968 2270 4040 hujus
2298 3971 2423 4024 artis

1419 4076 1442 4100 «ι
1464 4055 1698 4106 antistes.
1709 4049 1872 4103 ..Vide
1885 4051 1999 4104 init.
2015 4048 2150 4102 Dinl.
2168 4049 2234 4101 de
2248 4050 2420 4103 Oratt.

1486 4132 1536 4186 5.
1561 4131 1615 4185 V
1610 4127 1735 4204 uiyo
1756 4139 1957 4181 vocant.
1970 4127 2109 4180 Flor.
2123 4166 2140 4194 ,
2155 4148 2205 4179 v.
2225 4126 2419 4188 dicant.

1484 4211 1538 4265 6.
1564 4201 1755 4285 Quum.
1776 4211 1972 4274 Cum,
1992 4226 2131 4262 eum.
2148 4209 2421 4262 ‘rm-icens.
