3200 5159
685 411 808 490 504
1243 413 1336 475 M.
1376 413 1601 476 FABII
1641 413 1756 496 QU
1773 412 2194 478 {NTILIANI

581 561 645 597 ιο
682 555 830 623 stat,
860 534 991 605 nisi
1009 534 1650 635 occasione.Turpis
1667 534 1979 634 voluptas
2001 556 2066 608 et
2084 536 2477 609 inhumana
2498 556 2571 608 et
2592 533 2772 606 nulli

578 1261 633 1295 11

682 651 1119 723 audientium
1174 650 1362 722 bono
1418 666 1643 750 grata¹
1692 679 1734 725 a
1784 652 2243 751 litigatoribus
2300 651 2590 752 quidem
2637 652 2775 722 fre-

682 784 974 861 quenter
1011 764 1342 863 exigitur,
1383 766 1506 862 qui
1540 766 1874 839 ultionem
1916 767 2191 840 malunt
2216 826 2235 857 ‚
2277 794 2494 865 quam
2541 766 2788 838 defen-'

680 878 990 949 sionem:
1026 879 1142 950 sed
1170 880 1396 978 neq'ue
1421 881 1559 952 alia
1579 896 1603 926 ²
1637 881 1858 953 multa
1888 881 1977 953 ad
2001 882 2370 955 arbitrium
2396 908 2639 953 eorum
2670 881 2771 952 fa-

682 995 924 1065 cienda
962 1018 1163 1067 sunt:
1201 997 1333 1068 hoc
1375 998 1664 1096 quidem
1711 998 1867 1097 quis
1907 997 2283 1070 hominum
2325 998 2522 1070 liberi
2561 995 2768 1068 modo

680 1111 1038 1207 sanguinis
1058 1112 1412 1211 sustineat,
1429 1112 1747 1213 petulans
1767 1141 1909 1186 esse
1924 1112 1951 1159 3
1970 1115 2059 1186 ad
2076 1114 2352 1186 alterius
2370 1109 2768 1185 arbitrium?

681 1226 895 1322 Atqui
932 1227 1141 1299 etiam
1182 1228 1254 1298 in
1285 1228 1647 1300 advocatos
1679 1230 1886 1328 partis
1926 1228 2220 1301 adversae
2253 1229 2551 1301 libenter
2582 1254 2768 1298 non-

684 1339 861 1411 nulli
901 1339 1330 1414 invehuntur
1370 1371 1382 1412 :
1438 1344 1660 1441 quod,
1713 1342 1892 1415 nisi4
1926 1345 1979 1415 si
2015 1345 2188 1415 forte
2218 1363 2662 1432 meruerunt,
2705 1362 2774 1413 et

685 1456 1155 1528 inhumanum
1203 1479 1303 1528 est
1345 1479 1653 1558 respectu
1692 1460 2184 1530 communium
2227 1458 2657 1544 officiorum,
2703 1475 2769 1527 et

681 1599 903 1669 quum
937 1573 1100 1670 ipsi,
1136 1574 1257 1672 qui
1291 1573 1487 1663 dicit,
1521 1574 1767 1646 inutile
1802 1576 2006 1669 (nam
2049 1573 2234 1646 idem
2271 1573 2452 1676 juris
2482 1598 2768 1672 respon-

679 1747 795 1794 cus,
828 1729 914 1781 alii
942 1731 1275 1794 maledictus5
1305 1753 1488 1790 omnes
1516 1755 1550 1785 a
1573 1753 1686 1785 ma-

683 1805 847 1879 lefico.
878 1810 965 1860 En.

760 1906 803 1940 ι.
841 1889 987 1941 Bono
1012 1904 1182 1963 yram.
1206 1879 1381 1944 Turio.
1420 1891 1652 1945 Florent.
1672 1940 1688 1966 ‚

681 1969 815 2019 bona
848 1970 1036 2041 qratia.
1076 1970 1252 2023 Guelf.
1288 1991 1411 2024 cum
1439 1974 1585 2025 Voss.
1622 1973 1689 2038 3,

683 2047 817 2098 bona
830 2061 1001 2119 grata.
1024 2050 1201 2102 Turio.
1217 2089 1234 2117 ,
1251 2053 1296 2103 si
1316 2072 1494 2124 neque.
1510 2053 1687 2105 Turic.

677 2126 821 2179 Flor.
842 2148 963 2181 cum
984 2128 1117 2181 Alm.
1132 2171 1149 2195 ‚
1164 2133 1507 2203 eofact'enda.
1525 2132 1686 2184 Goth.

682 2205 924 2273 (tacente
956 2207 1152 2281 Gesn.)
1184 2229 1360 2262 eonem
1394 2212 1684 2263 arbitrium.

683 2284 887 2350 Guelf.‚
913 2285 1157 2339 tiberinus
1178 2292 1458 2362 sanguinis.

759 2381 807 2415 2.
823 2364 924 2416 Sed
940 2384 1105 2437 neque
1117 2366 1282 2419 αἱιά...
1305 2369 1400 2421 hoc
1413 2365 1685 2440 quidem...

684 2443 1126 2497 Pronunciatione
1132 2447 1367 2514 juvanda
1384 2460 1462 2498 est
1476 2447 1658 2499 relatio
1671 2486 1687 2512 ‚

689 2540 802 2593 qum
827 2535 905 2573 est
928 2524 1062 2574 inter
1085 2524 1194 2577 haec
1218 2524 1326 2578 duo
1349 2528 1608 2588 membra,
1636 2519 1688 2579 in

684 2598 827 2651 hunc
844 2620 1080 2652 sensum:
1105 2626 1126 2649 α
1149 2603 1249 2655 Sed
1267 2607 1401 2655 sicut
1415 2605 1515 2656 alia
1533 2609 1687 2656 etiam

692 2676 895 2728 “multa
934 2677 1002 2729 ad
1039 2699 1224 2732 eorum
1265 2681 1537 2733 arbitrium
1578 2702 1687 2733 non

691 2777 713 2800 α
736 2757 976 2810 facienda
1001 2773 1150 2825 sunt,
1175 2761 1244 2812 ita
1268 2759 1375 2812 boc
1398 2774 1531 2814 certe
1552 2760 1691 2833 (qui

692 2858 715 2880 α
735 2834 890 2903 dem)
920 2837 1160 2890 minime:
1190 2858 1313 2890 nam
1337 2841 1509 2909 quis...
1537 2841 1691 2892 susti·

694 2939 715 2960 a
736 2919 891 2968 neat?
910 2941 931 2965 a

758 2997 809 3048 3.
846 2996 1097 3050 Petulans
1128 3017 1244 3052 esse.
1278 3001 1398 3051 Non
1433 3012 1511 3050 est
1545 2999 1693 3071 quod

688 3077 938 3127 rariorem
976 3075 1114 3129 hanc
1152 3080 1205 3128 in
1245 3077 1413 3130 soluto
1454 3080 1693 3130 oratione

685 3156 1133 3208 constructionem
1189 3158 1510 3227 pronunciet
1564 3159 1694 3208 Bur-

688 3251 943 3297 mannus,
969 3252 1127 3305 quam
1157 3252 1318 3305 supra
1351 3254 1565 3307 quoque
1594 3239 1694 3297 111,

686 3312 750 3378 6,
779 3312 849 3377 64
877 3312 1187 3379 habuimus,
1218 3332 1435 3385 quaeque
1456 3316 1509 3365 in
1528 3314 1693 3367 verbo

685 3396 928 3446 sustinere
948 3432 963 3456 ,
991 3398 1196 3467 quoties
1225 3394 1414 3448 eodem
1446 3397 1555 3448 fere
1584 3415 1694 3468 quo

686 3474 875 3525 audere
898 3492 1056 3526 sensu
1082 3487 1393 3546 usurpatur,
1420 3472 1578 3546 plane
1602 3494 1694 3527 ne-

685 3571 912 3605 cessaria
938 3566 1033 3604 est.

756 3631 805 3697 4.
833 3633 950 3685 Nisi
974 3634 1017 3684 si
1032 3632 1193 3702 forte.
1224 3632 1497 3685 Guelferb.
1525 3630 1685 3684 Goth.

683 3713 846 3765 Cum.
877 3724 928 3761 et
955 3709 1075 3762 edd.
1110 3723 1231 3762 ante
1262 3710 1407 3764 Gibs.
1444 3713 1691 3763 omittunt

683 3790 728 3841 εἰ
739 3829 757 3856 ,
785 3809 895 3843 exc.
921 3789 1040 3841 ΑΜ.
1062 3787 1261 3862 Gryph.
1277 3790 1413 3842 Vide
1437 3803 1546 3842 not.
1574 3809 1684 3860 seq.

688 3871 978 3921 Memert'nt
997 3907 1013 3933 ‚
1063 3869 1225 3921 CAMP.
1275 3883 1326 3919 et
1371 3868 1516 3920 editt.
1566 3882 1687 3920 ante

681 3948 877 4021 Gryph.
897 3950 1192 4020 Respectum
1206 3986 1223 4013 ‚
1240 3948 1379 4000 Flor.
1397 3949 1687 4001 criminum

687 4024 829 4100 offic.
851 4064 869 4091 ,
907 4025 1081 4078 Guelf.
1119 4027 1193 4077 Et
1224 4036 1332 4077 tum
1370 4027 1497 4097 ipsi,
1540 4026 1685 4077 Jens.

685 4109 827 4176 (tac.
867 4104 1069 4176 Gesn.)
1106 4120 1156 4168 et
1197 4104 1317 4158 edd.
1360 4117 1520 4177 postt.
1565 4117 1688 4160 aute

1764 1735 1889 1788 Bad.
1916 1734 2085 1803 Utile,
2105 1733 2263 1788 Goth.
2282 1733 2414 1807 (tac.
2436 1731 2644 1802 Gesn.).
2669 1731 2772 1801 Qui

1763 1813 1957 1886 plane,
1990 1813 2165 1884 Guelf.
2200 1832 2322 1866 cum
2347 1815 2499 1863 Voss.
2537 1827 2583 1877 1,
2615 1811 2769 1862 Bern.

1770 1895 1908 1945 Tum
1954 1907 2004 1946 et
2050 1906 2169 1945 ante
2214 1890 2495 1944 adversarii
2539 1890 2773 1941 inserunt

1769 1971 1968 2044 Gryph.
2012 1971 2176 2039 1544,
2213 1983 2265 2022 et
2296 1967 2418 2022 edd.
2453 1979 2613 2040 postt.
2652 1980 2774 2018 ante

1767 2052 1898 2105 Obr.
1940 2051 2094 2104 male.
2133 2052 2257 2102 Mox
2293 2060 2346 2100 et
2373 2061 2495 2101 ante
2524 2045 2770 2119 quantu-1.

1769 2133 1960 2183 omittit
1986 2130 2159 2183 Guelf.
2190 2161 2262 2170 ——
2288 2129 2444 2181 Solus
2466 2128 2609 2180 Avic.
2626 2164 2643 2192 ‚
2672 2126 2774 2178 nisi

1767 2212 1810 2263 si
1815 2211 1979 2283 forte.
1997 2212 2178 2263 caeteri
2195 2207 2250 2261 τό
2267 2209 2310 2260 si
2328 2210 2591 2260 omittunt.
2607 2204 2773 2258 lidem

1769 2298 2093 2355 nteruerant,
2119 2300 2339 2359 excepto
2358 2286 2526 2352 Avie.,
2552 2286 2642 2356 qui
2661 2302 2775 2357 nte-

1771 2379 2000 2420 ruenmt.
2035 2371 2163 2420 Mox
2189 2367 2276 2418 alii
2302 2377 2355 2417 et
2374 2383 2496 2417 cum
2529 2363 2657 2436 ipsi,
2685 2361 2775 2415 alii

1770 2458 1819 2498 et
1844 2458 1954 2498 turn
1983 2447 2094 2518 ipsi.
2125 2447 2263 2497 Ante
2289 2443 2568 2496 adversarii
2590 2459 2774 2493 omnes

1770 2527 2020 2578 omittunt
2043 2535 2104 2575 et.
2132 2522 2434 2576 En.-Nisi
2454 2522 2499 2575 si
2508 2521 2671 2593 forte.
2685 2521 2776 2571 Vi-

1769 2603 1836 2654 de
1868 2614 2047 2654 notam
2083 2604 2115 2656 3
2150 2601 2219 2653 ad
2253 2600 2342 2652 lib.
2382 2601 2487 2666 111,
2522 2617 2640 2670 cap.
2681 2614 2772 2662 ιο,
2813 2619 2820 2625 ·

1770 2681 1817 2747 5.
1847 2697 1893 2730 2.
1921 2680 2045 2730 Non
2073 2678 2273 2750 ubique
2300 2691 2477 2730 tamen
2505 2676 2772 2748 duplicata

1769 2756 1881 2810 haec
1909 2759 2082 2811 forma
2105 2758 2283 2811 locum
2306 2757 2468 2810 habet
2490 2779 2501 2808 ε
2529 2770 2670 2809 certe
2695 2757 2772 2807 fa-

1772 2836 1872 2890 cile
1921 2840 2145 2890 sentitur
2190 2838 2490 2891 differentia
2537 2838 2673 2889 inter
2718 2834 2773 2888 id

1772 2916 1915 2989 quod
1946 2916 2030 2970 hic
2055 2931 2134 2970 est
2157 2919 2255 2971 uisi
2281 2919 2323 2972 si
2338 2917 2483 2988 forte
2495 2957 2518 2984 ‚
2539 2929 2591 2978 et„
2613 2918 2771 2969 ironi-

1770 3014 1891 3047 cum
1915 2995 2558 3068 illud„nisiforte‚1,10‚
2582 2996 2644 3062 6,
2670 2993 2771 3058 233

1772 3077 1850 3133 11,
1883 3076 1947 3142 3,
1983 3076 2048 3138 6;
2080 3076 2183 3141 111,
2217 3075 2356 3142 5‚3.
2388 3075 2490 3128 Sed
2512 3076 2604 3136 IV,
2634 3093 2681 3142 ι,
2706 3092 2774 3145 '7⁰

1774 3156 1928 3207 etiarn
1942 3194 1958 3222 ,
1978 3169 2137 3226 atque
2157 3156 2231 3207 ibi
2249 3169 2430 3208 notam
2461 3173 2508 3222 ι,
2526 3173 2649 3226 pag.
2675 3155 2775 3221 48,

1774 3233 1867 3285 ubi
1883 3234 2036 3286 nisisi
2050 3236 2195 3286 estin
2210 3235 2380 3285 ironia
2393 3274 2409 3302 ,
2426 3234 2469 3285 si
2490 3232 2770 3285 delendum

1773 3326 1904 3364 erat.
1917 3313 2054 3363 Nam
2066 3330 2227 3383 quum
2243 3310 2362 3362 libri
2372 3329 2553 3363 omnes
2564 3323 2773 3362 careant

1774 3390 1848 3442 ibi
1860 3409 1991 3443 voce
2011 3391 2130 3455 nisi,
2157 3390 2295 3443 male
2316 3392 2516 3462 integra
2533 3389 2634 3443 hac
2653 3410 2773 3462 par-

1775 3470 1937 3522 ticula
1964 3483 2135 3522 sar-tus
2169 3471 2270 3521 fuit
2297 3469 2570 3533 defectu33
2608 3487 2770 3540 quum

1770 3550 1882 3602 sola
1920 3548 2119 3622 syllaba
2162 3549 2222 3601 ni
2254 3568 2378 3602 vere
2407 3547 2648 3602 videatur
2678 3548 2774 3601 ab·

1770 3643 1954 3700 sorpta
1969 3647 1997 3679 a
2014 3628 2339 3701 praecedente
2358 3629 2448 3679 im.
2469 3628 2665 3680 Contra
2683 3631 2771 3696 IV,

1771 3711 1831 3777 3,
1859 3710 1918 3775 5,
1952 3709 2237 3778 legitimum
2260 3721 2340 3760 est
2372 3708 2471 3761 nisi
2498 3708 2574 3774 εἰ,
2597 3724 2771 3781 neque
2837 3777 2842 3782 .

1772 3788 1878 3840 ulla
1902 3790 1974 3841 ibi
1992 3792 2227 3840 varietas.
2255 3787 2432 3839 Alium
2455 3806 2636 3854 usum,
2661 3805 2768 3860 quo

1766 3866 2035 3940 particulae
2076 3867 2176 3917 nisi
2207 3865 2353 3936 forte
2394 3865 2462 3918 ad
2502 3866 2768 3919 vitandam

1768 3948 1949 3998 ironiae
1988 3946 2216 4018 speciem
2249 3958 2584 4016 separantur,
2622 3944 2766 4018 apud

1768 4026 2076 4079 Ciceronem
2111 4027 2310 4077 notavit
2341 4026 2664 4078 Goerenzius
2697 4025 2766 4078 ad

1767 4106 1880 4157 Fin.
1906 4104 1997 4156 lib.
2024 4106 2074 4169 1,
2097 4122 2215 4176 cap.
2246 4121 2326 4174 17,
2349 4106 2395 4172 S.
2423 4104 2507 4158 56.
