3200 5159
805 455 889 538 48

1375 455 1470 521 Μ.
1510 455 1739 521 FAssn
1777 453 2334 536 QUINTILIANI

803 602 871 652 et
904 580 1222 679 gravitas,
1262 599 1330 652 et
1366 580 1662 652 minime
1694 578 1978 677 vulgare
2021 579 2398 678 eloquendi
2429 604 2650 677 genus
2682 575 2892 650 habet

804 693 1088 766 laudem
1110 723 1124 766 :
1147 694 1268 767 sed
1287 693 1606 793 quamvis
1627 695 1690 766 ei
1714 694 2050 765 secundas
2068 709 2083 737 ¹
2108 695 2252 766 fere
2276 692 2895 792 grammaticorum

806 835 1180 883 consensus
1225 807 1533 898 deferat,
1590 830 1661 879 et
1710 806 2077 878 affectibus
2099 861 2118 894 ,
2172 827 2239 878 et
2286 804 2727 909 jucunditate
2750 861 2771 893 ,
2831 826 2902 876 et

806 923 1281 1022 dispositione,
1317 944 1386 995 et
1421 921 1715 994 omnino
1752 941 1892 992 arte
1927 920 2279 1010 deficitur,
2316 943 2394 994 ut
2429 921 2636 1020 plane
2673 919 2902 991 mani·

803 1038 978 1109 festo
1007 1057 1370 1137 appareat,
1406 1056 1671 1137 quanto
1714 1034 1802 1106 sit
1838 1033 2032 1107 aliud
2062 1034 2460 1134 proximum
2490 1061 2669 1124 esse,
2704 1032 2902 1104 aliud

702 1161 771 1228 54
807 1150 1266 1224 secunduma
1306 1149 1698 1249 Panyasin³
1730 1175 1814 1220 ex
1858 1168 2154 1248 utroque
2200 1151 2494 1222 mixtum
2535 1170 2785 1249 putant
2828 1150 2899 1219 in

806 1310 849 1382 §.
878 1311 945 1377 54
970 1312 1082 1363 init.
1108 1323 1292 1363 notam
1314 1311 1371 1362 in
1394 1309 1686 1381 Panyasin.
1717 1311 1808 1361 En.

882 1409 925 1444 ι.
955 1389 1273 1443 Secundus...
1302 1389 1602 1442 secundum.
1632 1391 1813 1459 Quum

803 1468 1052 1522 secundas
1074 1486 1104 1519 a
1125 1470 1475 1538 grammaticis
1498 1470 1606 1520 fere
1633 1467 1812 1520 tulisse

804 1548 998 1600 dicitur
1010 1545 1374 1612 AntimachuS,
1387 1548 1581 1597 nemini
1598 1548 1696 1597 nisi
1711 1547 1817 1597 Ho-

806 1642 951 1675 mero
962 1636 1296 1695 comparatus
1307 1642 1423 1676 esse
1436 1622 1705 1695 putandus
1716 1637 1811 1676 est.

804 1703 916 1755 Nec
950 1700 1101 1753 aliter
1127 1699 1447 1772 intelligetur
1471 1702 1561 1755 illa
1582 1704 1815 1775 proximi

804 1794 859 1833 et
906 1781 1116 1833 secundi
1162 1778 1464 1834 differentia
1485 1820 1505 1848 ,
1551 1800 1710 1854 quam
1755 1795 1816 1834 ut

801 1861 1072 1932 proximus
1092 1860 1159 1910 sit
1182 1860 1319 1911 inter
1338 1877 1494 1930 quem
1515 1873 1567 1912 et
1588 1862 1815 1932 primum

805 1936 938 1990 nihil
962 1941 1208 2004 interest,
1233 1938 1470 2011 quamvis
1498 1937 1661 2010 longo
1690 1938 1815 1991 inde

804 2015 1078 2069 intervallo
1098 2015 1415 2088 diremptum
1427 2053 1444 2083 ,
1459 2016 1709 2070 secundus
1723 2020 1814 2089 qui

807 2096 1017 2147 nonnisi
1031 2113 1196 2146 unum
1209 2094 1432 2166 gradum
1452 2094 1727 2148 descendit
1743 2096 1811 2148 ab

805 2174 944 2228 illius
962 2176 1278 2246 praestantia.
1304 2175 1420 2227 Hoc
1439 2174 1704 2228 Gesner-us
1723 2175 1815 2226 do-

805 2256 914 2305 cuit
932 2251 1252 2304 advocandis
1265 2251 1434 2304 verbis
1444 2254 1674 2306 Horatii:
1698 2253 1816 2303 ..Ιο-

810 2356 834 2378 a
854 2334 904 2384 vi
935 2331 1067 2383 nil...
1099 2333 1239 2400 viget
1278 2330 1478 2396 simile,
1513 2343 1607 2382 aut
1637 2351 1814 2384 secuti-

804 2412 835 2457 '·
855 2411 1011 2474 dum,
1035 2408 1301 2482 proximos
1329 2407 1405 2460 illi
1435 2422 1613 2461 tamen
1649 2429 1814 2462 occu-

811 2511 835 2537 ι
855 2491 997 2560 pavit
1027 2485 1192 2539 Pallas
1219 2486 1469 2541 honores.
1493 2512 1515 2536 ιο
1550 2490 1673 2541 Non
1702 2502 1811 2542 erat

805 2568 965 2637 igitur
983 2584 1145 2637 quare
1163 2564 1381 2618 haereret
1397 2568 1451 2617 in
1470 2564 1591 2618 loco
1614 2581 1663 2619 et
1684 2586 1810 2619 con·

801 2647 1015 2697 trariam
1029 2643 1307 2696 verborum
1322 2645 1808 2716 interpretationem

804 2737 1030 2778 tentaret
1052 2720 1537 2793 SchellenberginS,
1561 2723 1663 2775 loc.
1690 2727 1807 2792 cit.,

805 2823 858 2876 p.
887 2802 982 2866 38,
1007 2803 1093 2872 39.
1120 2803 1248 2853 Rem
1273 2801 1486 2854 conficit
1506 2820 1686 2854 versus
1710 2821 1809 2855 no-

804 2883 1032 2935 tissimus
1053 2880 1249 2951 Virgilii
1271 2880 1385 2931 AEn.
1405 2882 1470 2944 V,
1491 2878 1624 2947 320,
1649 2902 1673 2924 ιι
1688 2877 1808 2932 lon-

808 2986 832 3008 ·
850 2981 918 3034 go
940 2960 1033 3014 sed
1047 2960 1315 3032 proximus
1332 2957 1627 3011 intervallo.
1647 2983 1670 3008 υ
1697 2961 1807 3013 Nec

798 3045 1002 3114 ⁴majore
1048 3040 1289 3092 encomio
1331 3038 1601 3110 Virgilium
1643 3036 1808 3092 donat

802 3120 1016 3184 Noster,
1040 3117 1085 3188 §.
1112 3118 1207 3185 86,
1230 3131 1282 3170 et
1304 3117 1432 3171 Plin.
1458 3119 1552 3190 Ep.
1570 3118 1690 3184 vll,
1711 3135 1805 3185 20,

802 3198 853 3265 4.
873 3196 1120 3251 Secundoe
1133 3210 1357 3270 possunt
1371 3196 1483 3248 dari
1498 3198 1574 3264 ei,
1591 3198 1683 3268 qui
1698 3215 1805 3249 non

799 3278 868 3329 sit
886 3275 1131 3330 secundus
1138 3315 1157 3343 ‚
1181 3275 1274 3328 sed
1297 3289 1500 3328 tantum
1519 3277 1801 3346 proximus.

798 3385 872 3395 —
892 3353 1315 3426 Spaldingianam
1337 3352 1496 3425 hujus
1521 3352 1628 3405 loci
1649 3355 1806 3406 inten-

798 3437 1147 3507 pretationem
1163 3451 1271 3486 non
1286 3435 1541 3504 permittit
1559 3434 1806 3485 Burman·

801 3532 902 3565 nus
934 3512 1006 3564 ob
1036 3511 1092 3564 id
1120 3515 1378 3583 primum,
1408 3509 1585 3583 quod,
1615 3513 1658 3564 si
1686 3531 1802 3564 eam

800 3593 1063 3663 sequaris,
1085 3590 1441 3660 Quintilianus
1460 3589 1669 3642 diverso
1692 3609 1804 3643 sen·

798 3688 862 3724 su
896 3672 1214 3722 commiserit
1245 3669 1340 3722 has
1371 3688 1530 3723 voces
1559 3669 1804 3724 secundas

799 3765 851 3803 et
889 3751 1172 3803 secundum
1186 3788 1205 3816 ‚
1240 3767 1412 3822 neque
1454 3763 1631 3802 tamen
1668 3749 1800 3803 adeo

795 3828 1002 3882 subtilis
1024 3828 1333 3881 differentiae
1361 3826 1613 3880 indicium
1639 3827 1802 3880 dede-

794 3910 862 3959 rit
887 3908 1089 3970 nllum;
1118 3905 1308 3960 deinde
1324 3945 1342 3974 ,
1367 3905 1512 3978 quod
1538 3904 1715 3978 Spald.
1745 3921 1800 3958 et

794 3988 951 4040 Gesn.
995 3989 1079 4039 usi
1118 3988 1315 4039 fuerint
1355 3985 1456 4039 illis
1502 3987 1705 4038 Horatii
1745 3999 1798 4039 et

792 4067 993 4137 Virgilii
1007 4066 1138 4119 locis
1149 4105 1167 4135 ,
1184 4070 1238 4119 in
1256 4066 1447 4140 quibus
1462 4066 1797 4118 manifestum

790 4159 873 4200 est
887 4165 1107 4200 acumen
1121 4150 1407 4221 poeticum.
1422 4147 1663 4215 Quorum
1679 4145 1797 4199 loca

1893 1308 1960 1359 ad
1983 1310 2168 1377 Quint.
2196 1309 2618 1382 explanationem
2638 1307 2749 1362 min
2771 1328 2902 1381 per·

1893 1391 2090 1442 tinent:
2119 1392 2315 1462 quippe
2345 1393 2399 1442 in
2422 1388 2503 1442 his
2528 1391 2799 1461 proximus
2821 1390 2901 1441 est

1892 1469 2300 1537 comparationis
2323 1469 2669 1539 superlativus
2690 1467 2902 1537 (proxi-

1893 1564 2006 1598 mus
2038 1549 2175 1599 inter
2202 1545 2478 1617 caeteros);
2507 1546 2648 1618 apud
2672 1545 2895 1614 Quintil.

1892 1637 2075 1676 contra
2101 1624 2192 1676 tali
2219 1628 2337 1678 usui
2359 1625 2510 1677 locus
2533 1643 2642 1677 non
2670 1638 2781 1691 est,
2808 1627 2898 1696 qui

1893 1700 2135 1755 absolute
2153 1702 2369 1756 adhibet
2383 1701 2440 1755 ηδ
2453 1703 2753 1774 proximum
2768 1718 2896 1765 esse,

1894 1780 2040 1851 quod
2051 1779 2211 1833 'aliter
2227 1783 2398 1853 accipi
2417 1783 2600 1852 nequit
2615 1799 2773 1852 quam
2794 1779 2899 1832 val-

1893 1859 1960 1910 de
1980 1878 2143 1932 pmpe
2164 1861 2433 1927 accedere,
2457 1862 2593 1913 sicut
2612 1860 2898 1914 secundum

1893 1956 1993 1991 esse
2014 1937 2144 1990 nihil
2166 1938 2310 1992 aliud
2334 1952 2445 2006 est,
2476 1958 2637 2011 quam
2667 1937 2897 2009 prior-ein

1892 2034 1993 2068 esse
2015 2020 2163 2070 tertio
2195 2028 2248 2070 et
2278 2016 2501 2090 reliquis.
2545 2017 2701 2069 Plane
2734 2019 2810 2068 sic
2840 2016 2897 2068 «2

1889 2096 2189 2165 proximum
2210 2109 2428 2169 usurpat
2447 2108 2634 2147 auctor
2646 2097 2895 2167 epigram·

1893 2175 2045 2225 matis
2073 2175 2127 2226 in
2155 2173 2371 2226 Anthol.
2402 2176 2575 2226 Burm.
2601 2174 2656 2238 1,
2677 2192 2734 2246 p.
2760 2174 2896 2239 355,

1899 2272 1921 2296 ιι
1943 2253 2166 2304 Maeonio
2189 2255 2294 2305 vati
2327 2255 2416 2326 qui
2437 2270 2561 2324 par,
2585 2262 2681 2304 aut
2709 2252 2892 2323 proxi-

1898 2353 1922 2375 a
1941 2351 2058 2384 mus
2081 2345 2244 2396 esset,
2267 2332 2554 2385 Consultus
2578 2334 2728 2384 Poean
2750 2334 2892 2398 risit,

1897 2431 1921 2455 α
1942 2423 2043 2461 etc.
2066 2434 2088 2457 ιι
2126 2410 2366 2464 Alterum
2397 2413 2718 2483 epigramma
2750 2410 2892 2482 quod

1890 2486 2084 2540 ibidem
2107 2487 2315 2558 legitur,
2340 2503 2401 2541 ut
2425 2488 2757 2541 indefinitum
2783 2489 2893 2541 foi·-

1891 2578 2027 2617 tasse
2039 2563 2095 2617 ero*
2109 2567 2410 2638 proximum
2430 2566 2704 2637 relinquit,
2723 2569 2795 2618 ita
2814 2567 2894 2619 fir-

1890 2657 1997 2694 mat
2017 2646 2317 2698 Buttmanni
2336 2647 2645 2697 sententiam
2661 2644 2727 2698 de
2740 2645 2808 2713 «τᾷ
2820 2651 2892 2700 δὲ·

1887 2722 2116 2775 cundum
2142 2745 2158 2774 .-
2206 2748 2228 2770 ιι
2249 2726 2327 2777 De
2371 2744 2590 2778 numero
2632 2737 2812 2777 vatum
2847 2727 2893 2778 si

1894 2826 1917 2852 ι
1939 2805 2054 2874 quis
2094 2819 2318 2876 seponat
2357 2807 2641 2858 Homerum
2658 2842 2675 2871 ,
2711 2806 2889 2857 Pnoxi-

1892 2902 1916 2928 ι
1937 2902 2052 2934 mus
2084 2902 2114 2935 a
2147 2886 2317 2955 primo
2356 2899 2467 2936 tum
2503 2886 2652 2936 Maro
2686 2885 2890 2956 primus

1892 2984 1915 3008 ιι
1936 2964 2061 3015 erit:
2086 2963 2149 3014 Et
2169 2966 2213 3015 si
2235 2978 2358 3034 post
2382 2967 2608 3036 primum
2625 2966 2777 3016 Maro
2801 2980 2889 3016 se-

1892 3062 1915 3086 «
1936 3055 2167 3111 ponatur
2191 3043 2506 3108 Homerum,
2531 3043 2716 3114 Longe
2735 3045 2834 3094 erit
2856 3061 2889 3094 a

1890 3139 1914 3165 ι
1934 3122 2105 3190 primo
2156 3122 2380 3193 quisque
2428 3122 2674 3182 secundus
2724 3123 2838 3173 erit.
2859 3142 2882 3165 ¹·

1885 3198 2038 3249 Hunc
2078 3196 2255 3250 locum
2296 3202 2370 3268 sic
2405 3201 2778 3269 interpretatus
2809 3209 2889 3248 est

1883 3274 2198 3348 Gedoynus:
2226 3276 2291 3329 Ce
2307 3278 2399 3350 qui
2416 3288 2616 3328 mentre
2638 3273 2690 3326 la
2710 3275 2890 3348 prodi-

1876 3355 2049 3427 qe'euse
2065 3354 2352 3427 differ-enee
2368 3356 2502 3428 qu'il
2512 3375 2558 3426 y
2574 3375 2606 3405 a
2623 3365 2766 3406 entre
2783 3357 2887 3406 etr-e

1884 3432 1935 3485 le
1951 3437 2177 3504 premier
2199 3440 2348 3507 apres
2369 3433 2647 3508 quelqu'un
2663 3473 2682 3501 ‚
2711 3445 2765 3485 et
2791 3452 2886 3506 ap-

1877 3511 2099 3582 procher
2118 3514 2180 3564 de
2201 3513 2281 3566 lui
2307 3513 2498 3584 defore
2513 3515 2644 3584 pres.
2667 3513 2763 3563 En.

1955 3609 2004 3643 2.
2037 3590 2346 3644 Secundum.
2370 3591 2544 3642 Turic.
2578 3587 2718 3666 Flor.
2757 3587 2881 3659 (hic

1883 3689 1914 3723 a
1935 3690 2013 3742 pr.
2040 3670 2221 3741 mann)
2243 3673 2492 3725 omittunt
2514 3688 2638 3722 cum
2659 3669 2799 3722 Atm.

1953 3751 2004 3803 3.
2046 3751 2310 3820 Panyasin
2333 3787 2350 3816 ,
2393 3749 2653 3801 Heraclea
2693 3761 2879 3800 aucto·

1878 3848 1988 3881 rem
2001 3867 2018 3896 ,
2036 3829 2103 3882 dc
2118 3848 2225 3901 quo
2241 3829 2357 3882 vide.
2371 3829 2605 3900 inprimis
2618 3828 2878 3900 Heynium

1876 3910 1932 3962 in
1955 3908 2130 3961 indice
2153 3921 2430 3960 auctorum
2458 3906 2526 3959 ab
2550 3904 2875 3978 Apollodoro

1877 3987 2227 4040 laudatorum.
2254 3988 2305 4039 Si
2326 3989 2537 4059 queris,
2555 4004 2619 4038 ex
2636 4004 2739 4057 quo
2765 3998 2876 4037 tan-

1875 4066 1998 4120 dem
2017 4081 2239 4138 utroque
2258 4068 2312 4117 in
2330 4063 2634 4137 eloquendo
2657 4066 2878 4115 mixtum

1877 4149 2111 4220 putarint
2138 4159 2338 4200 veteres
2368 4147 2655 4217 panyasin,
2685 4144 2877 4201 Hesio·
