<?xml version="1.0" encoding="UTF-8"?>
<!DOCTYPE html PUBLIC "-//W3C//DTD XHTML 1.0 Transitional//EN"
    "http://www.w3.org/TR/xhtml1/DTD/xhtml1-transitional.dtd">
<html xmlns="http://www.w3.org/1999/xhtml" xml:lang="en" lang="en">
 <head>
  <title>
</title>
<meta http-equiv="Content-Type" content="text/html;charset=utf-8" />
  <meta name='ocr-system' content='tesseract 3.04.00' />
  <meta name='ocr-capabilities' content='ocr_page ocr_carea ocr_par ocr_line ocrx_word'/>
</head>
<body>
  <div class='ocr_page' id='page_1' title='image "./deinstitutioneo00unkngoog_0035.png"; bbox 0 0 3200 5159; ppageno 0'>
   <div class='ocr_carea' id='block_1_1' title="bbox 677 494 2053 608">
    <p class='ocr_par' dir='ltr' id='par_1_1' title="bbox 677 494 2053 608">
     <span class='ocr_line' id='line_1_1' title="bbox 677 494 2053 608; baseline 0.028 -51"><span class='ocrx_word' id='word_1_1' title='bbox 677 494 1327 570; x_wconf 85' lang='lat' dir='ltr'>INSTITUTIONIS</span> <span class='ocrx_word' id='word_1_2' title='bbox 1367 507 1623 577; x_wconf 85' lang='lat' dir='ltr'><strong>ORAT.</strong></span> <span class='ocrx_word' id='word_1_3' title='bbox 1665 519 1822 586; x_wconf 88' lang='lat' dir='ltr'><strong>LIB.</strong></span> <span class='ocrx_word' id='word_1_4' title='bbox 1865 526 1953 608; x_wconf 91' lang='lat' dir='ltr'><strong>X,</strong></span> <span class='ocrx_word' id='word_1_5' title='bbox 2000 554 2053 595; x_wconf 85' lang='lat'><strong>1.</strong></span> 
     </span>
    </p>
   </div>
   <div class='ocr_carea' id='block_1_2' title="bbox 319 613 2411 859">
    <p class='ocr_par' dir='ltr' id='par_1_2' title="bbox 319 613 2411 859">
     <span class='ocr_line' id='line_1_2' title="bbox 319 613 2411 760; baseline 0.028 -80"><span class='ocrx_word' id='word_1_6' title='bbox 319 635 462 707; x_wconf 91' lang='lat' dir='ltr'><strong>quo</strong></span> <span class='ocrx_word' id='word_1_7' title='bbox 489 613 760 688; x_wconf 82' lang='lat' dir='ltr'><strong>facilius</strong></span> <span class='ocrx_word' id='word_1_8' title='bbox 780 640 849 690; x_wconf 89' lang='lat' dir='ltr'><strong>et</strong></span> <span class='ocrx_word' id='word_1_9' title='bbox 873 619 1257 698; x_wconf 85' lang='lat' dir='ltr'><strong>occurreret</strong></span> <span class='ocrx_word' id='word_1_10' title='bbox 1277 642 1295 671; x_wconf 87' lang='lat'><em>¹</em></span> <span class='ocrx_word' id='word_1_11' title='bbox 1326 655 1551 706; x_wconf 89' lang='lat' dir='ltr'><strong>unum</strong></span> <span class='ocrx_word' id='word_1_12' title='bbox 1580 665 1661 709; x_wconf 83' lang='lat' dir='ltr'><strong>ex</strong></span> <span class='ocrx_word' id='word_1_13' title='bbox 1683 642 2032 744; x_wconf 73' lang='lat' dir='ltr'><strong>pluribu8‚</strong></span> <span class='ocrx_word' id='word_1_14' title='bbox 2059 677 2159 749; x_wconf 84' lang='lat' dir='ltr'><strong>et,</strong></span> <span class='ocrx_word' id='word_1_15' title='bbox 2186 687 2411 760; x_wconf 92' lang='lat' dir='ltr'><strong>quum</strong></span> 
     </span>
     <span class='ocr_line' id='line_1_3' title="bbox 321 732 2130 859; baseline 0.027 -64"><span class='ocrx_word' id='word_1_16' title='bbox 321 743 590 800; x_wconf 85' lang='lat' dir='ltr'><strong>essent²</strong></span> <span class='ocrx_word' id='word_1_17' title='bbox 642 732 745 803; x_wconf 87' lang='lat' dir='ltr'><strong>usi</strong></span> <span class='ocrx_word' id='word_1_18' title='bbox 795 733 1028 834; x_wconf 85' lang='lat' dir='ltr'><strong>aliquo</strong></span> <span class='ocrx_word' id='word_1_19' title='bbox 1050 735 1103 827; x_wconf 80' lang='lat'><strong>³,</strong></span> <span class='ocrx_word' id='word_1_20' title='bbox 1152 740 1209 811; x_wconf 88' lang='lat' dir='ltr'><strong>si</strong></span> <span class='ocrx_word' id='word_1_21' title='bbox 1232 738 1261 796; x_wconf 75' lang='grc'>4</span> <span class='ocrx_word' id='word_1_22' title='bbox 1301 742 1506 819; x_wconf 87' lang='lat' dir='ltr'><strong>breve</strong></span> <span class='ocrx_word' id='word_1_23' title='bbox 1552 751 1732 827; x_wconf 85' lang='lat' dir='ltr'><strong>intra</strong></span> <span class='ocrx_word' id='word_1_24' title='bbox 1777 764 2083 859; x_wconf 82' lang='lat' dir='ltr'><strong>spatium</strong></span> <span class='ocrx_word' id='word_1_25' title='bbox 2103 770 2130 816; x_wconf 83' lang='lat'><strong>⁵</strong></span> 
     </span>
    </p>
   </div>
   <div class='ocr_carea' id='block_1_3' title="bbox 2339 566 2411 632">
    <p class='ocr_par' dir='ltr' id='par_1_3' title="bbox 2339 566 2411 632">
     <span class='ocr_line' id='line_1_4' title="bbox 2339 566 2411 632; baseline 0.014 -1"><span class='ocrx_word' id='word_1_26' title='bbox 2339 566 2411 632; x_wconf 82' lang='lat'><strong>¹7</strong></span> 
     </span>
    </p>
   </div>
   <div class='ocr_carea' id='block_1_4' title="bbox 2178 803 2413 854">
    <p class='ocr_par' dir='ltr' id='par_1_4' title="bbox 2178 803 2413 854">
     <span class='ocr_line' id='line_1_5' title="bbox 2178 803 2413 854; baseline 0.038 -8"><span class='ocrx_word' id='word_1_27' title='bbox 2178 803 2413 854; x_wconf 71' lang='lat' dir='ltr'><strong>rursus</strong></span> 
     </span>
    </p>
   </div>
   <div class='ocr_carea' id='block_1_5' title="bbox 322 840 2414 978">
    <p class='ocr_par' dir='ltr' id='par_1_5' title="bbox 322 840 2414 978">
     <span class='ocr_line' id='line_1_6' title="bbox 322 840 2414 978; baseline 0.029 -67"><span class='ocrx_word' id='word_1_28' title='bbox 322 840 823 920; x_wconf 84' lang='lat' dir='ltr'><strong>desideraretur</strong></span> <span class='ocrx_word' id='word_1_29' title='bbox 836 848 892 938; x_wconf 81' lang='lat'><strong>⁶,</strong></span> <span class='ocrx_word' id='word_1_30' title='bbox 919 853 1341 953; x_wconf 66' lang='lat' dir='ltr'><strong>effugiendae</strong></span> <span class='ocrx_word' id='word_1_31' title='bbox 1366 868 1789 962; x_wconf 84' lang='lat' dir='ltr'><strong>repetitionis</strong></span> <span class='ocrx_word' id='word_1_32' title='bbox 1813 884 2027 978; x_wconf 75' lang='lat' dir='ltr'><strong>gratia</strong></span> <span class='ocrx_word' id='word_1_33' title='bbox 2056 914 2414 971; x_wconf 83' lang='lat' dir='ltr'><strong>sumerent</strong></span> 
     </span>
    </p>
   </div>
   <div class='ocr_carea' id='block_1_6' title="bbox 318 954 1692 1078">
    <p class='ocr_par' dir='ltr' id='par_1_6' title="bbox 318 954 1692 1078">
     <span class='ocr_line' id='line_1_7' title="bbox 318 954 1692 1078; baseline 0.024 -53"><span class='ocrx_word' id='word_1_34' title='bbox 318 954 548 1046; x_wconf 82' lang='lat' dir='ltr'><strong>aliud,</strong></span> <span class='ocrx_word' id='word_1_35' title='bbox 597 987 738 1060; x_wconf 94' lang='lat' dir='ltr'><strong>quo</strong></span> <span class='ocrx_word' id='word_1_36' title='bbox 784 963 1017 1037; x_wconf 88' lang='lat' dir='ltr'><strong>idem7</strong></span> <span class='ocrx_word' id='word_1_37' title='bbox 1069 970 1360 1074; x_wconf 79' lang='lat' dir='ltr'><strong>intelligi</strong></span> <span class='ocrx_word' id='word_1_38' title='bbox 1408 1006 1637 1078; x_wconf 86' lang='lat' dir='ltr'><strong>posset</strong></span> <span class='ocrx_word' id='word_1_39' title='bbox 1663 987 1692 1035; x_wconf 78' lang='lat'><strong>⁸</strong></span> 
     </span>
    </p>
   </div>
   <div class='ocr_carea' id='block_1_7' title="bbox 323 1190 1325 1271">
    <p class='ocr_par' dir='ltr' id='par_1_7' title="bbox 323 1190 1325 1271">
     <span class='ocr_line' id='line_1_8' title="bbox 323 1190 1325 1271; baseline 0.018 -33"><span class='ocrx_word' id='word_1_40' title='bbox 323 1209 345 1231; x_wconf 80' lang='grc' dir='ltr'>ι</span> <span class='ocrx_word' id='word_1_41' title='bbox 365 1206 419 1239; x_wconf 87' lang='lat' dir='ltr'><strong>ra</strong></span> <span class='ocrx_word' id='word_1_42' title='bbox 432 1190 533 1255; x_wconf 75' lang='lat' dir='ltr'><strong>‚Et</strong></span> <span class='ocrx_word' id='word_1_43' title='bbox 549 1209 669 1264; x_wconf 80' lang='lat' dir='ltr'><strong>quoe</strong></span> <span class='ocrx_word' id='word_1_44' title='bbox 684 1195 821 1246; x_wconf 78' lang='lat' dir='ltr'><strong>idem</strong></span> <span class='ocrx_word' id='word_1_45' title='bbox 838 1196 1194 1271; x_wconf 68' lang='lat' dir='ltr'><strong>siqnificarent</strong></span> <span class='ocrx_word' id='word_1_46' title='bbox 1208 1204 1325 1258; x_wconf 75' lang='lat' dir='ltr'><strong>soli·</strong></span> 
     </span>
    </p>
   </div>
   <div class='ocr_carea' id='block_1_8' title="bbox 321 1269 1321 1354">
    <p class='ocr_par' dir='ltr' id='par_1_8' title="bbox 321 1269 1321 1354">
     <span class='ocr_line' id='line_1_9' title="bbox 321 1269 1321 1354; baseline 0.022 -39"><span class='ocrx_word' id='word_1_47' title='bbox 321 1289 343 1310; x_wconf 73' lang='grc' dir='ltr'><strong><em>α</em></strong></span> <span class='ocrx_word' id='word_1_48' title='bbox 362 1269 545 1320; x_wconf 73' lang='lat' dir='ltr'><strong>tosscio</strong></span> <span class='ocrx_word' id='word_1_49' title='bbox 556 1270 759 1325; x_wconf 79' lang='lat' dir='ltr'><strong>discere.</strong></span> <span class='ocrx_word' id='word_1_50' title='bbox 776 1276 920 1328; x_wconf 84' lang='lat' dir='ltr'><strong>Hauc</strong></span> <span class='ocrx_word' id='word_1_51' title='bbox 930 1279 1110 1351; x_wconf 83' lang='lat' dir='ltr'><strong>itaque</strong></span> <span class='ocrx_word' id='word_1_52' title='bbox 1120 1281 1279 1354; x_wconf 79' lang='lat' dir='ltr'><strong>Spald</strong></span> <span class='ocrx_word' id='word_1_53' title='bbox 1288 1324 1321 1352; x_wconf 88' lang='lat'><strong>.‚</strong></span> 
     </span>
    </p>
   </div>
   <div class='ocr_carea' id='block_1_9' title="bbox 319 1348 1322 1513">
    <p class='ocr_par' dir='ltr' id='par_1_9' title="bbox 319 1348 1322 1513">
     <span class='ocr_line' id='line_1_10' title="bbox 319 1348 1322 1420; baseline 0.018 -22"><span class='ocrx_word' id='word_1_54' title='bbox 319 1367 342 1391; x_wconf 71' lang='grc' dir='ltr'><em>α</em></span> <span class='ocrx_word' id='word_1_55' title='bbox 360 1348 458 1398; x_wconf 80' lang='lat' dir='ltr'><strong>nisi</strong></span> <span class='ocrx_word' id='word_1_56' title='bbox 491 1350 637 1420; x_wconf 87' lang='lat' dir='ltr'><strong>quod</strong></span> <span class='ocrx_word' id='word_1_57' title='bbox 667 1371 696 1403; x_wconf 89' lang='lat' dir='ltr'><strong>e</strong></span> <span class='ocrx_word' id='word_1_58' title='bbox 719 1355 896 1406; x_wconf 88' lang='lat' dir='ltr'><strong>Turic.</strong></span> <span class='ocrx_word' id='word_1_59' title='bbox 931 1358 1149 1412; x_wconf 76' lang='lat' dir='ltr'><strong>ediscere</strong></span> <span class='ocrx_word' id='word_1_60' title='bbox 1172 1366 1322 1416; x_wconf 83' lang='lat' dir='ltr'><strong>resti-</strong></span> 
     </span>
     <span class='ocr_line' id='line_1_11' title="bbox 320 1427 1322 1513; baseline 0.019 -37"><span class='ocrx_word' id='word_1_61' title='bbox 320 1446 343 1470; x_wconf 77' lang='lat'><strong>·</strong></span> <span class='ocrx_word' id='word_1_62' title='bbox 362 1427 618 1480; x_wconf 79' lang='lat' dir='ltr'><strong>tuendum</strong></span> <span class='ocrx_word' id='word_1_63' title='bbox 641 1430 741 1483; x_wconf 71' lang='lat' dir='ltr'><strong>sibi</strong></span> <span class='ocrx_word' id='word_1_64' title='bbox 765 1451 878 1485; x_wconf 78' lang='lat' dir='ltr'><strong>esse</strong></span> <span class='ocrx_word' id='word_1_65' title='bbox 902 1452 1165 1506; x_wconf 77' lang='lat' dir='ltr'><strong>censeret,</strong></span> <span class='ocrx_word' id='word_1_66' title='bbox 1189 1461 1322 1513; x_wconf 73' lang='lat' dir='ltr'><strong>prae-</strong></span> 
     </span>
    </p>
   </div>
   <div class='ocr_carea' id='block_1_10' title="bbox 292 1509 1317 3020">
    <p class='ocr_par' dir='ltr' id='par_1_10' title="bbox 292 1509 1317 3020">
     <span class='ocr_line' id='line_1_12' title="bbox 316 1509 1316 1584; baseline 0.019 -29"><span class='ocrx_word' id='word_1_67' title='bbox 316 1524 339 1549; x_wconf 77' lang='lat'><strong>·</strong></span> <span class='ocrx_word' id='word_1_68' title='bbox 358 1510 538 1576; x_wconf 87' lang='lat' dir='ltr'><strong>posuit</strong></span> <span class='ocrx_word' id='word_1_69' title='bbox 565 1509 1001 1584; x_wconf 76' lang='lat' dir='ltr'><strong>subsequentium</strong></span> <span class='ocrx_word' id='word_1_70' title='bbox 1024 1517 1316 1574; x_wconf 84' lang='lat' dir='ltr'><strong>editionum</strong></span> 
     </span>
     <span class='ocr_line' id='line_1_13' title="bbox 315 1589 1316 1674; baseline 0.018 -38"><span class='ocrx_word' id='word_1_71' title='bbox 315 1608 338 1630; x_wconf 71' lang='lat' dir='ltr'>a</span> <span class='ocrx_word' id='word_1_72' title='bbox 357 1589 630 1658; x_wconf 62' lang='lat' dir='ltr'><strong>scripturae</strong></span> <span class='ocrx_word' id='word_1_73' title='bbox 667 1591 921 1661; x_wconf 79' lang='lat' dir='ltr'><strong>pleniori,</strong></span> <span class='ocrx_word' id='word_1_74' title='bbox 960 1615 1117 1668; x_wconf 84' lang='lat' dir='ltr'><strong>quam</strong></span> <span class='ocrx_word' id='word_1_75' title='bbox 1159 1619 1316 1674; x_wconf 81' lang='lat' dir='ltr'><strong>supra</strong></span> 
     </span>
     <span class='ocr_line' id='line_1_14' title="bbox 314 1671 1316 1750; baseline 0.019 -35"><span class='ocrx_word' id='word_1_76' title='bbox 314 1687 338 1709; x_wconf 76' lang='grc' dir='ltr'>ι</span> <span class='ocrx_word' id='word_1_77' title='bbox 357 1671 538 1736; x_wconf 77' lang='lat' dir='ltr'><strong>posui3</strong></span> <span class='ocrx_word' id='word_1_78' title='bbox 568 1688 742 1741; x_wconf 85' lang='lat' dir='ltr'><strong>neque</strong></span> <span class='ocrx_word' id='word_1_79' title='bbox 767 1676 1047 1747; x_wconf 82' lang='lat' dir='ltr'><strong>quisquam</strong></span> <span class='ocrx_word' id='word_1_80' title='bbox 1069 1681 1316 1750; x_wconf 82' lang='lat' dir='ltr'><strong>profecto</strong></span> 
     </span>
     <span class='ocr_line' id='line_1_15' title="bbox 310 1743 1316 1829; baseline 0.021 -35"><span class='ocrx_word' id='word_1_81' title='bbox 310 1766 338 1788; x_wconf 71' lang='grc' dir='ltr'>ι</span> <span class='ocrx_word' id='word_1_82' title='bbox 355 1743 569 1800; x_wconf 88' lang='lat' dir='ltr'><strong>damnet</strong></span> <span class='ocrx_word' id='word_1_83' title='bbox 592 1749 898 1821; x_wconf 74' lang='lat' dir='ltr'><strong>religionem</strong></span> <span class='ocrx_word' id='word_1_84' title='bbox 926 1757 1047 1821; x_wconf 83' lang='lat' dir='ltr'><strong>viri,</strong></span> <span class='ocrx_word' id='word_1_85' title='bbox 1077 1774 1316 1829; x_wconf 86' lang='lat' dir='ltr'><strong>repetere</strong></span> 
     </span>
     <span class='ocr_line' id='line_1_16' title="bbox 310 1829 1316 1909; baseline 0.02 -35"><span class='ocrx_word' id='word_1_86' title='bbox 310 1846 334 1869; x_wconf 82' lang='grc' dir='ltr'>ι</span> <span class='ocrx_word' id='word_1_87' title='bbox 355 1829 578 1879; x_wconf 79' lang='lat' dir='ltr'><strong>verentis</strong></span> <span class='ocrx_word' id='word_1_88' title='bbox 594 1867 611 1892; x_wconf 89' lang='lat'>‚</span> <span class='ocrx_word' id='word_1_89' title='bbox 659 1848 807 1902; x_wconf 67' lang='lat' dir='ltr'><strong>qun,</strong></span> <span class='ocrx_word' id='word_1_90' title='bbox 854 1835 997 1887; x_wconf 87' lang='lat' dir='ltr'><strong>unde</strong></span> <span class='ocrx_word' id='word_1_91' title='bbox 1043 1836 1316 1909; x_wconf 84' lang='lat' dir='ltr'><strong>fluxerint,</strong></span> 
     </span>
     <span class='ocr_line' id='line_1_17' title="bbox 309 1906 1317 1978; baseline 0.02 -26"><span class='ocrx_word' id='word_1_92' title='bbox 309 1924 333 1946; x_wconf 74' lang='lat' dir='ltr'><strong>n</strong></span> <span class='ocrx_word' id='word_1_93' title='bbox 354 1921 511 1955; x_wconf 89' lang='lat' dir='ltr'><strong>nemo</strong></span> <span class='ocrx_word' id='word_1_94' title='bbox 532 1906 736 1961; x_wconf 82' lang='lat' dir='ltr'><strong>dixerit.</strong></span> <span class='ocrx_word' id='word_1_95' title='bbox 756 1911 917 1978; x_wconf 88' lang='lat' dir='ltr'><strong>Quod</strong></span> <span class='ocrx_word' id='word_1_96' title='bbox 941 1928 1118 1968; x_wconf 88' lang='lat' dir='ltr'><strong>autem</strong></span> <span class='ocrx_word' id='word_1_97' title='bbox 1141 1936 1171 1969; x_wconf 93' lang='lat' dir='ltr'><strong>e</strong></span> <span class='ocrx_word' id='word_1_98' title='bbox 1193 1918 1317 1971; x_wconf 80' lang='lat' dir='ltr'><strong>Phi-</strong></span> 
     </span>
     <span class='ocr_line' id='line_1_18' title="bbox 307 1980 1317 2069; baseline 0.02 -38"><span class='ocrx_word' id='word_1_99' title='bbox 307 2004 331 2024; x_wconf 78' lang='lat'><strong>·-</strong></span> <span class='ocrx_word' id='word_1_100' title='bbox 351 1980 520 2036; x_wconf 85' lang='lat' dir='ltr'><strong>landri</strong></span> <span class='ocrx_word' id='word_1_101' title='bbox 541 1984 630 2037; x_wconf 83' lang='lat' dir='ltr'><strong>illa</strong></span> <span class='ocrx_word' id='word_1_102' title='bbox 659 2007 772 2042; x_wconf 82' lang='lat' dir='ltr'><strong>esso</strong></span> <span class='ocrx_word' id='word_1_103' title='bbox 800 1993 1111 2062; x_wconf 82' lang='lat' dir='ltr'><strong>conjectura</strong></span> <span class='ocrx_word' id='word_1_104' title='bbox 1144 2001 1317 2069; x_wconf 77' lang='lat' dir='ltr'><strong>suspi-</strong></span> 
     </span>
     <span class='ocr_line' id='line_1_19' title="bbox 303 2070 1315 2130; baseline 0.018 -19"><span class='ocrx_word' id='word_1_105' title='bbox 303 2082 329 2105; x_wconf 79' lang='lat'><strong>·</strong></span> <span class='ocrx_word' id='word_1_106' title='bbox 349 2076 558 2115; x_wconf 84' lang='lat' dir='ltr'><strong>caretur</strong></span> <span class='ocrx_word' id='word_1_107' title='bbox 574 2103 592 2130; x_wconf 83' lang='lat'>‚</span> <span class='ocrx_word' id='word_1_108' title='bbox 642 2070 875 2122; x_wconf 83' lang='lat' dir='ltr'><strong>animum</strong></span> <span class='ocrx_word' id='word_1_109' title='bbox 927 2090 1036 2124; x_wconf 91' lang='lat' dir='ltr'><strong>non</strong></span> <span class='ocrx_word' id='word_1_110' title='bbox 1092 2074 1315 2129; x_wconf 84' lang='lat' dir='ltr'><strong>advertit</strong></span> 
     </span>
     <span class='ocr_line' id='line_1_20' title="bbox 304 2141 1310 2222; baseline 0.018 -32"><span class='ocrx_word' id='word_1_111' title='bbox 304 2162 328 2184; x_wconf 77' lang='lat'><strong>«-</strong></span> <span class='ocrx_word' id='word_1_112' title='bbox 349 2141 527 2212; x_wconf 78' lang='lat' dir='ltr'><strong>Spald.</strong></span> <span class='ocrx_word' id='word_1_113' title='bbox 552 2144 620 2195; x_wconf 83' lang='lat' dir='ltr'><strong>ad</strong></span> <span class='ocrx_word' id='word_1_114' title='bbox 646 2160 755 2198; x_wconf 88' lang='lat' dir='ltr'><strong>not.</strong></span> <span class='ocrx_word' id='word_1_115' title='bbox 782 2167 944 2219; x_wconf 79' lang='lat' dir='ltr'><strong>marg.</strong></span> <span class='ocrx_word' id='word_1_116' title='bbox 975 2152 1160 2218; x_wconf 55' lang='lat' dir='ltr'><strong>Basti„</strong></span> <span class='ocrx_word' id='word_1_117' title='bbox 1192 2153 1310 2222; x_wconf 85' lang='lat' dir='ltr'><strong>ubi,</strong></span> 
     </span>
     <span class='ocr_line' id='line_1_21' title="bbox 302 2220 1307 2302; baseline 0.018 -32"><span class='ocrx_word' id='word_1_118' title='bbox 302 2241 329 2264; x_wconf 77' lang='grc' dir='ltr'><strong>οι</strong></span> <span class='ocrx_word' id='word_1_119' title='bbox 349 2220 501 2294; x_wconf 73' lang='lat' dir='ltr'><strong>lonqe</strong></span> <span class='ocrx_word' id='word_1_120' title='bbox 526 2223 684 2278; x_wconf 82' lang='lat' dir='ltr'><strong>aliter</strong></span> <span class='ocrx_word' id='word_1_121' title='bbox 714 2226 841 2300; x_wconf 66' lang='lat' dir='ltr'><strong>legit</strong></span> <span class='ocrx_word' id='word_1_122' title='bbox 871 2229 1007 2283; x_wconf 72' lang='lat' dir='ltr'><strong>banc</strong></span> <span class='ocrx_word' id='word_1_123' title='bbox 1033 2235 1307 2302; x_wconf 81' lang='lat' dir='ltr'><strong>periodum</strong></span> 
     </span>
     <span class='ocr_line' id='line_1_22' title="bbox 303 2305 1309 2378; baseline 0.019 -29"><span class='ocrx_word' id='word_1_124' title='bbox 303 2320 327 2343; x_wconf 79' lang='grc' dir='ltr'><strong>ιι</strong></span> <span class='ocrx_word' id='word_1_125' title='bbox 348 2311 570 2354; x_wconf 76' lang='lat' dir='ltr'><strong>vetustus</strong></span> <span class='ocrx_word' id='word_1_126' title='bbox 608 2305 729 2357; x_wconf 85' lang='lat' dir='ltr'><strong>Cod.</strong></span> <span class='ocrx_word' id='word_1_127' title='bbox 762 2307 828 2378; x_wconf 84' lang='lat' dir='ltr'><strong>(e</strong></span> <span class='ocrx_word' id='word_1_128' title='bbox 866 2308 1083 2362; x_wconf 84' lang='lat' dir='ltr'><strong>Polonia</strong></span> <span class='ocrx_word' id='word_1_129' title='bbox 1121 2312 1189 2364; x_wconf 79' lang='lat' dir='ltr'><strong>ad</strong></span> <span class='ocrx_word' id='word_1_130' title='bbox 1224 2315 1309 2368; x_wconf 85' lang='lat' dir='ltr'><strong>si-</strong></span> 
     </span>
     <span class='ocr_line' id='line_1_23' title="bbox 302 2379 1306 2459; baseline 0.017 -31"><span class='ocrx_word' id='word_1_131' title='bbox 302 2403 325 2423; x_wconf 82' lang='lat'><strong>·</strong></span> <span class='ocrx_word' id='word_1_132' title='bbox 348 2379 599 2448; x_wconf 67' lang='lat' dir='ltr'><strong>char-dum</strong></span> <span class='ocrx_word' id='word_1_133' title='bbox 636 2385 862 2455; x_wconf 70' lang='lat' dir='ltr'><strong>missus)</strong></span> <span class='ocrx_word' id='word_1_134' title='bbox 893 2400 944 2454; x_wconf 75' lang='lat' dir='ltr'><strong>et</strong></span> <span class='ocrx_word' id='word_1_135' title='bbox 974 2390 1081 2459; x_wconf 73' lang='lat' dir='ltr'><strong>ipse</strong></span> <span class='ocrx_word' id='word_1_136' title='bbox 1109 2390 1306 2455; x_wconf 80' lang='lat' dir='ltr'><strong>Aldus,-</strong></span> 
     </span>
     <span class='ocr_line' id='line_1_24' title="bbox 300 2461 1310 2539; baseline 0.017 -31"><span class='ocrx_word' id='word_1_137' title='bbox 300 2480 325 2502; x_wconf 68' lang='grc' dir='ltr'>ι</span> <span class='ocrx_word' id='word_1_138' title='bbox 346 2461 481 2511; x_wconf 78' lang='lat' dir='ltr'><strong>unde</strong></span> <span class='ocrx_word' id='word_1_139' title='bbox 506 2480 613 2514; x_wconf 82' lang='lat' dir='ltr'><strong>non</strong></span> <span class='ocrx_word' id='word_1_140' title='bbox 636 2462 933 2519; x_wconf 78' lang='lat' dir='ltr'><strong>dubitamus</strong></span> <span class='ocrx_word' id='word_1_141' title='bbox 954 2469 1085 2539; x_wconf 79' lang='lat' dir='ltr'><strong>quin</strong></span> <span class='ocrx_word' id='word_1_142' title='bbox 1119 2491 1152 2521; x_wconf 82' lang='lat' dir='ltr'><strong><em>a</em></strong></span> <span class='ocrx_word' id='word_1_143' title='bbox 1185 2491 1310 2524; x_wconf 78' lang='lat' dir='ltr'><strong>neo-</strong></span> 
     </span>
     <span class='ocr_line' id='line_1_25' title="bbox 298 2540 1303 2605; baseline 0.019 -19"><span class='ocrx_word' id='word_1_144' title='bbox 298 2559 324 2583; x_wconf 76' lang='lat'><strong>·</strong></span> <span class='ocrx_word' id='word_1_145' title='bbox 346 2540 498 2593; x_wconf 84' lang='lat' dir='ltr'><strong>terico</strong></span> <span class='ocrx_word' id='word_1_146' title='bbox 521 2540 605 2593; x_wconf 72' lang='lat' dir='ltr'><strong>hic</strong></span> <span class='ocrx_word' id='word_1_147' title='bbox 624 2541 768 2596; x_wconf 74' lang='lat' dir='ltr'><strong>locus</strong></span> <span class='ocrx_word' id='word_1_148' title='bbox 784 2547 852 2596; x_wconf 75' lang='lat' dir='ltr'><strong>sit</strong></span> <span class='ocrx_word' id='word_1_149' title='bbox 867 2565 1148 2601; x_wconf 75' lang='lat' dir='ltr'><strong>conversus.</strong></span> <span class='ocrx_word' id='word_1_150' title='bbox 1168 2552 1303 2605; x_wconf 88' lang='lat' dir='ltr'><strong>Hinc</strong></span> 
     </span>
     <span class='ocr_line' id='line_1_26' title="bbox 298 2621 1301 2702; baseline 0.02 -38"><span class='ocrx_word' id='word_1_151' title='bbox 298 2639 323 2662; x_wconf 71' lang='lat' dir='ltr'><strong>a</strong></span> <span class='ocrx_word' id='word_1_152' title='bbox 343 2632 564 2688; x_wconf 79' lang='lat' dir='ltr'><strong>apparet</strong></span> <span class='ocrx_word' id='word_1_153' title='bbox 588 2621 738 2673; x_wconf 82' lang='lat' dir='ltr'><strong>Basil.</strong></span> <span class='ocrx_word' id='word_1_154' title='bbox 767 2622 890 2676; x_wconf 87' lang='lat' dir='ltr'><strong>edit.</strong></span> <span class='ocrx_word' id='word_1_155' title='bbox 914 2624 1049 2679; x_wconf 84' lang='lat' dir='ltr'><strong>hanc</strong></span> <span class='ocrx_word' id='word_1_156' title='bbox 1069 2632 1301 2702; x_wconf 82' lang='lat' dir='ltr'><strong>scriptu·</strong></span> 
     </span>
     <span class='ocr_line' id='line_1_27' title="bbox 296 2705 1303 2776; baseline 0.019 -29"><span class='ocrx_word' id='word_1_157' title='bbox 296 2718 320 2741; x_wconf 81' lang='grc' dir='ltr'>ι</span> <span class='ocrx_word' id='word_1_158' title='bbox 342 2716 449 2749; x_wconf 86' lang='lat' dir='ltr'><strong>ram</strong></span> <span class='ocrx_word' id='word_1_159' title='bbox 472 2718 583 2751; x_wconf 89' lang='lat' dir='ltr'><strong>non</strong></span> <span class='ocrx_word' id='word_1_160' title='bbox 608 2714 877 2774; x_wconf 81' lang='lat' dir='ltr'><strong>tamquam</strong></span> <span class='ocrx_word' id='word_1_161' title='bbox 898 2705 1193 2776; x_wconf 77' lang='lat' dir='ltr'><strong>Phihndri,</strong></span> <span class='ocrx_word' id='word_1_162' title='bbox 1218 2732 1303 2765; x_wconf 85' lang='lat' dir='ltr'><strong>cu·</strong></span> 
     </span>
     <span class='ocr_line' id='line_1_28' title="bbox 293 2779 1298 2851; baseline 0.019 -24"><span class='ocrx_word' id='word_1_163' title='bbox 293 2798 320 2821; x_wconf 82' lang='lat'><strong>‹-</strong></span> <span class='ocrx_word' id='word_1_164' title='bbox 331 2779 422 2846; x_wconf 71' lang='lat' dir='ltr'><strong>jns</strong></span> <span class='ocrx_word' id='word_1_165' title='bbox 458 2783 831 2851; x_wconf 74' lang='lat' dir='ltr'><strong>castigationes</strong></span> <span class='ocrx_word' id='word_1_166' title='bbox 866 2787 921 2837; x_wconf 89' lang='lat' dir='ltr'><strong>in</strong></span> <span class='ocrx_word' id='word_1_167' title='bbox 957 2788 1135 2842; x_wconf 82' lang='lat' dir='ltr'><strong>fronte</strong></span> <span class='ocrx_word' id='word_1_168' title='bbox 1177 2792 1298 2846; x_wconf 83' lang='lat' dir='ltr'><strong>libri</strong></span> 
     </span>
     <span class='ocr_line' id='line_1_29' title="bbox 292 2859 1298 2943; baseline 0.022 -40"><span class='ocrx_word' id='word_1_169' title='bbox 292 2877 317 2901; x_wconf 78' lang='grc' dir='ltr'><strong>ιι</strong></span> <span class='ocrx_word' id='word_1_170' title='bbox 336 2859 626 2926; x_wconf 62' lang='lat' dir='ltr'><strong>promittit,</strong></span> <span class='ocrx_word' id='word_1_171' title='bbox 668 2862 1089 2920; x_wconf 76' lang='lat' dir='ltr'><strong>emendationem</strong></span> <span class='ocrx_word' id='word_1_172' title='bbox 1124 2870 1298 2943; x_wconf 87' lang='lat' dir='ltr'><strong>adop-</strong></span> 
     </span>
     <span class='ocr_line' id='line_1_30' title="bbox 292 2938 1292 3020; baseline 0.02 -35"><span class='ocrx_word' id='word_1_173' title='bbox 292 2957 318 2981; x_wconf 77' lang='lat'><strong>·</strong></span> <span class='ocrx_word' id='word_1_174' title='bbox 340 2950 505 3002; x_wconf 77' lang='lat' dir='ltr'><strong>tasse,</strong></span> <span class='ocrx_word' id='word_1_175' title='bbox 524 2938 617 2990; x_wconf 67' lang='lat' dir='ltr'><strong>sed</strong></span> <span class='ocrx_word' id='word_1_176' title='bbox 638 2942 690 2990; x_wconf 89' lang='lat' dir='ltr'><strong>in</strong></span> <span class='ocrx_word' id='word_1_177' title='bbox 710 2941 866 2994; x_wconf 80' lang='lat' dir='ltr'><strong>editis</strong></span> <span class='ocrx_word' id='word_1_178' title='bbox 878 2947 989 3014; x_wconf 79' lang='lat' dir='ltr'><strong>jam</strong></span> <span class='ocrx_word' id='word_1_179' title='bbox 1010 2953 1292 3020; x_wconf 71' lang='lat' dir='ltr'><strong>reperisse-3</strong></span> 
     </span>
    </p>
   </div>
   <div class='ocr_carea' id='block_1_11' title="bbox 1724 1000 2417 1101">
    <p class='ocr_par' dir='ltr' id='par_1_11' title="bbox 1724 1000 2417 1101">
     <span class='ocr_line' id='line_1_31' title="bbox 1724 1000 2417 1101; baseline 0.04 -40"><span class='ocrx_word' id='word_1_180' title='bbox 1724 1017 1742 1061; x_wconf 89' lang='lat'>:</span> <span class='ocrx_word' id='word_1_181' title='bbox 1798 1000 1989 1094; x_wconf 90' lang='lat' dir='ltr'><strong>quod</strong></span> <span class='ocrx_word' id='word_1_182' title='bbox 2037 1030 2261 1101; x_wconf 89' lang='lat' dir='ltr'><strong>quum</strong></span> <span class='ocrx_word' id='word_1_183' title='bbox 2313 1039 2417 1088; x_wconf 87' lang='lat' dir='ltr'><strong>est</strong></span> 
     </span>
    </p>
   </div>
   <div class='ocr_carea' id='block_1_12' title="bbox 1396 1221 2409 1910">
    <p class='ocr_par' dir='ltr' id='par_1_12' title="bbox 1405 1221 2409 1307">
     <span class='ocr_line' id='line_1_32' title="bbox 1405 1221 2409 1307; baseline 0.035 -45"><span class='ocrx_word' id='word_1_184' title='bbox 1405 1229 1435 1263; x_wconf 92' lang='lat' dir='ltr'><strong>e</strong></span> <span class='ocrx_word' id='word_1_185' title='bbox 1474 1221 1668 1272; x_wconf 72' lang='lat' dir='ltr'><strong>nostris</strong></span> <span class='ocrx_word' id='word_1_186' title='bbox 1715 1221 1884 1278; x_wconf 88' lang='lat' dir='ltr'><strong>Codd.</strong></span> <span class='ocrx_word' id='word_1_187' title='bbox 1933 1235 2045 1284; x_wconf 86' lang='lat' dir='ltr'><strong>erui</strong></span> <span class='ocrx_word' id='word_1_188' title='bbox 2081 1251 2275 1307; x_wconf 79' lang='lat' dir='ltr'><strong>potest.</strong></span> <span class='ocrx_word' id='word_1_189' title='bbox 2315 1245 2409 1297; x_wconf 85' lang='lat' dir='ltr'><strong>En.</strong></span> 
     </span>
    </p>

    <p class='ocr_par' dir='ltr' id='par_1_13' title="bbox 1402 1299 2409 1430">
     <span class='ocr_line' id='line_1_33' title="bbox 1480 1299 2409 1389; baseline 0.033 -45"><span class='ocrx_word' id='word_1_190' title='bbox 1480 1310 1523 1345; x_wconf 86' lang='lat'><strong>1.</strong></span> <span class='ocrx_word' id='word_1_191' title='bbox 1567 1299 1878 1357; x_wconf 61' lang='lat' dir='ltr'><strong>Occurrent.</strong></span> <span class='ocrx_word' id='word_1_192' title='bbox 1915 1309 2110 1381; x_wconf 59' lang='lat' dir='ltr'><strong>Caum,</strong></span> <span class='ocrx_word' id='word_1_193' title='bbox 2145 1333 2409 1389; x_wconf 80' lang='lat' dir='ltr'><strong>occurrat,</strong></span> 
     </span>
     <span class='ocr_line' id='line_1_34' title="bbox 1402 1375 1666 1430; baseline 0.034 -9"><span class='ocrx_word' id='word_1_194' title='bbox 1402 1388 1524 1424; x_wconf 86' lang='lat' dir='ltr'><strong>cnm</strong></span> <span class='ocrx_word' id='word_1_195' title='bbox 1546 1375 1666 1430; x_wconf 87' lang='lat' dir='ltr'><strong>Ald.</strong></span> 
     </span>
    </p>

    <p class='ocr_par' dir='ltr' id='par_1_14' title="bbox 1396 1457 2409 1910">
     <span class='ocr_line' id='line_1_35' title="bbox 1473 1457 2405 1537; baseline 0.034 -34"><span class='ocrx_word' id='word_1_196' title='bbox 1473 1469 1522 1503; x_wconf 85' lang='lat'><strong>2.</strong></span> <span class='ocrx_word' id='word_1_197' title='bbox 1544 1457 1728 1510; x_wconf 73' lang='lat' dir='ltr'><strong>Essent</strong></span> <span class='ocrx_word' id='word_1_198' title='bbox 1748 1464 1840 1516; x_wconf 74' lang='lat' dir='ltr'><strong>usi.</strong></span> <span class='ocrx_word' id='word_1_199' title='bbox 1863 1467 2036 1523; x_wconf 85' lang='lat' dir='ltr'><strong>Turio.</strong></span> <span class='ocrx_word' id='word_1_200' title='bbox 2050 1511 2067 1537; x_wconf 79' lang='lat'>,</span> <span class='ocrx_word' id='word_1_201' title='bbox 2091 1488 2255 1528; x_wconf 74' lang='lat' dir='ltr'><strong>essent</strong></span> <span class='ocrx_word' id='word_1_202' title='bbox 2275 1484 2405 1534; x_wconf 75' lang='lat' dir='ltr'><strong>usui.</strong></span> 
     </span>
     <span class='ocr_line' id='line_1_36' title="bbox 1397 1528 2409 1631; baseline 0.035 -52"><span class='ocrx_word' id='word_1_203' title='bbox 1397 1528 1536 1582; x_wconf 89' lang='lat' dir='ltr'><strong>Flor.</strong></span> <span class='ocrx_word' id='word_1_204' title='bbox 1563 1534 1738 1590; x_wconf 82' lang='lat' dir='ltr'><strong>Guelf.</strong></span> <span class='ocrx_word' id='word_1_205' title='bbox 1764 1543 1925 1597; x_wconf 65' lang='lat' dir='ltr'><strong>cmv.</strong></span> <span class='ocrx_word' id='word_1_206' title='bbox 1955 1547 2077 1618; x_wconf 87' lang='lat' dir='ltr'><strong>(hic</strong></span> <span class='ocrx_word' id='word_1_207' title='bbox 2108 1565 2159 1604; x_wconf 82' lang='lat' dir='ltr'><strong>et</strong></span> <span class='ocrx_word' id='word_1_208' title='bbox 2195 1575 2409 1631; x_wconf 85' lang='lat' dir='ltr'><strong>quoque</strong></span> 
     </span>
     <span class='ocr_line' id='line_1_37' title="bbox 1400 1612 2405 1698; baseline 0.036 -41"><span class='ocrx_word' id='word_1_209' title='bbox 1400 1612 1592 1664; x_wconf 85' lang='lat' dir='ltr'><strong>omittit</strong></span> <span class='ocrx_word' id='word_1_210' title='bbox 1616 1631 1739 1686; x_wconf 84' lang='lat' dir='ltr'><strong>post</strong></span> <span class='ocrx_word' id='word_1_211' title='bbox 1756 1620 1898 1691; x_wconf 84' lang='lat' dir='ltr'><strong>plur.</strong></span> <span class='ocrx_word' id='word_1_212' title='bbox 1918 1627 1938 1690; x_wconf 93' lang='lat'>)</span> <span class='ocrx_word' id='word_1_213' title='bbox 1965 1643 2087 1684; x_wconf 79' lang='lat' dir='ltr'><strong>esset</strong></span> <span class='ocrx_word' id='word_1_214' title='bbox 2108 1635 2254 1698; x_wconf 80' lang='lat' dir='ltr'><strong>usui,</strong></span> <span class='ocrx_word' id='word_1_215' title='bbox 2285 1657 2405 1692; x_wconf 86' lang='lat' dir='ltr'><strong>cum</strong></span> 
     </span>
     <span class='ocr_line' id='line_1_38' title="bbox 1396 1685 2407 1785; baseline 0.035 -48"><span class='ocrx_word' id='word_1_216' title='bbox 1396 1685 1557 1742; x_wconf 84' lang='lat' dir='ltr'><strong>Goth.</strong></span> <span class='ocrx_word' id='word_1_217' title='bbox 1582 1696 1734 1748; x_wconf 76' lang='lat' dir='ltr'><strong>Voss.</strong></span> <span class='ocrx_word' id='word_1_218' title='bbox 1761 1716 1820 1765; x_wconf 76' lang='lat'><strong>2,</strong></span> <span class='ocrx_word' id='word_1_219' title='bbox 1843 1702 1981 1755; x_wconf 76' lang='lat' dir='ltr'><strong>Alm.</strong></span> <span class='ocrx_word' id='word_1_220' title='bbox 2008 1708 2352 1785; x_wconf 86' lang='lat' dir='ltr'><strong>(quamquam</strong></span> <span class='ocrx_word' id='word_1_221' title='bbox 2377 1740 2407 1770; x_wconf 89' lang='lat' dir='ltr'><strong>e</strong></span> 
     </span>
     <span class='ocr_line' id='line_1_39' title="bbox 1396 1764 2408 1868; baseline 0.036 -53"><span class='ocrx_word' id='word_1_222' title='bbox 1396 1764 1609 1822; x_wconf 81' lang='lat' dir='ltr'><strong>duobus</strong></span> <span class='ocrx_word' id='word_1_223' title='bbox 1624 1782 1902 1843; x_wconf 77' lang='lat' dir='ltr'><strong>postremis</strong></span> <span class='ocrx_word' id='word_1_224' title='bbox 1912 1796 2035 1837; x_wconf 75' lang='lat' dir='ltr'><strong>esset</strong></span> <span class='ocrx_word' id='word_1_225' title='bbox 2046 1807 2153 1842; x_wconf 85' lang='lat' dir='ltr'><strong>non</strong></span> <span class='ocrx_word' id='word_1_226' title='bbox 2165 1794 2408 1868; x_wconf 80' lang='lat' dir='ltr'><strong>affertur)</strong></span> 
     </span>
     <span class='ocr_line' id='line_1_40' title="bbox 1398 1845 1918 1910; baseline 0.033 -16"><span class='ocrx_word' id='word_1_227' title='bbox 1398 1857 1451 1896; x_wconf 83' lang='lat' dir='ltr'><strong>et</strong></span> <span class='ocrx_word' id='word_1_228' title='bbox 1473 1845 1595 1899; x_wconf 89' lang='lat' dir='ltr'><strong>edd.</strong></span> <span class='ocrx_word' id='word_1_229' title='bbox 1618 1866 1742 1904; x_wconf 85' lang='lat' dir='ltr'><strong>ante</strong></span> <span class='ocrx_word' id='word_1_230' title='bbox 1765 1857 1918 1910; x_wconf 81' lang='lat' dir='ltr'><strong>Basil.</strong></span> 
     </span>
    </p>
   </div>
   <div class='ocr_carea' id='block_1_13' title="bbox 1393 1924 2403 2086">
    <p class='ocr_par' dir='ltr' id='par_1_15' title="bbox 1393 1924 2403 2086">
     <span class='ocr_line' id='line_1_41' title="bbox 1468 1924 2403 2022; baseline 0.035 -47"><span class='ocrx_word' id='word_1_231' title='bbox 1468 1924 1519 1977; x_wconf 83' lang='lat'><strong>3.</strong></span> <span class='ocrx_word' id='word_1_232' title='bbox 1541 1926 1759 2002; x_wconf 81' lang='lat' dir='ltr'><strong>Aliquo.</strong></span> <span class='ocrx_word' id='word_1_233' title='bbox 1784 1935 1968 2022; x_wconf 49' lang='lat' dir='ltr'><strong>Cura,</strong></span> <span class='ocrx_word' id='word_1_234' title='bbox 1982 1943 2201 2018; x_wconf 79' lang='lat' dir='ltr'><strong>aliquid.</strong></span> <span class='ocrx_word' id='word_1_235' title='bbox 2221 1952 2403 2022; x_wconf 59' lang='lat' dir='ltr'><strong>Goth„</strong></span> 
     </span>
     <span class='ocr_line' id='line_1_42' title="bbox 1393 1999 2403 2086; baseline 0.034 -36"><span class='ocrx_word' id='word_1_236' title='bbox 1393 1999 1639 2073; x_wconf 77' lang='lat' dir='ltr'><strong>aliquod,</strong></span> <span class='ocrx_word' id='word_1_237' title='bbox 1666 2028 1786 2061; x_wconf 88' lang='lat' dir='ltr'><strong>cum</strong></span> <span class='ocrx_word' id='word_1_238' title='bbox 1811 2017 1962 2070; x_wconf 85' lang='lat' dir='ltr'><strong>Voss.</strong></span> <span class='ocrx_word' id='word_1_239' title='bbox 1988 2037 2045 2086; x_wconf 81' lang='lat'><strong>2,</strong></span> <span class='ocrx_word' id='word_1_240' title='bbox 2066 2037 2118 2074; x_wconf 89' lang='lat' dir='ltr'><strong>et</strong></span> <span class='ocrx_word' id='word_1_241' title='bbox 2137 2026 2258 2079; x_wconf 87' lang='lat' dir='ltr'><strong>edd.</strong></span> <span class='ocrx_word' id='word_1_242' title='bbox 2282 2045 2403 2082; x_wconf 81' lang='lat' dir='ltr'><strong>ante</strong></span> 
     </span>
    </p>
   </div>
   <div class='ocr_carea' id='block_1_14' title="bbox 1378 2080 2399 3034">
    <p class='ocr_par' dir='ltr' id='par_1_16' title="bbox 1392 2080 1547 2134">
     <span class='ocr_line' id='line_1_43' title="bbox 1392 2080 1547 2134; baseline 0.032 -5"><span class='ocrx_word' id='word_1_243' title='bbox 1392 2080 1547 2134; x_wconf 85' lang='lat' dir='ltr'><strong>Basil.</strong></span> 
     </span>
    </p>

    <p class='ocr_par' dir='ltr' id='par_1_17' title="bbox 1464 2161 2342 2241">
     <span class='ocr_line' id='line_1_44' title="bbox 1464 2161 2342 2241; baseline 0.032 -29"><span class='ocrx_word' id='word_1_244' title='bbox 1464 2161 1515 2227; x_wconf 72' lang='grc'><strong>4.</strong></span> <span class='ocrx_word' id='word_1_245' title='bbox 1543 2164 1616 2217; x_wconf 77' lang='lat' dir='ltr'><strong>Si.</strong></span> <span class='ocrx_word' id='word_1_246' title='bbox 1641 2169 1801 2222; x_wconf 59' lang='lat' dir='ltr'><strong>Cant.</strong></span> <span class='ocrx_word' id='word_1_247' title='bbox 1824 2177 2016 2230; x_wconf 85' lang='lat' dir='ltr'><strong>omittit</strong></span> <span class='ocrx_word' id='word_1_248' title='bbox 2040 2197 2160 2233; x_wconf 89' lang='lat' dir='ltr'><strong>cum</strong></span> <span class='ocrx_word' id='word_1_249' title='bbox 2184 2185 2342 2241; x_wconf 85' lang='lat' dir='ltr'><strong>Goth.</strong></span> 
     </span>
    </p>

    <p class='ocr_par' dir='ltr' id='par_1_18' title="bbox 1378 2238 2399 3034">
     <span class='ocr_line' id='line_1_45' title="bbox 1463 2238 2399 2328; baseline 0.032 -37"><span class='ocrx_word' id='word_1_250' title='bbox 1463 2238 1512 2292; x_wconf 83' lang='lat'><strong>5.</strong></span> <span class='ocrx_word' id='word_1_251' title='bbox 1544 2243 1801 2314; x_wconf 81' lang='lat' dir='ltr'><strong>Spatium.</strong></span> <span class='ocrx_word' id='word_1_252' title='bbox 1826 2253 2000 2306; x_wconf 86' lang='lat' dir='ltr'><strong>Turio.</strong></span> <span class='ocrx_word' id='word_1_253' title='bbox 2028 2257 2168 2313; x_wconf 85' lang='lat' dir='ltr'><strong>Flor.</strong></span> <span class='ocrx_word' id='word_1_254' title='bbox 2194 2265 2399 2328; x_wconf 71' lang='lat' dir='ltr'><strong>Guelf..</strong></span> 
     </span>
     <span class='ocr_line' id='line_1_46' title="bbox 1387 2322 2396 2414; baseline 0.032 -46"><span class='ocrx_word' id='word_1_255' title='bbox 1387 2332 1546 2372; x_wconf 74' lang='lat' dir='ltr'><strong>semet</strong></span> <span class='ocrx_word' id='word_1_256' title='bbox 1576 2322 1776 2394; x_wconf 80' lang='lat' dir='ltr'><strong>ipsum,</strong></span> <span class='ocrx_word' id='word_1_257' title='bbox 1807 2349 1929 2384; x_wconf 87' lang='lat' dir='ltr'><strong>cum</strong></span> <span class='ocrx_word' id='word_1_258' title='bbox 1966 2335 2126 2391; x_wconf 83' lang='lat' dir='ltr'><strong>Goth.</strong></span> <span class='ocrx_word' id='word_1_259' title='bbox 2148 2344 2298 2396; x_wconf 77' lang='lat' dir='ltr'><strong>Voss.</strong></span> <span class='ocrx_word' id='word_1_260' title='bbox 2338 2366 2396 2414; x_wconf 80' lang='lat'><strong>2,</strong></span> 
     </span>
     <span class='ocr_line' id='line_1_47' title="bbox 1387 2399 2392 2478; baseline 0.033 -32"><span class='ocrx_word' id='word_1_261' title='bbox 1387 2399 1521 2452; x_wconf 82' lang='lat' dir='ltr'><strong>vau.</strong></span> <span class='ocrx_word' id='word_1_262' title='bbox 1545 2404 1691 2457; x_wconf 77' lang='lat' dir='ltr'><strong>Jeua.</strong></span> <span class='ocrx_word' id='word_1_263' title='bbox 1729 2421 1780 2459; x_wconf 89' lang='lat' dir='ltr'><strong>et</strong></span> <span class='ocrx_word' id='word_1_264' title='bbox 1814 2410 1935 2465; x_wconf 87' lang='lat' dir='ltr'><strong>edd.</strong></span> <span class='ocrx_word' id='word_1_265' title='bbox 1973 2432 2096 2469; x_wconf 82' lang='lat' dir='ltr'><strong>ante</strong></span> <span class='ocrx_word' id='word_1_266' title='bbox 2128 2420 2246 2474; x_wconf 84' lang='lat' dir='ltr'><strong>Ald.</strong></span> <span class='ocrx_word' id='word_1_267' title='bbox 2283 2443 2392 2478; x_wconf 80' lang='lat' dir='ltr'><strong>exc-</strong></span> 
     </span>
     <span class='ocr_line' id='line_1_48' title="bbox 1386 2478 2396 2572; baseline 0.029 -42"><span class='ocrx_word' id='word_1_268' title='bbox 1386 2478 1548 2531; x_wconf 60' lang='grc' dir='ltr'><strong>θυι».</strong></span> <span class='ocrx_word' id='word_1_269' title='bbox 1583 2486 1675 2555; x_wconf 89' lang='lat' dir='ltr'><strong>qui</strong></span> <span class='ocrx_word' id='word_1_270' title='bbox 1708 2506 1826 2540; x_wconf 87' lang='lat' dir='ltr'><strong>cum</strong></span> <span class='ocrx_word' id='word_1_271' title='bbox 1864 2490 1969 2545; x_wconf 80' lang='lat' dir='ltr'><strong>hoc</strong></span> <span class='ocrx_word' id='word_1_272' title='bbox 2006 2509 2060 2547; x_wconf 88' lang='lat' dir='ltr'><strong>et</strong></span> <span class='ocrx_word' id='word_1_273' title='bbox 2095 2500 2223 2553; x_wconf 87' lang='lat' dir='ltr'><strong>Bad.</strong></span> <span class='ocrx_word' id='word_1_274' title='bbox 2260 2522 2396 2572; x_wconf 66' lang='lat' dir='ltr'><strong>sec..</strong></span> 
     </span>
     <span class='ocr_line' id='line_1_49' title="bbox 1383 2562 2394 2634; baseline 0.03 -29"><span class='ocrx_word' id='word_1_275' title='bbox 1383 2562 1708 2631; x_wconf 75' lang='lat' dir='ltr'><strong>semetipsos.</strong></span> <span class='ocrx_word' id='word_1_276' title='bbox 1727 2564 1831 2618; x_wconf 85' lang='lat' dir='ltr'><strong>Sed</strong></span> <span class='ocrx_word' id='word_1_277' title='bbox 1851 2570 2040 2624; x_wconf 81' lang='lat' dir='ltr'><strong>Badius</strong></span> <span class='ocrx_word' id='word_1_278' title='bbox 2067 2592 2304 2633; x_wconf 80' lang='lat' dir='ltr'><strong>nostrum</strong></span> <span class='ocrx_word' id='word_1_279' title='bbox 2331 2601 2394 2634; x_wconf 82' lang='lat' dir='ltr'><strong>ex</strong></span> 
     </span>
     <span class='ocr_line' id='line_1_50' title="bbox 1384 2642 2387 2713; baseline 0.028 -28"><span class='ocrx_word' id='word_1_280' title='bbox 1384 2642 1739 2713; x_wconf 67' lang='lat' dir='ltr'><strong>superscripia</strong></span> <span class='ocrx_word' id='word_1_281' title='bbox 1766 2653 2095 2706; x_wconf 83' lang='lat' dir='ltr'><strong>correctione</strong></span> <span class='ocrx_word' id='word_1_282' title='bbox 2112 2656 2387 2712; x_wconf 74' lang='lat' dir='ltr'><strong>vallensis.</strong></span> 
     </span>
     <span class='ocr_line' id='line_1_51' title="bbox 1381 2713 2391 2798; baseline 0.032 -37"><span class='ocrx_word' id='word_1_283' title='bbox 1381 2713 1486 2780; x_wconf 92' lang='lat' dir='ltr'><strong>Qui</strong></span> <span class='ocrx_word' id='word_1_284' title='bbox 1510 2729 1770 2772; x_wconf 78' lang='lat' dir='ltr'><strong>vetustam</strong></span> <span class='ocrx_word' id='word_1_285' title='bbox 1796 2730 2108 2798; x_wconf 82' lang='lat' dir='ltr'><strong>scripturam</strong></span> <span class='ocrx_word' id='word_1_286' title='bbox 2134 2739 2268 2788; x_wconf 88' lang='lat' dir='ltr'><strong>tueri</strong></span> <span class='ocrx_word' id='word_1_287' title='bbox 2297 2758 2391 2791; x_wconf 87' lang='lat' dir='ltr'><strong>cu-</strong></span> 
     </span>
     <span class='ocr_line' id='line_1_52' title="bbox 1380 2794 2389 2887; baseline 0.029 -45"><span class='ocrx_word' id='word_1_288' title='bbox 1380 2794 1518 2863; x_wconf 80' lang='lat' dir='ltr'><strong>piat,</strong></span> <span class='ocrx_word' id='word_1_289' title='bbox 1539 2811 1598 2848; x_wconf 91' lang='lat' dir='ltr'><strong>nt</strong></span> <span class='ocrx_word' id='word_1_290' title='bbox 1615 2802 1680 2850; x_wconf 79' lang='lat' dir='ltr'><strong>sit</strong></span> <span class='ocrx_word' id='word_1_291' title='bbox 1695 2804 2013 2860; x_wconf 82' lang='lat' dir='ltr'><strong>vocabulum</strong></span> <span class='ocrx_word' id='word_1_292' title='bbox 2030 2827 2153 2882; x_wconf 82' lang='lat' dir='ltr'><strong>post</strong></span> <span class='ocrx_word' id='word_1_293' title='bbox 2172 2821 2389 2887; x_wconf 75' lang='lat' dir='ltr'><strong>seprius</strong></span> 
     </span>
     <span class='ocr_line' id='line_1_53' title="bbox 1378 2875 2388 2959; baseline 0.028 -37"><span class='ocrx_word' id='word_1_294' title='bbox 1378 2875 1612 2943; x_wconf 73' lang='lat' dir='ltr'><strong>positum</strong></span> <span class='ocrx_word' id='word_1_295' title='bbox 1637 2898 1814 2936; x_wconf 77' lang='lat' dir='ltr'><strong>rursus</strong></span> <span class='ocrx_word' id='word_1_296' title='bbox 1837 2890 2171 2959; x_wconf 87' lang='lat' dir='ltr'><strong>ponendum,</strong></span> <span class='ocrx_word' id='word_1_297' title='bbox 2197 2909 2248 2947; x_wconf 93' lang='lat' dir='ltr'><strong>et</strong></span> <span class='ocrx_word' id='word_1_298' title='bbox 2277 2916 2388 2948; x_wconf 86' lang='lat' dir='ltr'><strong>mo·-</strong></span> 
     </span>
     <span class='ocr_line' id='line_1_54' title="bbox 1378 2950 2384 3034; baseline 0.029 -33"><span class='ocrx_word' id='word_1_299' title='bbox 1378 2950 1448 3003; x_wconf 86' lang='lat' dir='ltr'><strong>do</strong></span> <span class='ocrx_word' id='word_1_300' title='bbox 1486 2972 1582 3025; x_wconf 85' lang='lat' dir='ltr'><strong>pro</strong></span> <span class='ocrx_word' id='word_1_301' title='bbox 1615 2957 1762 3012; x_wconf 71' lang='lat' dir='ltr'><strong>breve</strong></span> <span class='ocrx_word' id='word_1_302' title='bbox 1798 2961 2002 3033; x_wconf 77' lang='lat' dir='ltr'><strong>legatur</strong></span> <span class='ocrx_word' id='word_1_303' title='bbox 2042 2970 2206 3034; x_wconf 71' lang='lat' dir='ltr'><strong>brevi,·</strong></span> <span class='ocrx_word' id='word_1_304' title='bbox 2243 2993 2384 3029; x_wconf 87' lang='lat' dir='ltr'><strong>nun-</strong></span> 
     </span>
    </p>
   </div>
   <div class='ocr_carea' id='block_1_15' title="bbox 273 3016 2383 3913">
    <p class='ocr_par' dir='ltr' id='par_1_19' title="bbox 276 3016 2383 3500">
     <span class='ocr_line' id='line_1_55' title="bbox 289 3016 2383 3124; baseline 0.022 -62"><span class='ocrx_word' id='word_1_305' title='bbox 289 3016 781 3089; x_wconf 73' lang='lat' dir='ltr'><strong>-quoerendumque</strong></span> <span class='ocrx_word' id='word_1_306' title='bbox 819 3021 1020 3090; x_wconf 79' lang='lat' dir='ltr'><strong>adhuc,</strong></span> <span class='ocrx_word' id='word_1_307' title='bbox 1058 3029 1111 3080; x_wconf 90' lang='lat' dir='ltr'><strong>in</strong></span> <span class='ocrx_word' id='word_1_308' title='bbox 1157 3050 1293 3102; x_wconf 85' lang='lat' dir='ltr'><strong>quo-</strong></span> <span class='ocrx_word' id='word_1_309' title='bbox 1375 3040 2383 3124; x_wconf 74' lang='lat' dir='ltr'><strong>quamtamenprobabitintrasicposse</strong></span> 
     </span>
     <span class='ocr_line' id='line_1_56' title="bbox 288 3099 2378 3194; baseline 0.022 -52"><span class='ocrx_word' id='word_1_310' title='bbox 288 3115 311 3140; x_wconf 75' lang='grc' dir='ltr'><strong>α</strong></span> <span class='ocrx_word' id='word_1_311' title='bbox 330 3114 452 3147; x_wconf 82' lang='lat' dir='ltr'><strong>nam</strong></span> <span class='ocrx_word' id='word_1_312' title='bbox 482 3099 653 3167; x_wconf 88' lang='lat' dir='ltr'><strong>primo</strong></span> <span class='ocrx_word' id='word_1_313' title='bbox 677 3117 983 3173; x_wconf 77' lang='lat' dir='ltr'><strong>compareat</strong></span> <span class='ocrx_word' id='word_1_314' title='bbox 1004 3106 1110 3160; x_wconf 76' lang='lat' dir='ltr'><strong>illa.</strong></span> <span class='ocrx_word' id='word_1_315' title='bbox 1137 3132 1159 3156; x_wconf 75' lang='grc' dir='ltr'><strong>ι.</strong></span> <span class='ocrx_word' id='word_1_316' title='bbox 1187 3112 1292 3165; x_wconf 74' lang='lat' dir='ltr'><strong>De..</strong></span> <span class='ocrx_word' id='word_1_317' title='bbox 1371 3107 1474 3161; x_wconf 88' lang='lat' dir='ltr'><strong>dici</strong></span> <span class='ocrx_word' id='word_1_318' title='bbox 1498 3130 1596 3182; x_wconf 86' lang='lat' dir='ltr'><strong>pro</strong></span> <span class='ocrx_word' id='word_1_319' title='bbox 1618 3130 1751 3188; x_wconf 81' lang='lat' dir='ltr'><strong>post.</strong></span> <span class='ocrx_word' id='word_1_320' title='bbox 1777 3123 1911 3173; x_wconf 86' lang='lat' dir='ltr'><strong>Vera</strong></span> <span class='ocrx_word' id='word_1_321' title='bbox 1935 3126 2095 3194; x_wconf 75' lang='lat' dir='ltr'><strong>igitur</strong></span> <span class='ocrx_word' id='word_1_322' title='bbox 2117 3134 2378 3187; x_wconf 83' lang='lat' dir='ltr'><strong>censenda</strong></span> 
     </span>
     <span class='ocr_line' id='line_1_57' title="bbox 281 3175 2377 3279; baseline 0.021 -57"><span class='ocrx_word' id='word_1_323' title='bbox 281 3175 404 3226; x_wconf 82' lang='lat' dir='ltr'><strong>inde</strong></span> <span class='ocrx_word' id='word_1_324' title='bbox 419 3176 767 3231; x_wconf 84' lang='lat' dir='ltr'><strong>Buttmannus</strong></span> <span class='ocrx_word' id='word_1_325' title='bbox 784 3183 838 3233; x_wconf 87' lang='lat' dir='ltr'><strong>in</strong></span> <span class='ocrx_word' id='word_1_326' title='bbox 852 3199 1049 3257; x_wconf 87' lang='lat' dir='ltr'><strong>recept.</strong></span> <span class='ocrx_word' id='word_1_327' title='bbox 1064 3206 1092 3239; x_wconf 83' lang='lat' dir='ltr'><strong>a</strong></span> <span class='ocrx_word' id='word_1_328' title='bbox 1108 3190 1285 3261; x_wconf 83' lang='lat' dir='ltr'><strong>Spald.</strong></span> <span class='ocrx_word' id='word_1_329' title='bbox 1370 3190 1670 3246; x_wconf 75' lang='lat' dir='ltr'><strong>emendatio</strong></span> <span class='ocrx_word' id='word_1_330' title='bbox 1696 3211 1750 3248; x_wconf 84' lang='lat' dir='ltr'><strong>et</strong></span> <span class='ocrx_word' id='word_1_331' title='bbox 1772 3202 1903 3253; x_wconf 80' lang='lat' dir='ltr'><strong>mira</strong></span> <span class='ocrx_word' id='word_1_332' title='bbox 1926 3210 2230 3279; x_wconf 82' lang='lat' dir='ltr'><strong>corruptela</strong></span> <span class='ocrx_word' id='word_1_333' title='bbox 2248 3215 2377 3267; x_wconf 85' lang='lat' dir='ltr'><strong>inte-</strong></span> 
     </span>
     <span class='ocr_line' id='line_1_58' title="bbox 282 3250 2377 3365; baseline 0.021 -64"><span class='ocrx_word' id='word_1_334' title='bbox 282 3250 401 3303; x_wconf 80' lang='lat' dir='ltr'><strong>lect.</strong></span> <span class='ocrx_word' id='word_1_335' title='bbox 435 3252 774 3324; x_wconf 86' lang='lat' dir='ltr'><strong>reprehendit</strong></span> <span class='ocrx_word' id='word_1_336' title='bbox 807 3264 1118 3331; x_wconf 79' lang='lat' dir='ltr'><strong>particulam</strong></span> <span class='ocrx_word' id='word_1_337' title='bbox 1152 3279 1204 3320; x_wconf 83' lang='lat' dir='ltr'><strong>et</strong></span> <span class='ocrx_word' id='word_1_338' title='bbox 1234 3273 1286 3323; x_wconf 88' lang='lat' dir='ltr'><strong>in</strong></span> <span class='ocrx_word' id='word_1_339' title='bbox 1367 3269 1463 3320; x_wconf 84' lang='lat' dir='ltr'><strong>rim</strong></span> <span class='ocrx_word' id='word_1_340' title='bbox 1497 3275 1748 3328; x_wconf 74' lang='lat' dir='ltr'><strong>notanda.</strong></span> <span class='ocrx_word' id='word_1_341' title='bbox 1778 3281 1924 3334; x_wconf 76' lang='lat' dir='ltr'><strong>Unus</strong></span> <span class='ocrx_word' id='word_1_342' title='bbox 1953 3285 2079 3338; x_wconf 86' lang='lat' dir='ltr'><strong>Bad.</strong></span> <span class='ocrx_word' id='word_1_343' title='bbox 2112 3308 2218 3344; x_wconf 72' lang='lat' dir='ltr'><strong>sec.</strong></span> <span class='ocrx_word' id='word_1_344' title='bbox 2253 3310 2377 3365; x_wconf 79' lang='lat' dir='ltr'><strong>post</strong></span> 
     </span>
     <span class='ocr_line' id='line_1_59' title="bbox 276 3331 2374 3439; baseline 0.022 -59"><span class='ocrx_word' id='word_1_345' title='bbox 276 3331 479 3397; x_wconf 78' lang='lat' dir='ltr'><strong>fronte,</strong></span> <span class='ocrx_word' id='word_1_346' title='bbox 502 3352 618 3405; x_wconf 78' lang='lat' dir='ltr'><strong>quoe</strong></span> <span class='ocrx_word' id='word_1_347' title='bbox 638 3336 709 3388; x_wconf 88' lang='lat' dir='ltr'><strong>ob</strong></span> <span class='ocrx_word' id='word_1_348' title='bbox 728 3340 1073 3408; x_wconf 65' lang='lat' dir='ltr'><strong>praecedentia</strong></span> <span class='ocrx_word' id='word_1_349' title='bbox 1094 3345 1179 3400; x_wconf 86' lang='lat' dir='ltr'><strong>hic</strong></span> <span class='ocrx_word' id='word_1_350' title='bbox 1199 3368 1288 3422; x_wconf 82' lang='lat' dir='ltr'><strong>ap·</strong></span> <span class='ocrx_word' id='word_1_351' title='bbox 1368 3345 1506 3400; x_wconf 69' lang='lat' dir='ltr'><strong>intra</strong></span> <span class='ocrx_word' id='word_1_352' title='bbox 1553 3351 1620 3404; x_wconf 81' lang='lat' dir='ltr'><strong>de</strong></span> <span class='ocrx_word' id='word_1_353' title='bbox 1663 3374 1760 3408; x_wconf 80' lang='lat' dir='ltr'><strong>suo</strong></span> <span class='ocrx_word' id='word_1_354' title='bbox 1802 3359 1948 3412; x_wconf 83' lang='lat' dir='ltr'><strong>addit</strong></span> <span class='ocrx_word' id='word_1_355' title='bbox 1984 3374 2210 3439; x_wconf 66' lang='lat' dir='ltr'><strong>tempuS,</strong></span> <span class='ocrx_word' id='word_1_356' title='bbox 2251 3392 2374 3425; x_wconf 87' lang='lat' dir='ltr'><strong>cum</strong></span> 
     </span>
     <span class='ocr_line' id='line_1_60' title="bbox 278 3415 1803 3500; baseline 0.02 -40"><span class='ocrx_word' id='word_1_357' title='bbox 278 3423 329 3461; x_wconf 85' lang='lat' dir='ltr'><strong>te</strong></span> <span class='ocrx_word' id='word_1_358' title='bbox 348 3429 459 3462; x_wconf 89' lang='lat' dir='ltr'><strong>non</strong></span> <span class='ocrx_word' id='word_1_359' title='bbox 478 3415 719 3483; x_wconf 87' lang='lat' dir='ltr'><strong>ponitur;</strong></span> <span class='ocrx_word' id='word_1_360' title='bbox 741 3416 911 3470; x_wconf 88' lang='lat' dir='ltr'><strong>eidem</strong></span> <span class='ocrx_word' id='word_1_361' title='bbox 938 3439 1150 3493; x_wconf 88' lang='lat' dir='ltr'><strong>quoque</strong></span> <span class='ocrx_word' id='word_1_362' title='bbox 1176 3445 1284 3480; x_wconf 88' lang='lat' dir='ltr'><strong>non</strong></span> <span class='ocrx_word' id='word_1_363' title='bbox 1366 3445 1527 3500; x_wconf 76' lang='lat' dir='ltr'><strong>marg.</strong></span> <span class='ocrx_word' id='word_1_364' title='bbox 1553 3432 1803 3489; x_wconf 75' lang='lat' dir='ltr'><strong>vidovoei.</strong></span> 
     </span>
    </p>

    <p class='ocr_par' dir='ltr' id='par_1_20' title="bbox 273 3491 2368 3913">
     <span class='ocr_line' id='line_1_61' title="bbox 277 3491 2368 3596; baseline 0.021 -56"><span class='ocrx_word' id='word_1_365' title='bbox 277 3491 454 3562; x_wconf 84' lang='lat' dir='ltr'><strong>placet</strong></span> <span class='ocrx_word' id='word_1_366' title='bbox 487 3492 686 3559; x_wconf 66' lang='lat' dir='ltr'><strong>solitos,</strong></span> <span class='ocrx_word' id='word_1_367' title='bbox 724 3515 1007 3569; x_wconf 74' lang='lat' dir='ltr'><strong>suppresso</strong></span> <span class='ocrx_word' id='word_1_368' title='bbox 1041 3504 1280 3574; x_wconf 77' lang='lat' dir='ltr'><strong>subjecto</strong></span> <span class='ocrx_word' id='word_1_369' title='bbox 1436 3509 1487 3560; x_wconf 88' lang='grc'><strong>6.</strong></span> <span class='ocrx_word' id='word_1_370' title='bbox 1530 3511 1931 3571; x_wconf 64' lang='lat' dir='ltr'><strong>Desiderat-enar.</strong></span> <span class='ocrx_word' id='word_1_371' title='bbox 1975 3524 2149 3577; x_wconf 83' lang='lat' dir='ltr'><strong>Turio.</strong></span> <span class='ocrx_word' id='word_1_372' title='bbox 2198 3528 2336 3583; x_wconf 71' lang='lat' dir='ltr'><strong>flor..</strong></span> <span class='ocrx_word' id='word_1_373' title='bbox 2352 3572 2368 3596; x_wconf 83' lang='grc'><strong>.,</strong></span> 
     </span>
     <span class='ocr_line' id='line_1_62' title="bbox 275 3571 2366 3663; baseline 0.021 -44"><span class='ocrx_word' id='word_1_374' title='bbox 275 3571 560 3641; x_wconf 77' lang='lat' dir='ltr'><strong>quosdam.-</strong></span> <span class='ocrx_word' id='word_1_375' title='bbox 591 3589 776 3627; x_wconf 80' lang='lat' dir='ltr'><strong>contra</strong></span> <span class='ocrx_word' id='word_1_376' title='bbox 804 3577 1011 3631; x_wconf 86' lang='lat' dir='ltr'><strong>videtur</strong></span> <span class='ocrx_word' id='word_1_377' title='bbox 1039 3581 1127 3635; x_wconf 88' lang='lat' dir='ltr'><strong>ille</strong></span> <span class='ocrx_word' id='word_1_378' title='bbox 1158 3605 1280 3656; x_wconf 82' lang='lat' dir='ltr'><strong>pro·</strong></span> <span class='ocrx_word' id='word_1_379' title='bbox 1361 3588 1700 3657; x_wconf 78' lang='lat' dir='ltr'><strong>desideratur,</strong></span> <span class='ocrx_word' id='word_1_380' title='bbox 1731 3612 1852 3646; x_wconf 81' lang='lat' dir='ltr'><strong>curu</strong></span> <span class='ocrx_word' id='word_1_381' title='bbox 1881 3597 2040 3651; x_wconf 84' lang='lat' dir='ltr'><strong>Goth.</strong></span> <span class='ocrx_word' id='word_1_382' title='bbox 2069 3604 2287 3660; x_wconf 81' lang='lat' dir='ltr'><strong>Jenson.</strong></span> <span class='ocrx_word' id='word_1_383' title='bbox 2315 3626 2366 3663; x_wconf 85' lang='lat' dir='ltr'><strong>et</strong></span> 
     </span>
     <span class='ocr_line' id='line_1_63' title="bbox 273 3647 2364 3753; baseline 0.02 -56"><span class='ocrx_word' id='word_1_384' title='bbox 273 3647 400 3700; x_wconf 76' lang='lat' dir='ltr'><strong>bare</strong></span> <span class='ocrx_word' id='word_1_385' title='bbox 456 3648 747 3721; x_wconf 77' lang='lat' dir='ltr'><strong>longiorem</strong></span> <span class='ocrx_word' id='word_1_386' title='bbox 795 3654 934 3708; x_wconf 81' lang='lat' dir='ltr'><strong>hanc</strong></span> <span class='ocrx_word' id='word_1_387' title='bbox 984 3663 1280 3730; x_wconf 81' lang='lat' dir='ltr'><strong>primariam</strong></span> <span class='ocrx_word' id='word_1_388' title='bbox 1361 3667 1480 3719; x_wconf 88' lang='lat' dir='ltr'><strong>edd.</strong></span> <span class='ocrx_word' id='word_1_389' title='bbox 1504 3683 1627 3721; x_wconf 79' lang='lat' dir='ltr'><strong>ante</strong></span> <span class='ocrx_word' id='word_1_390' title='bbox 1650 3670 1771 3724; x_wconf 83' lang='lat' dir='ltr'><strong>Ald.</strong></span> <span class='ocrx_word' id='word_1_391' title='bbox 1798 3675 1901 3727; x_wconf 90' lang='lat' dir='ltr'><strong>Sed</strong></span> <span class='ocrx_word' id='word_1_392' title='bbox 1919 3678 2043 3730; x_wconf 82' lang='lat' dir='ltr'><strong>Bad.</strong></span> <span class='ocrx_word' id='word_1_393' title='bbox 2071 3700 2151 3753; x_wconf 89' lang='lat' dir='ltr'><strong>pr.</strong></span> <span class='ocrx_word' id='word_1_394' title='bbox 2178 3685 2364 3741; x_wconf 77' lang='lat' dir='ltr'><strong>deside-</strong></span> 
     </span>
     <span class='ocr_line' id='line_1_64' title="bbox 276 3730 2358 3820; baseline 0.02 -44"><span class='ocrx_word' id='word_1_395' title='bbox 276 3730 605 3798; x_wconf 71' lang='lat' dir='ltr'><strong>ocripturam‚</strong></span> <span class='ocrx_word' id='word_1_396' title='bbox 622 3751 651 3782; x_wconf 92' lang='lat' dir='ltr'><strong>e</strong></span> <span class='ocrx_word' id='word_1_397' title='bbox 668 3750 771 3802; x_wconf 83' lang='lat' dir='ltr'><strong>qua</strong></span> <span class='ocrx_word' id='word_1_398' title='bbox 786 3752 1024 3789; x_wconf 78' lang='lat' dir='ltr'><strong>manasse</strong></span> <span class='ocrx_word' id='word_1_399' title='bbox 1033 3731 1208 3792; x_wconf 76' lang='lat' dir='ltr'><strong>Turio.</strong></span> <span class='ocrx_word' id='word_1_400' title='bbox 1227 3756 1279 3794; x_wconf 89' lang='lat' dir='ltr'><strong>et</strong></span> <span class='ocrx_word' id='word_1_401' title='bbox 1360 3757 1511 3800; x_wconf 71' lang='lat' dir='ltr'><strong>reum</strong></span> <span class='ocrx_word' id='word_1_402' title='bbox 1531 3749 1694 3801; x_wconf 58' lang='lat' dir='ltr'><strong>Cam.</strong></span> <span class='ocrx_word' id='word_1_403' title='bbox 1716 3752 1857 3820; x_wconf 63' lang='lat' dir='ltr'><strong>Ald„</strong></span> <span class='ocrx_word' id='word_1_404' title='bbox 1870 3759 2211 3815; x_wconf 82' lang='lat' dir='ltr'><strong>considerant.</strong></span> <span class='ocrx_word' id='word_1_405' title='bbox 2233 3767 2358 3819; x_wconf 86' lang='lat' dir='ltr'><strong>Bad.</strong></span> 
     </span>
     <span class='ocr_line' id='line_1_65' title="bbox 274 3806 2357 3913; baseline 0.021 -60"><span class='ocrx_word' id='word_1_406' title='bbox 274 3806 593 3876; x_wconf 77' lang='lat' dir='ltr'><strong>reliquorum</strong></span> <span class='ocrx_word' id='word_1_407' title='bbox 616 3807 760 3861; x_wconf 87' lang='lat' dir='ltr'><strong>lectt.</strong></span> <span class='ocrx_word' id='word_1_408' title='bbox 792 3811 1086 3884; x_wconf 80' lang='lat' dir='ltr'><strong>(Equidem</strong></span> <span class='ocrx_word' id='word_1_409' title='bbox 1106 3833 1278 3873; x_wconf 82' lang='lat' dir='ltr'><strong>muta-</strong></span> <span class='ocrx_word' id='word_1_410' title='bbox 1356 3843 1491 3892; x_wconf 82' lang='lat' dir='ltr'><strong>sec.‚</strong></span> <span class='ocrx_word' id='word_1_411' title='bbox 1516 3829 1918 3900; x_wconf 67' lang='lat' dir='ltr'><strong>considerarent,</strong></span> <span class='ocrx_word' id='word_1_412' title='bbox 1951 3855 2071 3889; x_wconf 87' lang='lat' dir='ltr'><strong>cum</strong></span> <span class='ocrx_word' id='word_1_413' title='bbox 2097 3860 2256 3913; x_wconf 71' lang='lat' dir='ltr'><strong>marg.</strong></span> <span class='ocrx_word' id='word_1_414' title='bbox 2276 3849 2357 3898; x_wconf 81' lang='lat' dir='ltr'><strong>Vi·</strong></span> 
     </span>
    </p>
   </div>
   <div class='ocr_carea' id='block_1_16' title="bbox 276 3884 1537 3965">
    <p class='ocr_par' dir='ltr' id='par_1_21' title="bbox 276 3884 1537 3965">
     <span class='ocr_line' id='line_1_66' title="bbox 276 3884 1537 3965; baseline 0.023 -35"><span class='ocrx_word' id='word_1_415' title='bbox 276 3895 330 3932; x_wconf 88' lang='lat' dir='ltr'><strong>to</strong></span> <span class='ocrx_word' id='word_1_416' title='bbox 352 3884 406 3934; x_wconf 88' lang='lat' dir='ltr'><strong>in</strong></span> <span class='ocrx_word' id='word_1_417' title='bbox 441 3894 495 3934; x_wconf 86' lang='lat' dir='ltr'><strong>et</strong></span> <span class='ocrx_word' id='word_1_418' title='bbox 513 3903 627 3957; x_wconf 69' lang='lat' dir='ltr'><strong>qum</strong></span> <span class='ocrx_word' id='word_1_419' title='bbox 650 3887 815 3955; x_wconf 80' lang='lat' dir='ltr'><strong>idem,</strong></span> <span class='ocrx_word' id='word_1_420' title='bbox 840 3904 894 3943; x_wconf 87' lang='lat' dir='ltr'><strong>et</strong></span> <span class='ocrx_word' id='word_1_421' title='bbox 916 3910 1162 3965; x_wconf 80' lang='lat' dir='ltr'><strong>supresso</strong></span> <span class='ocrx_word' id='word_1_422' title='bbox 1188 3918 1275 3952; x_wconf 84' lang='lat' dir='ltr'><strong>vo·</strong></span> <span class='ocrx_word' id='word_1_423' title='bbox 1354 3904 1537 3958; x_wconf 85' lang='lat' dir='ltr'><strong>dovaei.</strong></span> 
     </span>
    </p>
   </div>
   <div class='ocr_carea' id='block_1_17' title="bbox 278 3960 1275 4041">
    <p class='ocr_par' dir='ltr' id='par_1_22' title="bbox 278 3960 1275 4041">
     <span class='ocr_line' id='line_1_67' title="bbox 278 3960 1275 4041; baseline 0.021 -31"><span class='ocrx_word' id='word_1_424' title='bbox 278 3960 455 4013; x_wconf 75' lang='lat' dir='ltr'><strong>cabula</strong></span> <span class='ocrx_word' id='word_1_425' title='bbox 474 3963 631 4034; x_wconf 79' lang='lat' dir='ltr'><strong>plane</strong></span> <span class='ocrx_word' id='word_1_426' title='bbox 651 3968 846 4041; x_wconf 77' lang='lat' dir='ltr'><strong>otioso)</strong></span> <span class='ocrx_word' id='word_1_427' title='bbox 863 3974 1150 4028; x_wconf 85' lang='lat' dir='ltr'><strong>contendit.</strong></span> <span class='ocrx_word' id='word_1_428' title='bbox 1169 3979 1275 4031; x_wconf 81' lang='lat' dir='ltr'><strong>Hu-</strong></span> 
     </span>
    </p>
   </div>
   <div class='ocr_carea' id='block_1_18' title="bbox 1427 3986 2355 4072">
    <p class='ocr_par' dir='ltr' id='par_1_23' title="bbox 1427 3986 2355 4072">
     <span class='ocr_line' id='line_1_68' title="bbox 1427 3986 2355 4072; baseline 0.026 -39"><span class='ocrx_word' id='word_1_429' title='bbox 1427 4001 1475 4054; x_wconf 90' lang='lat'><strong>7.</strong></span> <span class='ocrx_word' id='word_1_430' title='bbox 1499 3986 1615 4055; x_wconf 81' lang='lat' dir='ltr'><strong>Quo</strong></span> <span class='ocrx_word' id='word_1_431' title='bbox 1632 3987 1787 4041; x_wconf 82' lang='lat' dir='ltr'><strong>idem.</strong></span> <span class='ocrx_word' id='word_1_432' title='bbox 1803 3991 1978 4045; x_wconf 83' lang='lat' dir='ltr'><strong>Turio.</strong></span> <span class='ocrx_word' id='word_1_433' title='bbox 1997 3995 2136 4050; x_wconf 87' lang='lat' dir='ltr'><strong>Flor.</strong></span> <span class='ocrx_word' id='word_1_434' title='bbox 2157 4002 2355 4072; x_wconf 83' lang='lat' dir='ltr'><strong>Guelf.,</strong></span> 
     </span>
    </p>
   </div>
   <div class='ocr_carea' id='block_1_19' title="bbox 270 4043 2314 4144">
    <p class='ocr_par' dir='ltr' id='par_1_24' title="bbox 270 4043 2314 4144">
     <span class='ocr_line' id='line_1_69' title="bbox 270 4043 2314 4144; baseline 0.022 -54"><span class='ocrx_word' id='word_1_435' title='bbox 270 4043 418 4108; x_wconf 69' lang='lat' dir='ltr'><strong>jusce</strong></span> <span class='ocrx_word' id='word_1_436' title='bbox 468 4046 736 4115; x_wconf 67' lang='lat' dir='ltr'><strong>scriptum</strong></span> <span class='ocrx_word' id='word_1_437' title='bbox 786 4049 987 4104; x_wconf 83' lang='lat' dir='ltr'><strong>fontem</strong></span> <span class='ocrx_word' id='word_1_438' title='bbox 1042 4055 1274 4111; x_wconf 88' lang='lat' dir='ltr'><strong>indicare</strong></span> <span class='ocrx_word' id='word_1_439' title='bbox 1345 4063 1488 4134; x_wconf 85' lang='lat' dir='ltr'><strong>quod</strong></span> <span class='ocrx_word' id='word_1_440' title='bbox 1514 4065 1580 4130; x_wconf 60' lang='grc' dir='ltr'><strong>ιζ,</strong></span> <span class='ocrx_word' id='word_1_441' title='bbox 1616 4084 1738 4118; x_wconf 89' lang='lat' dir='ltr'><strong>cum</strong></span> <span class='ocrx_word' id='word_1_442' title='bbox 1770 4072 1914 4124; x_wconf 81' lang='lat' dir='ltr'><strong>Jens.</strong></span> <span class='ocrx_word' id='word_1_443' title='bbox 1945 4075 2122 4144; x_wconf 80' lang='lat' dir='ltr'><strong>Quod,</strong></span> <span class='ocrx_word' id='word_1_444' title='bbox 2152 4080 2314 4134; x_wconf 63' lang='lat' dir='ltr'><strong>Cure.</strong></span> 
     </span>
    </p>
   </div>
   <div class='ocr_carea' id='block_1_20' title="bbox 279 4117 1273 4206">
    <p class='ocr_par' dir='ltr' id='par_1_25' title="bbox 279 4117 1273 4206">
     <span class='ocr_line' id='line_1_70' title="bbox 279 4117 1273 4206; baseline 0.022 -38"><span class='ocrx_word' id='word_1_445' title='bbox 279 4117 417 4170; x_wconf 81' lang='lat' dir='ltr'><strong>haud</strong></span> <span class='ocrx_word' id='word_1_446' title='bbox 438 4123 491 4173; x_wconf 86' lang='lat' dir='ltr'><strong>in</strong></span> <span class='ocrx_word' id='word_1_447' title='bbox 513 4140 767 4197; x_wconf 85' lang='lat' dir='ltr'><strong>promptu</strong></span> <span class='ocrx_word' id='word_1_448' title='bbox 789 4141 892 4192; x_wconf 60' lang='lat' dir='ltr'><strong>esu</strong></span> <span class='ocrx_word' id='word_1_449' title='bbox 915 4133 1112 4206; x_wconf 79' lang='lat' dir='ltr'><strong>quippe</strong></span> <span class='ocrx_word' id='word_1_450' title='bbox 1128 4137 1273 4190; x_wconf 85' lang='lat' dir='ltr'><strong>nulla</strong></span> 
     </span>
    </p>
   </div>
   <div class='ocr_carea' id='block_1_21' title="bbox 1416 4144 2348 4226">
    <p class='ocr_par' dir='ltr' id='par_1_26' title="bbox 1416 4144 2348 4226">
     <span class='ocr_line' id='line_1_71' title="bbox 1416 4144 2348 4226; baseline 0.027 -32"><span class='ocrx_word' id='word_1_451' title='bbox 1416 4144 1467 4195; x_wconf 87' lang='lat'><strong>8.</strong></span> <span class='ocrx_word' id='word_1_452' title='bbox 1488 4146 1677 4199; x_wconf 75' lang='lat' dir='ltr'><strong>Posset.</strong></span> <span class='ocrx_word' id='word_1_453' title='bbox 1699 4151 1859 4203; x_wconf 57' lang='lat' dir='ltr'><strong>Cam.</strong></span> <span class='ocrx_word' id='word_1_454' title='bbox 1873 4191 1891 4219; x_wconf 87' lang='lat'><strong>.‚</strong></span> <span class='ocrx_word' id='word_1_455' title='bbox 1911 4168 2107 4226; x_wconf 76' lang='lat' dir='ltr'><strong>potest.-</strong></span> <span class='ocrx_word' id='word_1_456' title='bbox 2131 4161 2253 4213; x_wconf 86' lang='lat' dir='ltr'><strong>item</strong></span> <span class='ocrx_word' id='word_1_457' title='bbox 2269 4183 2348 4218; x_wconf 68' lang='lat' dir='ltr'><strong>m·</strong></span> 
     </span>
    </p>
   </div>
   <div class='ocr_carea' id='block_1_22' title="bbox 280 4200 2208 4300">
    <p class='ocr_par' dir='ltr' id='par_1_27' title="bbox 280 4200 2208 4300">
     <span class='ocr_line' id='line_1_72' title="bbox 280 4200 2208 4300; baseline 0.022 -52"><span class='ocrx_word' id='word_1_458' title='bbox 280 4215 486 4266; x_wconf 74' lang='lat' dir='ltr'><strong>prorsus</strong></span> <span class='ocrx_word' id='word_1_459' title='bbox 501 4200 658 4256; x_wconf 85' lang='lat' dir='ltr'><strong>lectio</strong></span> <span class='ocrx_word' id='word_1_460' title='bbox 673 4204 852 4278; x_wconf 75' lang='lat' dir='ltr'><strong>digna.</strong></span> <span class='ocrx_word' id='word_1_461' title='bbox 868 4228 982 4281; x_wconf 82' lang='lat' dir='ltr'><strong>qnae</strong></span> <span class='ocrx_word' id='word_1_462' title='bbox 996 4214 1271 4283; x_wconf 59' lang='lat' dir='ltr'><strong>referatur3</strong></span> <span class='ocrx_word' id='word_1_463' title='bbox 1342 4237 1497 4276; x_wconf 81' lang='lat' dir='ltr'><strong>munt</strong></span> <span class='ocrx_word' id='word_1_464' title='bbox 1519 4227 1678 4279; x_wconf 82' lang='lat' dir='ltr'><strong>modo</strong></span> <span class='ocrx_word' id='word_1_465' title='bbox 1708 4251 1804 4300; x_wconf 82' lang='lat' dir='ltr'><strong>pro</strong></span> <span class='ocrx_word' id='word_1_466' title='bbox 1829 4249 2099 4290; x_wconf 70' lang='lat' dir='ltr'><strong>sumerent.</strong></span> <span class='ocrx_word' id='word_1_467' title='bbox 2200 4275 2208 4284; x_wconf 86' lang='lat'>-</span> 
     </span>
    </p>
   </div>
   <div class='ocr_carea' id='block_1_23' title="bbox 474 4290 524 4358">
    <p class='ocr_par' dir='ltr' id='par_1_28' title="bbox 474 4290 524 4358">
     <span class='ocr_line' id='line_1_73' title="bbox 474 4290 524 4358; baseline 0.02 -19"><span class='ocrx_word' id='word_1_468' title='bbox 474 4290 524 4358; x_wconf 72' lang='lat'><strong>4.</strong></span> 
     </span>
    </p>
   </div>
   <div class='ocr_carea' id='block_1_24' title="bbox 2037 4343 2065 4376">
    <p class='ocr_par' dir='ltr' id='par_1_29' title="bbox 2037 4343 2065 4376">
     <span class='ocr_line' id='line_1_74' title="bbox 2037 4343 2065 4376; baseline 0.036 -1"><span class='ocrx_word' id='word_1_469' title='bbox 2037 4343 2065 4376; x_wconf 69' lang='grc'>3</span> 
     </span>
    </p>
   </div>
  </div>
 </body>
</html>
